1832 3016
120 128 171 159 825

631 123 661 151 S.
683 122 806 151 lSlDORl
828 118 1050 150 ntSPALENStS
1072 121 1223 150 episcopt

1701 120 1754 154 sat

118 187 214 222 incipit
228 186 265 214 illi
279 185 333 220 iam
351 181 478 216 prodesse
493 181 526 207 ad
542 181 664 208 salutern.
687 180 762 214 Quod
777 180 848 207 enim
863 186 909 207 ac·
922 179 950 210 Α
962 186 1071 214 sumus,
1098 180 1159 207 ideo
1183 183 1244 214 post
1266 179 1401 207 lavacrum
1426 178 1570 215 ungimus,
1598 183 1628 208 ut
1653 180 1754 212 Christi

119 233 198 266 cipit,
222 229 338 265 approbo
360 238 366 254 :
392 226 437 253 sed
453 226 514 260 quia
538 226 603 254 foris
628 227 746 260 accepit,
773 226 905 259 improbo.

117 279 185 307 Dum
199 283 287 304 autent
304 274 421 302 venerit.
439 281 491 300 nou
515 277 643 306 mutatur,
667 273 714 300 sed
735 273 906 307 agnoscitur;

117 324 255 351 character
274 324 315 348 est
336 319 406 347 euim
429 319 499 354 regis
520 319 573 346 mei
591 327 663 346 :non
678 326 725 346 ero
741 319 906 354 sacrilegus,

116 369 139 396 si
153 368 257 402 corrigo
270 366 450 399 desertorem,
469 369 496 392 et
510 372 562 391 uon
578 369 653 392 muto
667 364 862 393 characterem.

400 413 512 441 CAPUT
532 413 627 441 xxvi.

414 459 452 485 De
468 458 612 486 chrismate.

152 509 178 534 t.
198 506 353 535 Chrismatis
368 509 531 539 unguentum
547 505 652 539 Moyses
664 505 781 540 primum
797 505 823 532 in
839 504 910 532 Exo-

115 554 166 586 do,
179 553 290 587 jubente
306 551 436 584 Domino,
453 555 479 577 et
493 550 655 585 composuit,
672 555 699 578 et
711 551 841 584 confecit,
857 558 909 586 quo

114 598 193 632 primi
215 599 303 624 Aaron
323 601 350 623 ct
373 597 418 623 filii
442 596 499 631 ejus
522 597 547 623 in
568 598 750 624 testimouium
766 597 910 625 sacerdotii

114 649 141 670 et
155 643 302 670 sanctitatis
318 643 436 677 peruncti
451 647 512 669 sunt
526 642 623 677 (Exod.
637 643 713 678 xxx).
732 643 830 670 Deinde
845 650 911 677 quo-

114 697 167 723 quc
183 695 209 717 et
230 698 306 723 reges
322 690 415 715 codem
434 689 579 716 chrismate
595 690 781 722 sacrabantur,
799 689 871 716 unde
885 694 910 717 et

115 737 203 762 christi
226 735 307 771 463
333 736 566 768 nuncupabantur,
596 736 664 763 sicut
691 736 819 768 scriptum
845 740 908 762 est:

117 782 206 808 Nolite
221 788 322 817 [anyer-e
337 782 442 809 christos
458 790 524 809 meos
539 782 632 817 (Psoi.
648 790 703 815 ctv,
718 781 768 817 15)
780 802 787 815 ,
802 787 912 817 eratque

116 835 151 854 εο
184 832 303 861 tempore
336 832 435 854 tantum
465 827 492 854 in
525 827 634 862 regibus
666 831 693 854 et
726 827 911 855 sacerdotibus

114 874 226 908 mystica
250 874 356 908 unctio,
379 881 431 908 qua
450 874 573 900 Christus
597 873 781 908 figurabatur;
798 874 868 902 unde
885 879 911 902 et

117 920 205 954 ipsum
226 929 320 948 nomeu
341 928 355 947 a
376 921 519 948 chrismate
539 921 646 948 dicitur.

152 967 179 992 2.
201 967 254 994 Sed
277 972 416 1002 postquam
443 967 573 993 Dominus
596 972 689 994 noster
712 974 791 994 verus
813 975 860 995 rex
883 972 910 995 et

116 1012 243 1039 sacerdos
266 1017 381 1039 aeternus
404 1020 418 1038 a
444 1012 497 1039 Deo
520 1012 597 1039 Patre
618 1012 723 1040 coelesti
745 1020 776 1039 ac
797 1013 910 1047 mystico

115 1063 251 1092 unguento
265 1063 305 1085 est
321 1058 469 1090 delibutus,
486 1059 540 1092 jam
557 1066 610 1085 non
625 1059 710 1085 solum
727 1059 868 1093 pontifices
883 1064 911 1086 et

114 1112 193 1138 reges
205 1125 212 1137 ‚
230 1105 275 1132 sed
294 1105 380 1132 omnis
396 1105 515 1132 Ecclesia
534 1105 661 1133 unctione
676 1106 832 1133 chrismatis
847 1114 911 1133 con-

116 1154 249 1181 secratur,
272 1158 320 1184 pro
335 1158 366 1177 eo
381 1151 450 1185 quod
467 1151 619 1178 membrum
637 1156 678 1179 est
692 1153 785 1180 aeterni
801 1153 870 1187 regis
883 1157 911 1180 et

118 1196 276 1223 sacerdotis.
301 1198 370 1233 Ergo
392 1198 453 1232 quia
475 1206 559 1232 genus
583 1198 751 1226 sacerdotale
773 1204 800 1226 et
820 1200 910 1234 regale

151 1263 214 1290 Cn».
236 1271 310 1290 xxvi.
333 1264 363 1291 N.
392 1265 416 1291 t.
439 1265 508 1297 Alii,
525 1266 608 1300 ipsum
629 1274 721 1293 nomen
740 1275 755 1293 a
775 1267 911 1294 chrismate

116 1299 220 1325 ductum
234 1303 279 1325 est.
297 1300 386 1326 Anev.

150 1334 214 1361 Car.
237 1341 322 1361 xxvtt.
344 1334 376 1360 N.
399 1335 423 1361 t.
446 1335 501 1362 lloc
516 1340 558 1362 est
578 1342 656 1369 caput
673 1337 795 1364 ultimum
813 1338 838 1364 in
855 1339 911 1371 ple-

114 1369 206 1403 risque
229 1370 427 1403 exemplaribus
449 1378 513 1397 mss.
537 1376 562 1398 et
582 1372 671 1399 editis.
697 1373 749 1400 Sed
772 1373 842 1406 apud
866 1373 909 1399 Bi-

114 1412 218 1438 gnaeum
235 1409 261 1430 et
278 1405 412 1431 Breulium
429 1410 488 1439 post
504 1406 553 1432 hoc
570 1411 663 1440 caput,
680 1409 751 1442 quod
767 1409 867 1434 ‹lesinit
882 1409 908 1434 iu

114 1438 204 1466 verbis
229 1439 296 1471 illis,
323 1440 365 1474 qni
385 1442 442 1475 jam
469 1441 603 1475 baptizatis
630 1444 758 1469 traderent
782 1443 911 1477 Spiritum

114 1479 245 1506 sanctum,
268 1475 317 1501 alia
340 1475 393 1501 ‹iuo
416 1475 502 1509 capita
526 1477 670 1510 adduntur,
695 1486 754 1511 quae
779 1478 822 1504 hic
848 1478 911 1504 sub-

113 1513 204 1535 necto.
215 1524 250 1528 —
262 1510 300 1536 De
311 1510 441 1544 suffroqit's
466 1510 599 1539 Ecclesiae.
614 1522 622 1538 ι
635 1514 710 1540 Sicut
735 1514 853 1547 pertinet
875 1513 909 1539 ad

116 1544 215 1571 divinae
235 1545 345 1578 justitia}
365 1546 535 1573 severitatem
558 1553 668 1582 propter
683 1549 796 1575 venialia
813 1548 909 1581 punire

118 1578 260 1612 homines,
286 1581 319 1606 ita
342 1581 457 1614 pertinet
471 1582 505 1607 ad
521 1582 667 1610 honitatem
686 1584 783 1610 divinae
803 1583 908 1609 miseri-

116 1614 217 1640 cordi-„12
232 1615 339 1642 eosdem
357 1624 404 1650 per
425 1616 551 1651 sutri—agia
573 1619 688 1645 elevare.
714 1618 827 1645 Prosunt
845 1626 909 1652 ergo

114 1649 241 1684 suffragia
257 1650 407 1684 defunctis,
426 1659 478 1678 non
500 1653 532 1679 ad
554 1653 678 1680 meritum
701 1654 762 1680 vitae
782 1658 908 1686 aeternae,

113 1685 159 1710 sed
176 1686 208 1710 ad
225 1685 386 1713 solutionem
403 1695 489 1720 poenae
500 1707 507 1719 ,
524 1692 550 1714 et
566 1688 616 1714 hoc
632 1689 664 1714 ad
681 1696 819 1722 poeuarum
838 1688 909 1715 miti-

112 1720 247 1753 gationem
260 1741 266 1752 ‚
283 1722 324 1748 vel
340 1722 498 1749 celeriorem
515 1722 711 1750 liberationem.
735 1723 803 1750 Sunt
817 1728 908 1750 autem

113 1759 228 1787 quatuor
243 1756 315 1782 modi
330 1756 517 1790 suffragiorum
533 1758 687 1791 generales,
710 1758 742 1784 ad
764 1766 831 1791 quos
851 1766 909 1785 om-

113 1797 161 1815 nes
175 1790 219 1816 alii
235 1791 408 1825 reducuntur,
423 1791 527 1819 scilicet
540 1814 546 1824 ‚
563 1793 660 1825 oratio,
674 1793 821 1827 jejunium,
837 1794 909 1821 elee-

113 1831 241 1858 mosyna,
265 1831 292 1851 et
311 1831 508 1853 sacramentum
530 1827 638 1859 altaris,
653 1835 765 1862 quorum
782 1837 909 1856 numerus

113 1859 152 1885 sic
177 1859 316 1892 accipitur,
343 1861 470 1895 qnoniam
493 1861 635 1889 defunctus
659 1871 674 1889 a
702 1871 779 1896 poena
805 1864 908 1891 absolvi

112 1898 202 1927 potest
220 1894 324 1921 duobus
349 1896 452 1928 modis,
474 1897 577 1924 scilicet
599 1905 646 1931 per
667 1898 737 1925 viam
759 1900 867 1931 gratiae.
883 1904 910 1926 et

115 1936 162 1961 per
178 1930 246 1956 viam
261 1929 384 1964 justitiae.
402 1931 452 1958 Per
468 1932 535 1958 viatn
558 1933 650 1966 gratia:
672 1934 827 1967 dupliciter.
850 1934 909 1961 Pri-

113 1971 177 2003 mo,
196 1972 242 1995 per
256 1966 476 1994 intercessionem
497 1968 630 2001 publicam
653 1969 764 2003 capitis,
787 1977 845 2002 quie
867 1974 909 1997 est

112 2005 143 2038 ιιι
170 1999 305 2027 oblatione
329 2002 397 2028 sacri
425 2002 527 2029 altaris.
550 2003 692 2035 Secundo,
716 2012 763 2038 per
779 2004 910 2032 interces-

114 2039 217 2074 sionem
245 2036 321 2069 quasi
348 2037 479 2070 privatam
509 2039 708 2071 membrorum,
735 2040 837 2067 scilicet
861 2047 909 2074 pet·

116 2074 252 2108 orat-iones
266 2071 408 2102 justorum.
426 2073 555 2099 Similiter
572 2082 618 2107 per
634 2075 704 2100 viam
724 2074 837 2108 justitiae
858 2075 909 2102 du-

118 2103 234 2142 pliciter.
262 2106 368 2138 Primo,
396 2114 444 2140 per
465 2108 573 2134 modum
590 2109 786 2143 redemptionis
800 2118 887 2143 poeuae
900 2131 906 2142 ‚

116 2137 221 2164 scilicet
240 2139 471 2175 eleemosynarum
494 2143 672 2175 largitionem.
696 2145 837 2177 Secundo,
861 2153 909 2179 pet·

115 2171 224 2211 modum
240 2173 379 2212 solutionis
395 2183 496 2208 poenae,
512 2178 615 2204 scilicet
637 2179 663 2204 iu
688 2179 846 2213 jejuniorum
869 2180 909 2206 as-

116 2205 245 2233 sstcttone.
262 2207 290 2247 St
305 2214 392 2235 autem
408 2212 536 2243 quaeritur
556 2213 663 2245 quando
684 2213 793 2248 incipiat
817 2216 908 2242 valere

119 2241 247 2268 defuncto
271 2244 295 2269 td
311 2243 380 2276 quod
397 2252 444 2276 per
464 2252 493 2271 se
507 2246 564 2272 tieri
587 2247 740 2279 mandavit,
763 2250 907 2277 dicendum

117 2277 188 2310 quod
203 2284 270 2311 opus
284 2279 436 2311 operantis,
454 2279 480 2306 id
495 2285 546 2312 est,
563 2282 687 2307 meritum
703 2285 833 2314 auctoris,
849 2290 906 2311 sta-

117 2315 173 2337 tum
191 2314 360 2346 prosequitur
376 2319 539 2341 mortuorum
551 2336 558 2348 ‚
574 2316 608 2342 de
629 2316 706 2342 bonis
726 2325 785 2350 quae
808 2326 909 2352 praece-

116 2346 156 2380 pit
171 2346 228 2373 fieri
245 2355 292 2380 pro
306 2349 394 2375 anima
410 2356 470 2376 sua.
487 2350 539 2378 Sed
555 2357 607 2377 nou
623 2358 690 2384 opus
704 2356 844 2385 operatum
857 2373 864 2385 ,
882 2355 908 2381 id

117 2386 158 2408 est
171 2403 179 2414 ,
193 2381 296 2410 fructus
309 2382 392 2417 ipsius
406 2385 495 2417 operis
505 2405 514 2418 ,
531 2393 667 2420 usquequo
680 2386 745 2413 fiant
755 2408 762 2419 ,
779 2388 840 2420 quia
855 2389 909 2422 pri-

117 2423 190 2443 mum
215 2418 284 2445 valet
309 2426 342 2446 ex
365 2420 461 2446 merito
486 2420 619 2452 absoluto,
640 2421 686 2448 sed
707 2422 854 2449 secundum
875 2431 907 2450 ex

116 2453 213 2479 merito
232 2454 451 2481 conditionali.—
464 2454 581 2487 Quorum
599 2456 723 2496 suffrayia
735 2463 852 2492 prosunt.
866 2458 908 2485 Ad

115 2486 183 2519 hoc,
206 2489 276 2522 quod
297 2490 402 2516 tialeaut
422 2489 565 2525 suffragia,
587 2491 732 2525 requiritur
755 2492 854 2527 aliquid
874 2500 908 2520 ex

116 2528 193 2554 parte
212 2524 332 2558 agentis,
353 2529 379 2552 et
398 2525 496 2559 aliquid
516 2534 548 2553 ex
570 2531 646 2560 parte
660 2527 758 2554 mortui
774 2528 908 2563 recipien-

118 2556 162 2596 tis,
189 2557 230 2585 Ex
257 2563 332 2593 parte
355 2562 459 2595 agentis
479 2562 635 2595 requiritur,
655 2562 727 2596 quod
744 2563 779 2589 sit
797 2562 825 2590 ιιι
843 2563 908 2590 cha-

116 2595 215 2632 ritate,
235 2599 262 2621 ει
281 2595 350 2629 quod
370 2596 546 2623 intentionem
565 2600 640 2624 su'am
667 2597 762 2632 dirigat
785 2598 819 2625 ad
844 2598 907 2626 illos

117 2628 212 2659 quibus
227 2629 298 2662 vult,
315 2634 343 2656 ut
356 2638 437 2664 opera
452 2639 499 2658 sua
516 2631 666 2666 proficiant.
683 2632 904 2667 Distinguendum

118 2665 161 2687 est·
175 2667 279 2698 tamen,
297 2665 368 2699 quod
383 2665 507 2699 suffragia
524 2674 570 2700 pet·
591 2667 691 2694 malum
713 2673 826 2701 possunt
846 2668 906 2697 ιιοιι

118 2695 271 2737 dupliciter,
288 2701 327 2727 vel
341 2708 389 2735 per
407 2706 564 2734 auctorem,
587 2706 614 2729 et
637 2703 677 2730 sic
700 2711 754 2730 non
775 2707 904 2739 prosunt,

118 2737 170 2757 nist
185 2732 253 2768 sorte
269 2741 315 2768 per
327 2735 462 2769 accidens,
475 2737 579 2764 scilicet
593 2736 620 2764 in
631 2742 760 2772 quantum
776 2747 823 2772 pet·
835 2739 906 2767 eleo-

119 2771 244 2801 mosynas
262 2769 323 2796 mali
345 2770 462 2799 hominis
481 2773 633 2799 excitantur
647 2774 710 2802 boni
725 2781 857 2809 pauperes
870 2773 905 2802 ad

118 2801 256 2842 orandum·
264 2810 312 2836 pro
333 2804 483 2839 detotictis;
505 2806 548 2834 vel
569 2812 596 2834 ut
618 2815 665 2842 per
686 2808 857 2844 ministrum,
877 2813 906 2837 οι

119 2838 170 2861 noe
185 2835 336 2872 dupliciter,
348 2840 411 2875 quia
423 2840 464 2868 vel
481 2840 583 2870 faciens
596 2849 654 2876 est,
671 2848 700 2871 ut
716 2844 838 2874 minister
852 2851 901 2880 pu-

926 869 951 900 B

925 1555 947 1586 C

922 2237 948 2266 D

960 226 1067 253 nomine
1082 233 1243 253 censeamur
1258 224 1291 260 (1
1305 224 1378 253 Petr.
1395 233 1413 253 ιι
1424 247 1431 259 ,
1445 226 1486 262 9).

1234 293 1347 322 CAPUT
1367 293 1476 322 xxvtt.

1033 359 1072 387 De
1091 368 1213 388 manuum
1231 362 1409 398 impositione,
1424 363 1464 390 vel
1479 364 1680 397 confirmatione.

999 415 1023 442 1.
1045 416 1097 444 Sed
1122 417 1246 451 quoniam
1271 423 1331 453 post
1355 419 1516 454 baptismum
1543 428 1592 455 per
1615 422 1757 456 episcopos

963 461 1040 488 datur
1062 462 1177 496 Spiritus
1196 468 1305 491 sanctus
1325 471 1385 491 cum
1407 472 1533 492 manuum
1558 466 1728 500 impositione
1741 487 1748 499 ,

963 507 1014 534 hoc
1030 507 1057 534 ιιι
1073 508 1186 536 Actibus
1200 509 1383 543 apostolorum
1404 512 1539 544 apostolos
1554 511 1648 539 fecisse
1662 512 1759 539 memi-

967 556 1066 583 nimus·
1082 556 1128 584 Sic
1143 558 1214 584 enim
1230 558 1347 585 dicitur:
1364 568 1374 584 t
1387 558 1495 586 Factum
1511 564 1568 593 est,
1585 560 1647 587 dum
1663 561 1759 595 Apollo

964 607 1038 629 esset
1060 602 1200 635 Corinthi,
1223 608 1251 630 ιιι
1271 603 1385 636 Paulus,
1403 605 1550 639 peragratis
1571 598 1762 640 superioribus*

965 648 1085 681 partibus
1099 647 1181 682 470
1197 648 1303 675 veuit-et
1321 649 1474 684 Ephesum,
1492 649 1583 684 ibique
1598 657 1658 677 cum
1684 651 1759 677 inve-

966 694 1050 721 nisset
1065 694 1195 729 quosdam
1212 695 1359 730 discipulos
1370 717 1377 728 ,
1395 696 1459 723 dixit
1475 697 1507 723 ad
1524 697 1585 724 illos
1601 705 1607 723 τ
1628 696 1655 724 Si
1675 697 1759 731 Spiri-

965 744 1019 766 tum
1042 744 1164 766 sanctum
1179 741 1323 774 accepistis
1344 741 1503 769 credentes?
1523 742 1556 769 At
1578 742 1616 769 illi
1637 742 1760 769 dixerunt

966 785 998 811 ad
1014 792 1075 812 eum
1090 794 1096 811 2
1115 785 1167 812 Scd
1184 794 1273 820 neque
1288 787 1311 813 si
1327 786 1444 820 Spiritus
1458 791 1567 814 sanctus
1582 791 1638 820 est,
1656 788 1759 814 audivi-

966 840 1037 860 mus.
1053 832 1177 866 Dixitque
1191 833 1249 860 eis:
1275 834 1301 860 ln
1324 841 1376 868 qno
1396 841 1459 868 ergo
1480 833 1605 868 baptizati
1619 834 1706 861 estis?
1726 835 1760 861 At

965 878 1004 906 illi
1018 878 1142 906 dixerunt
1156 888 1161 905 z
1177 879 1207 905 ln
1221 879 1330 906 loannis
1348 879 1519 913 baptismate.
1533 880 1578 907 Ait
1592 886 1680 908 autem
1694 880 1758 908 Pau·

963 925 1024 952 lus:
1053 924 1172 952 Joannes
1196 925 1340 959 baptizavit
1366 926 1499 960 baptismo
1524 927 1688 961 poeniteutiae
1705 927 1757 962 ple-

963 969 1022 996 bem
1035 992 1042 1003 ,
1059 970 1155 997 dicens
1169 971 1196 997 in
1214 979 1274 997 eum
1290 970 1336 1004 qui
1351 976 1479 999 venturus
1495 976 1566 999 esset
1588 977 1648 1005 post
1670 973 1758 1007 ipsum

962 1019 992 1041 ut
1014 1014 1176 1047 crederent,
1201 1015 1252 1042 hoc
1275 1020 1331 1048 est,
1355 1017 1381 1042 in
1404 1015 1495 1043 Jesnm
1515 1016 1661 1043 Christum.
1684 1017 1759 1050 Quod

963 1068 1022 1087 cum
1039 1061 1195 1094 audissent,
1219 1061 1348 1095 baptizati
1363 1066 1426 1088 sunt
1441 1061 1520 1096 471
1539 1062 1565 1088 iu
1581 1063 1690 1090 nomine
1706 1063 1757 1090 Do-

963 1107 1028 1134 mini
1043 1107 1121 1139 Jesu‚
1140 1106 1242 1134 et'cum
1260 1108 1434 1142 imposuisset
1451 1108 1504 1135 illis
1519 1116 1627 1135 manum
1643 1109 1757 1142 Paulus,

963 1154 1035 1180 venit
1054 1153 1168 1187 Spiritus
1188 1158 1295 1181 sanctus
1316 1161 1396 1188 super
1416 1154 1475 1181 illos
1491 1174 1499 1188 ,
1527 1154 1759 1190 loquebanturque

963 1199 1075 1233 linguis,
1092 1204 1119 1226 et
1134 1198 1328 1234 prophetabant
1344 1199 1413 1234 (Act.
1427 1207 1489 1233 ιιι,
1505 1198 1542 1234 l).

962 1267 1046 1293 blicus
1060 1267 1107 1294 Dei
1122 1271 1148 1293 et
1163 1262 1306 1299 Ecclesiae,
1321 1268 1390 1294 sicut
1405 1267 1511 1302 quando
1526 1267 1652 1295 sacerdos
1669 1267 1755 1295 malus

962 1302 1081 1328 celebrat
1105 1303 1230 1334 missam,
1260 1303 1301 1328 vel
1326 1303 1379 1337 agit
1404 1303 1544 1336 exsequias
1571 1307 1735 1330 mortuorum
1751 1323 1759 1335 ,

963 1342 990 1364 et
1010 1338 1072 1363 talia
1092 1345 1199 1370 semper
1219 1343 1348 1371 prosunt,
1371 1338 1433 1372 quia
1456 1338 1555 1364 malitia
1571 1338 1685 1365 ministri
1702 1345 1756 1365 non

964 1377 1043 1398 uocet
1062 1373 1135 1406 operi
1156 1372 1218 1399 boni
1243 1373 1359 1399 auctoris
1371 1394 1377 1406 ,
1405 1372 1475 1399 sicut
1499 1377 1572 1406 patet
1598 1372 1623 1400 in
1647 1373 1757 1400 domino

961 1407 1049 1439 justo,
1078 1408 1159 1434 dante
1187 1407 1385 1441 eleemosynam
1414 1415 1463 1441 per
1489 1408 1600 1435 malum.
1636 1408 1664 1436 Si
1693 1415 1758 1436 vero

963 1442 1026 1469 facit
1056 1449 1086 1468 ea
1116 1446 1143 1468 nt
1170 1442 1293 1468 minister
1321 1442 1432 1475 privatae
1461 1449 1583 1476 personae
1600 1462 1607 1472 ,
1639 1443 1757 1471 existens

965 1482 1052 1503 tamen
1067 1477 1093 1503 iu
1108 1477 1238 1504 charitate
1249 1498 1256 1510 ,
1273 1477 1330 1503 sive
1343 1477 1477 1509 defuncti,
1502 1478 1559 1504 sive
1581 1477 1692 1505 alterius
1712 1485 1758 1505 es-

965 1517 1021 1542 set,
1038 1511 1100 1538 talia
1120 1517 1248 1546 prosunt,
1272 1513 1333 1546 quia
1355 1520 1422 1546 opus
1444 1512 1526 1544 illud,
1550 1513 1612 1540 licet
1633 1512 1667 1539 sit
1683 1520 1757 1540 mor-

966 1552 1038 1574 tuum
1053 1547 1141 1581 quoad
1157 1548 1322 1579 ministrum,
1338 1555 1389 1574 non
1406 1552 1494 1575 tamen
1508 1549 1594 1581 quoad
1608 1553 1756 1576 auctorent.

963 1583 991 1610 Si
1009 1590 1074 1610 vero
1089 1583 1174 1609 malus
1189 1582 1312 1610 minister
1327 1583 1390 1609 l'acit
1405 1583 1491 1617 aliqua
1506 1583 1541 1610 de
1556 1583 1683 1610 mandato
1697 1584 1757 1617 eius

963 1618 1007 1652 qui
1023 1625 1076 1644 uon
1090 1622 1132 1645 est
1147 1617 1174 1644 in
1188 1618 1317 1645 charitate
1329 1639 1336 1651 ,
1352 1626 1404 1644 nou
1420 1622 1541 1652 prosunt.
1555 1618 1661 1652 Aliquid
1674 1619 1755 1646 etiam

963 1653 1078 1687 exigitur
1103 1660 1135 1680 ex
1158 1658 1233 1683 parte
1261 1654 1418 1687 accipientis
1443 1653 1474 1679 ad
1497 1653 1563 1686 hoc,
1586 1658 1615 1680 ut
1634 1653 1758 1688 suffragia

962 1689 1068 1722 prosint
1083 1688 1131 1716 illi.
1148 1688 1267 1715 Primum
1282 1689 1408 1723 estquod
1431 1689 1490 1721 ipse
1512 1689 1547 1715 sit
1567 1689 1593 1715 iu
1614 1688 1757 1716 charitate.

965 1724 1039 1751 Unde
1056 1731 1109 1750 non
1126 1723 1214 1750 valent
1232 1723 1273 1750 his
1288 1723 1333 1758 qui
1350 1729 1411 1750 sunt
1427 1724 1453 1750 iu
1471 1723 1589 1756 ιιιιιϊιιο,
1613 1724 1674 1758 quia
1696 1728 1758 1751 sunt

962 1767 976 1785 a
993 1767 1105 1792 corpore
1120 1759 1220 1786 Christi
1237 1760 1351 1793 mystico
1371 1759 1496 1793 separati.
1515 1758 1590 1786 Unde
1612 1759 1684 1786 nulla
1701 1759 1756 1793 sp't-

962 1795 1064 1821 ritualis
1086 1794 1224 1820 influentia
1242 1795 1361 1828 pervenit
1384 1795 1416 1821 ad
1441 1801 1505 1826 eos,
1529 1795 1598 1821 sicut
1620 1793 1757 1821 influentia

962 1829 1111 1863 corporalis
1128 1837 1181 1856 non
1197 1830 1267 1855 valet
1291 1829 1418 1857 membris
1433 1837 1447 1855 a
1463 1836 1576 1863 corpore
1600 1830 1771 1863 amputatis„

963 1864 1115 1892 Secundum
1135 1869 1176 1891 est
1199 1864 1356 1898 indigentia.
1382 1865 1570 1892 Verumtamen
1594 1872 1646 1891 uon
1668 1864 1756 1892 valent

961 1900 1064 1933 beatis,
1079 1901 1141 1934 quia
1163 1907 1215 1926 non
1236 1904 1297 1926 suut
1313 1900 1427 1934 amplius
1442 1900 1468 1926 in
1484 1899 1543 1932 via,
1560 1900 1607 1927 sed
1624 1900 1651 1926 iu
1665 1899 1757 1926 termi-

961 1942 1014 1968 no,
1032 1942 1082 1961 nec
1097 1939 1210 1966 possunt
1226 1934 1258 1961 ad
1274 1935 1367 1962 altiora
1384 1935 1546 1966 ascendere,
1571 1934 1617 1962 sed
1639 1934 1727 1968 potius
1740 1942 1757 1963 ε

961 1977 1095 1997 converso
1113 1970 1217 1996 illorum
1235 1970 1360 2004 suffragia
1378 1975 1488 2004 prosunt
1503 1970 1591 1996 nobis.
1607 1970 1757 2004 Utrumque

961 2010 1003 2032 est
1018 2005 1044 2032 iu
1062 2005 1102 2031 his
1117 2005 1162 2038 qui
1178 2010 1241 2031 suut
1261 2006 1287 2031 in
1308 2005 1478 2040 purgatorio,
1496 2005 1615 2036 scilicet,
1636 2005 1755 2032 charitas

960 2045 988 2067 et
1013 2040 1168 2074 indigentia.
1198 2040 1275 2067 Unde
1301 2042 1371 2067 sicut
1392 2045 1481 2075 potest
1500 2041 1582 2067 bomo
1602 2041 1756 2068 satislacere

961 2083 1010 2109 pro
1030 2076 1117 2102 altero
1133 2076 1239 2102 vivente
1250 2097 1256 2108 ,
1274 2077 1319 2110 qui
1335 2084 1382 2109 per
1395 2084 1425 2103 se
1441 2084 1493 2103 non
1509 2076 1598 2107 valet.
1615 2075 1651 2102 ita
1666 2079 1756 2109 potest

960 2118 1021 2137 esse
1037 2119 1084 2144 pro
1099 2110 1235 2138 defuncto.
1262 2111 1331 2138 Nota
1346 2111 1417 2146 quod
1435 2110 1561 2145 sutfragia
1577 2114 1689 2145 prosunt
1702 2110 1753 2150 de-

961 2146 1059 2173 functis
1073 2155 1079 2178 ;
1097 2146 1143 2174 sed
1160 2148 1244 2180 magis
1258 2151 1284 2173 et
1301 2147 1388 2173 minus
1405 2154 1451 2180 pro
1467 2146 1624 2173 diversitate
1641 2150 1754 2173 merito-

960 2189 1018 2207 rum
1029 2202 1036 2212 ,
1052 2187 1079 2208 ει
1094 2187 1260 2208 mortuorum
1271 2202 1278 2214 ‚
1295 2183 1334 2208 vel
1353 2190 1400 2215 pro
1414 2181 1543 2216 qualitate
1557 2181 1691 2214 vivorum,
1707 2180 1754 2214 qui

962 2217 1046 2250 magis
1061 2217 1206 2243 sollicitant
1220 2224 1269 2250 pro
1284 2217 1418 2251 aliquibus
1433 2224 1511 2250 quam
1539 2224 1586 2249 pro
1611 2216 1681 2243 aliis.
1709 2215 1755 2243 illa

962 2251 1033 2278 enim
1050 2251 1187 2285 sutfragia,
1203 2259 1262 2285 quae
1275 2252 1452 2286 spiritualiter
1466 2251 1534 2277 fiunt
1550 2259 1597 2285 pro
1610 2250 1753 2285 aliquibus,

962 2287 1023 2319 plus
1037 2287 1125 2313 valent
1139 2287 1191 2313 illis
1205 2293 1284 2320 quam
1297 2286 1368 2318 aliis,
1385 2286 1446 2312 licet
1459 2286 1539 2312 etiarn
1553 2286 1611 2313 aliis
1623 2286 1755 2319 quodam-

962 2321 1042 2347 modo
1057 2321 1298 2348 communicentur.
1321 2320 1450 2355 Suffragia
1466 2327 1545 2352 vero,
1561 2327 1620 2354 quae
1633 2328 1754 2348 commu-

962 2357 1031 2382 niter
1052 2364 1100 2388 pro
1123 2356 1249 2383 deiuncto
1272 2355 1355 2386 liunt,
1377 2355 1499 2389 quamvis
1520 2362 1568 2389 pro
1583 2355 1693 2382 modulo
1705 2363 1755 2384 suo

961 2390 1085 2417 omuibus
1099 2390 1218 2425 prosint,
1235 2389 1288 2416 illis
1305 2395 1392 2417 tamen
1409 2390 1534 2424 amplius,
1557 2390 1601 2425 qui
1620 2390 1683 2418 dum
1703 2398 1751 2419 es-

962 2429 1022 2451 sent
1038 2425 1064 2451 in
1079 2426 1121 2452 via
1135 2445 1142 2457 ‚
1162 2425 1245 2459 magis
1267 2429 1442 2457 meruerunt,
1459 2430 1489 2452 ut
1508 2426 1558 2452 sibl
1581 2426 1750 2461 prodessent.

961 2460 1088 2492 Quamvis
1103 2464 1192 2486 autem
1207 2462 1250 2493 (ut
1262 2459 1360 2487 dictum
1373 2460 1427 2495 est)
1439 2460 1564 2495 suffragia
1579 2468 1632 2489 non
1646 2462 1753 2496 prosint

961 2494 1015 2521 illis
1029 2494 1075 2528 qui
1089 2499 1153 2520 sunt
1169 2495 1196 2521 in
1210 2495 1280 2522 coelo
1293 2514 1300 2527 ,
1315 2503 1366 2522 nec
1381 2496 1432 2523 illis
1447 2497 1492 2529 qui
1507 2501 1570 2523 sunt
1585 2497 1611 2524 in
1627 2496 1750 2531 inferno,

962 2533 1051 2556 tamen
1067 2529 1156 2563 aliquo
1171 2531 1251 2556 modo
1269 2535 1390 2563 prosunt.
1406 2531 1483 2559 Unde
1497 2536 1558 2559 nota
1574 2532 1646 2566 quod
1662 2532 1752 2560 valent

960 2565 1015 2591 illis
1029 2565 1074 2598 qui
1090 2569 1151 2591 sunt
1166 2565 1192 2590 iu
1209 2566 1360 2599 purgatorio
1374 2573 1422 2600 per
1436 2567 1545 2594 modum
1559 2567 1727 2602 purgationis
1741 2575 1750 2600 ;

960 2600 1052 2627 valent
1062 2599 1170 2626 salvatis
1183 2599 1209 2626 ιιι
1221 2601 1290 2627 coelo
1300 2608 1349 2635 per
1355 2601 1463 2629 modum
1472 2602 1680 2637 conjunctionis,
1689 2603 1755 2636 quia*
1774 2611 1775 2617 ¹

960 2634 1147 2666 multiplicatio
1167 2635 1356 2663 salvandorum
1377 2642 1533 2669 augmentat
1547 2638 1660 2673 glot-inm
1676 2638 1749 2665 aeci»
1773 2643 1776 2646 ’

960 2669 1103 2696 dentalem.
1122 2669 1216 2697 Valent
1229 2676 1256 2698 et
1269 2671 1401 2699 damnatis
1417 2672 1444 2699 in
1458 2672 1563 2700 interno
1577 2680 1625 2708 pet·
1638 2672 1749 2701 modun
1766 2683 1771 2686 ·

960 2704 1146 2732 diminutionis
1157 2713 1165 2737 ;
1181 2710 1280 2740 quanto
1292 2707 1364 2734 enim
1380 2707 1471 2741 plures
1483 2707 1622 2735 salvantur
1633 2714 1680 2741 pet·
1691 2716 1749 2736 me·
1770 2715 1774 2718 ⁴

957 2741 1039 2768 ritum
1063 2739 1209 2774 Ecclesiae,
1230 2746 1304 2769 teuto
1325 2742 1466 2776 pauciores
1486 2742 1684 2774 damnabuntur
1697 2745 1766 2776 ςκατ-

959 2775 996 2803 ita
1012 2775 1100 2802 minor
1120 2776 1172 2803 erit
1185 2783 1268 2810 poena
1286 2784 1334 2811 per
1347 2777 1561 2806 subtractionem
1575 2777 1754 2806 conscentiu-

960 2811 1057 2838 lorum.
1073 2810 1166 2839 Valent
1179 2812 1259 2839 etiam
1273 2811 1364 2848 inquis
1376 2820 1423 2847 pet·
1435 2813 1545 2841 modum
1556 2813 1659 2841 morttt.
1670 2811 1755 2846 Μ’

922 2873 926 2876 .
956 2850 1047 2874 autem
1062 2853 1111 2881 pro
1122 2847 1239 2881 parvulis
1249 2846 1382 2876 defunctis
1394 2844 1564 2877 celebrantur
1573 2848 1663 2878 missa
1676 2854 1750 2876 moti-2
1759 2851 1775 2874 ‘s
