1832 3016
154 149 209 178 ⁴95

665 152 695 181 S.
714 153 839 183 ileORi
859 154 1081 187 ntsPALENsts
1101 159 1257 190 episcopt

1737 170 1790 201 tim

149 213 255 244 gentes,
281 215 430 243 provocans
456 215 504 236 eas
527 210 562 237 ad
590 211 697 239 laudem
713 213 782 246 Dei,
805 215 944 243 eumdem·
959 217 1056 247 Astas
1067 219 1127 255 ejus
1152 227 1272 256 potestas
1297 227 1396 251 aeterna
1410 246 1417 259 ,
1434 231 1494 260 quae
1519 225 1739 264 non'aui’eretun
1763 239 1791 259 et

147 261 201 289 que
214 261 352 282 ascensum
365 254 465 281 Christi
480 254 581 283 eisdem
593 256 689 285 iterum
701 259 740 285 sic
749 261 942 294 praenuntians,

148 298 186 325 ait
202 307 208 324 :
228 298 414 331 aequumne,
428 303 530 326 cantate
544 300 608 333 Deo,
621 303 725 334 psallite
740 303 862 337 Domino,
874 306 945 340 psal-

146 343 190 369 lite
202 342 264 375 Deo,
277 344 321 377 qui
332 345 444 371 ascendit
457 354 533 380 super
545 347 620 373 coelos
631 347 751 374 coelorum
759 349 793 375 ad
802 349 941 378 Orientem.

148 387 180 413 Et
196 388 263 415 bene
291 389 448 424 adjecit,ad
473 392 612 425 Orientem,
637 395 698 427 quia
721 394 791 422 idem
816 396 890 423 locus
915 397 942 425 in

148 431 266 460 Orientis
290 435 409 468 partibus
435 441 486 468 est,
513 438 556 464 ubi
581 438 703 466 Christus
729 442 889 477 resurrexit,
915 447 943 470 et

146 480 217 507 unde
232 481 257 507 in
273 482 370 508 coelum
385 483 518 510 ascendit.
532 483 564 510 Et
576 490 634 518 post
651 486 708 512 ltaec
722 487 840 514 subdidit
855 497 861 514 :
884 488 941 515 Visi

142 530 202 552 sunt
226 527 354 561 inyressas
378 529 430 560 tui,
457 529 547 562 Deus,
571 531 701 566 inpressas
728 532 776 559 Dei
802 535 849 561 mei
873 536 940 569 reqis

140 571 257 606 (Psalm.
268 581 349 605 vau,
358 573 415 609 ²25).
429 575 587 604 videntibus
599 578 668 605 enim
681 579 804 607 omnibus
813 581 940 614 apostolis

143 622 224 651 atoue
240 620 393 653 quingentis
407 621 483 655 viris,
498 623 536 649 sic
551 624 671 651 ascendit
686 625 711 651 in
728 625 837 653 coelutn.

173 666 228 700 60
242 667 268 693 6.
286 667 370 701 Hujus
385 670 572 697 ascensionem
587 676 614 698 et
637 671 763 699 Salomon
781 673 806 699 in
822 673 938 702 Canticis

137 713 301 740 canticorum
317 714 445 748 praedicat
469 725 475 742 ε
496 715 563 743 Ecce
583 717 624 743 liic
638 719 705 744 venit
719 739 726 751 ‚
746 719 841 746 saliens
861 729 939 755 supra

137 762 236 783 ntontcs
252 779 260 791 ,
289 760 434 787 transiliens
464 770 542 795 supra
571 764 648 790 colles
681 764 690 799 (
706 764 782 793 Cant.
812 773 831 792 ιι
844 785 851 796 ,
884 766 899 792 8
915 765 936 800 ).

134 803 168 830 Ει
195 805 277 831 Amos
304 806 367 832 dicit
393 815 400 832 :
427 807 579 842 AEdIficavit
604 809 731 837 Dominus
758 811 785 837 in
815 812 876 838 coelo
895 821 937 839 as-

134 859 239 878 censum
260 861 334 879 saum
351 873 359 885 ‚
386 858 411 880 et
438 855 650 887 pollicitationem
675 858 702 883 in
729 862 798 884 terra
823 859 935 892 firmavit

133 896 236 930 (Amos
261 906 305 930 tx,
335 898 385 933 6).
415 899 467 927 Sed
501 906 528 928 et
557 902 638 935 illud,
669 903 739 937 quod
762 911 809 937 per
840 904 1075 950 lsaissmBfffflt,
1096 925 1176 953 mn,
1205 918 1248 953 7„

132 942 263 970 Dominus
277 945 341 971 dicit
357 954 363 971 :
379 945 456 972 Nunc
467 955 613 983 exsurgyam,
629 957 697 975 nunc
709 950 853 983 exaltabor,
863 959 934 978 nunc

136 990 293 1017 sublimabor
314 990 391 1026 (lsai.
419 1000 516 1026 xxxin,
538 994 591 1028 to),
610 995 791 1022 testimonium
812 1003 935 1024 resurre-

135 1035 230 1062 ctionis
249 1041 275 1063 et
286 1038 451 1064 ascensionis
466 1039 565 1065 Cltristi
589 1039 720 1072 declarat,
736 1041 812 1075 quasi
837 1047 930 1075 aperte

134 1080 236 1107 diceret
253 1090 259 1107 :
277 1082 355 1108 Nunc
370 1091 504 1116 exsut-qam
516 1092 531 1109 a
543 1085 663 1117 mortuis,
677 1093 746 1111 nnnc
761 1086 891 1113 exaltabor
906 1088 934 1114 in

128 1127 229 1158 crelam,
242 1136 308 1153 nunc
319 1127 513 1155 sublimabor-in
533 1138 623 1164 rcqno.
641 1130 717 1158 Unde
738 1136 766 1158 et
789 1132 850 1159 alibi
876 1133 933 1167 ipse

132 1173 213 1200 lsaias
230 1182 236 1199 :
254 1174 319 1201 Ecce
334 1175 459 1210 intelliget
470 1184 555 1203 servus
567 1185 646 1210 meas,
661 1178 826 1211 exaltabitur,
841 1184 865 1205 et
876 1179 930 1206 ele-

131 1219 244 1250 valn‘tttr,
259 1225 282 1245 et
290 1221 405 1247 sublimis
412 1222 458 1247 erit
467 1222 540 1248 valde
550 1222 626 1258 (Isai.
637 1231 685 1256 ιιι,
695 1223 833 1258 15).Quod
841 1225 931 1260 utique

130 1265 163 1291 ad
177 1267 362 1293 ascensionem
373 1268 433 1294 coeli
448 1272 475 1294 ct
492 1268 525 1294 ad
539 1268 653 1302 gloriam
665 1269 780 1303 pertinet
790 1271 873 1305 regni.

423 1321 536 1350 CAPUT
556 1324 635 1352 Lvn.

325 1367 404 1395 Sedet
423 1368 457 1394 ad
477 1369 606 1395 dexteram
626 1369 726 1398 Patris.

162 1422 188 1448 1.
204 1421 269 1455 Quia
281 1422 358 1449 sedet
374 1423 405 1449 ad
419 1423 558 1450 dexteram
574 1424 670 1456 Patris,
687 1426 713 1452 in
730 1426 844 1454 Psalmis
855 1428 925 1455 scri—

122 1474 196 1503 ptum
209 1474 250 1496 est
268 1478 273 1495 ;
292 1469 364 1496 Dixit
377 1469 502 1496 Dominus
512 1469 625 1497 Domino
640 1479 695 1498 meo
705 1479 714 1498 .·
726 1472 794 1499 Sede
803 1482 818 1500 a
829 1474 926 1501 dextris

123 1516 203 1548 meis;
224 1515 303 1542 denec
327 1524 420 1550 ponam
441 1517 560 1542 inimicos
579 1521 636 1543 tuos
663 1518 804 1545 scabellum
829 1520 925 1554 pedum

122 1567 224 1588 tuorum
237 1561 323 1597 (Psal.
334 1570 387 1595 crx,
399 1563 438 1596 1).
450 1562 586 1596 inquirant
597 1572 661 1598 ergo
672 1564 756 1591 Judzei
768 1565 810 1592 cui
822 1566 922 1593 (lictum

997 275 1108 302 regnum
1134 270 1192 304 eJus
1204 289 1212 303 ,
1232 270 1304 305 quod
1323 278 1378 299 non
1396 276 1582 308 corrumpetur
1599 283 1608 300 ι
1625 274 1709 310 (Dan.
1734 284 1790 312 vn,

997 313 1062 348 13).
1711 347 1714 349 ,

1031 359 1059 387 2.
1075 360 1132 394 Quo
1145 363 1298 391 testimonio
1315 365 1467 393 ostenditur
1489 367 1525 394 ita
1552 367 1689 403 accepisse
1712 369 1790 398 Citri-

995 409 1064 432 stum
1077 406 1110 433 nh
1122 407 1306 442 omnipotente
1319 409 1376 438 Deo
1390 411 1601 441 dominationem
1618 418 1646 441 et
1663 421 1787 450 regnum,

995 457 1022 479 ut
1038 458 1156 486 potestas
1166 456 1224 487 ejus
1235 461 1335 485 aeterna
1348 457 1393 490 sit,
1410 463 1437 485 et
1451 466 1563 494 regnum
1580 460 1639 494 ejus
1662 462 1722 489 sine
1733 462 1788 490 ullo

993 499 1173 533 corruptionis
1182 501 1234 528 tine
1249 506 1414 535 permaneat.
1427 503 1461 530 Et
1475 504 1573 532 iterum
1588 505 1659 533 idem
1672 506 1765 535 Daniel
1779 516 1787 535 z

995 555 1004 571 ι
1032 546 1060 573 ln
1082 547 1176 575 diebus
1201 549 1255 576 illis
1281 551 1420 578 suscitabit
1448 551 1578 580 Dominus
1603 554 1665 581 coeli
1684 562 1786 589 regem,

991 594 1071 628 quiin
1081 600 1210 623 :eternum
1222 604 1274 624 non
1283 598 1507 632 commovebitur,
1514 605 1541 628 et
1549 608 1659 637 regnum
1668 602 1727 638 ejus
1742 611 1788 638 po-

991 641 1054 675 pulo
1064 642 1141 669 alteri
1153 650 1204 670 non
1214 643 1343 672 tradetur.
1353 644 1486 673 Percutiet
1498 649 1525 673 et
1532 651 1653 675 conteret
1662 649 1787 676 universa

990 693 1082 722 regua,
1100 692 1127 715 et
1151 689 1237 723 ipsum
1262 689 1341 717 stabit
1365 690 1391 718 in
1414 695 1543 719 aeternum
1558 692 1639 726 (Dan.
1655 694 1750 730 ιι,44).

1026 733 1051 759 5.
1070 734 1102 760 Et
1113 734 1195 762 lsaias
1209 736 1338 770 propheta
1360 737 1393 764 de
1410 738 1505 765 eodem
1523 748 1529 765 ι
1554 739 1784 776 Μυιιὶριίσαῠίιαν,

989 777 1083 811 iuquit,
1099 779 1307 814 ejusimperium,
1320 786 1344 807 et
1356 782 1426 815 pacis
1439 790 1491 809 non
1515 783 1562 810 erit
1574 784 1634 819 finis
1656 785 1733 820 (lsai.
1745 794 1783 820 xx,

988 822 1027 858 7).
1045 824 1077 850 Et
1092 825 1117 851 iu
1133 825 1242 858 ps==1mis
1254 827 1292 853 sic
1305 826 1401 862 legitur
1416 836 1423 854 :
1441 828 1545 855 Orietur
1567 830 1594 856 in
1615 830 1703 858 diebus
1729 833 1785 867 ejus

983 868 1098 903 justitia,
1112 877 1134 897 et
1157 871 1318 899 abundantia
1346 874 1433 907 pacis,
1457 875 1536 902 donec
1557 877 1696 904 extollatur
1722 877 1783 905 luna

1272 919 1298 946 id
1317 924 1368 952 est,
1382 926 1466 955 usque
1477 921 1510 948 ad
1525 922 1781 953 consummationem

986 963 1088 990 saeculi.

1277 1011 1390 1041 CAPUT
1411 1013 1479 1041 th.

985 1053 1100 1082 Christus
1124 1061 1181 1091 post
1205 1058 1379 1085 ascensionem
1406 1067 1479 1085 suam
1508 1060 1635 1095 Spiritum
1662 1066 1777 1090 sanctum

1217 1100 1293 1126 super
1317 1095 1447 1128 apostolos
1469 1095 1547 1122 misit.

1019 1135 1046 1162 1.
1062 1136 1129 1169 Quia
1144 1141 1204 1172 post
1215 1139 1401 1167 ascensionem
1418 1147 1493 1167 suam
1508 1141 1638 1175 Spiritum
1654 1148 1775 1172 sanctum

983 1188 1064 1216 super
1079 1185 1215 1218 apostolos
1234 1186 1316 1218 misit,
1337 1186 1419 1213 David
1441 1188 1476 1214 ita
1493 1188 1557 1215 dicit
1581 1197 1587 1215 :
1610 1190 1728 1218 Ascendit
1750 1191 1778 1219 in

982 1229 1073 1262 altum,
1088 1231 1154 1266 cepit
1164 1232 1346 1266 captivitatem,
1358 1234 1429 1261 dedit
1444 1235 1512 1262 dona
1523 1236 1667 1264 hominibus
1689 1237 1776 1274 (Psat.

982 1282 1064 1310 mvn,
1080 1276 1136 1311 19).
1152 1276 1216 1304 Post
1231 1279 1416 1307 ascensionem
1437 1281 1507 1308 enim
1526 1289 1600 1309 suam
1621 1283 1693 1311 misit
1717 1283 1778 1318 Spi-

980 1321 1062 1348 ritum
1077 1327 1199 1350 sanctum
1213 1343 1221 1357 ,
1235 1324 1263 1351 in
1278 1332 1332 1359 quo
1347 1326 1465 1354 omnium
1480 1331 1522 1355 est
1541 1327 1679 1363 plenitudo
1691 1329 1776 1358 dono-

980 1374 1049 1394 rum.

1014 1414 1042 1441 2.
1056 1414 1095 1442 De
1109 1422 1163 1450 quo
1178 1420 1205 1443 et
1227 1423 1274 1450 per
1295 1417 1397 1446 Joelem
1425 1421 1584 1454 prophetam
1607 1423 1775 1451 annuntiavit

980 1459 1073 1487 dicens
1090 1469 1096 1486 :
1116 1469 1126 1486 t
1142 1461 1208 1494 Erit,
1225 1462 1320 1496 inquit,
1342 1468 1402 1498 post
1416 1464 1473 1492 ltaec
1489 1465 1623 1494 effundam
1633 1467 1667 1495 de
1678 1469 1773 1502 spiritu

978 1512 1039 1532 meo
1054 1513 1135 1540 super
1149 1514 1257 1535 omnem
1271 1516 1392 1543 carnem,
1408 1514 1436 1537 et
1447 1511 1643 1546 prophetabunt
1657 1513 1705 1540 lilii
1721 1522 1772 1542 ve-

977 1552 1037 1585 stri,
1049 1557 1077 1579 et
1093 1552 1155 1579 tiliae
1168 1558 1275 1588 vestrae,
1288 1562 1368 1582 senes
1379 1557 1459 1583 vestri
1470 1556 1574 1585 soinnia
1587 1559 1770 1594 somniabunt,

120 1612 161 1634 est
175 1615 188 1633 a
205 1607 317 1634 Domino
333 1608 400 1637 Sede
414 1617 429 1634 α
446 1609 545 1635 dextris
556 1610 760 1644 meis.Nuuquid
775 1611 924 1647 areliauge‘-
937 1601 960 1631 C
978 1601 1005 1623 et
1025 1597 1138 1631 juvenes
1161 1601 1241 1626 vesu}
1267 1600 1382 1629 Vi⁵i⁰¹¹e⁵
1403 1602 1532 1631 ‘'idebun'*
1543 1624 1550 1637 ν
1567 1605 1614 1632 sed
1642 1611 1670 1634 ‘¹⁶¹¹
1691 1614 1772 1642 ⁵⁰90?

122 1653 166 1683 lo?
182 1661 234 1680 non
256 1653 362 1688 opinor,
377 1662 463 1688 neque
478 1656 582 1688 angelo,
592 1663 677 1690 neque
691 1658 837 1692 proplietae.
858 1659 923 1686 Nam

119 1701 208 1727 nullus
221 1709 312 1728 eorum
331 1702 356 1728 in
369 1708 401 1728 ea
416 1701 499 1736 gloria
518 1707 567 1733 est,
582 1703 629 1729 sed
649 1703 693 1730 ille
711 1711 790 1738 quem
813 1705 922 1739 dignum

119 1753 249 1774 consessu
261 1754 310 1773 suo
323 1746 462 1773 invisibilis
478 1746 548 1774 Deus
560 1746 648 1780 habet,
664 1748 708 1775 liic
723 1749 797 1776 sedet
809 1749 841 1776 ad
856 1749 922 1777 dex-

118 1797 205 1818 teram
222 1791 319 1819 Patris.

155 1837 182 1864 2.
195 1837 246 1870 Qui
261 1838 329 1864 sicut
345 1845 473 1865 consessu
489 1838 535 1865 Dei
551 1838 647 1873 dignus
661 1843 714 1873 est,
729 1840 763 1866 ita
779 1844 806 1867 et
822 1845 916 1869 natura

120 1883 216 1917 dignus
231 1887 289 1915 est,
306 1887 332 1909 et
347 1883 464 1910 nomine.
492 1884 529 1910 De
553 1891 606 1918 quo
628 1884 691 1911 dicit
715 1889 741 1911 ct
767 1886 884 1919 psalmus
908 1894 916 1913 ε

118 1929 244 1964 Reqnabit
256 1929 383 1956 Dominus
394 1938 471 1963 saper
486 1938 572 1957 omues
584 1935 669 1965 qenles
678 1952 685 1964 ,
698 1931 767 1958 Deus
789 1933 856 1958 sedit
871 1941 916 1959 zu-

116 1984 162 2010 per
175 1976 258 2003 sedem
271 1981 385 2004 sanctam
400 1985 474 2003 suam
493 1976 579 2010 (Psal.
600 1985 673 2010 vat,
686 1977 724 2012 9).
742 1977 775 2004 Ει
796 1978 892 2005 iterum
906 1987 913 2005 :

117 2022 242 2049 Dominus
253 2023 279 2049 in
291 2023 353 2049 coelo
373 2023 472 2057 parauit
488 2022 573 2049 sedem
589 2031 673 2056 suam,
696 2027 719 2050 et
736 2031 843 2058 reanum
858 2026 915 2060 ejus

118 2068 238 2095 omnibus
252 2069 431 2096 dominabitur
443 2068 530 2103 (Psal.
546 2076 594 2102 cn,
609 2069 664 2103 19).

399 2114 513 2142 CAPUT
534 2115 625 2141 Lvttt.

277 2161 392 2195 Reqnum
403 2160 499 2187 Christi
518 2166 670 2195 perpetuum
692 2162 749 2187 erit.

152 2206 178 2233 1.
192 2206 259 2240 Quia
276 2213 386 2241 regnum
401 2207 459 2241 ejus
475 2207 501 2233 in
516 2206 594 2237 coelo,
605 2210 632 2232 et
645 2206 671 2232 iu
687 2211 757 2233 terra
767 2212 907 2240 aeternum,

114 2260 145 2280 ar:
154 2259 312 2288 perpetuum
320 2252 602 2287 permanebit‚Daniel
617 2251 699 2278 dicit:
716 2263 724 2278 ι
740 2253 866 2281 Videbam
879 2255 905 2282 in

112 2300 218 2327 visione
231 2300 328 2332 noetis,
343 2303 372 2327 et
385 2306 448 2326 cccc
462 2299 514 2334 61
541 2299 567 2325 in
594 2300 709 2327 nubibus
733 2299 804 2332 coeli,
834 2300 911 2334 quasi
926 2295 951 2326 D

112 2346 312 2373 liliusliominis
328 2345 463 2378 veniebat,
476 2349 503 2372 et
527 2353 610 2380 usque
632 2346 665 2373 ad
689 2346 828 2373 Vetustum
852 2347 911 2374 die-

111 2400 172 2420 rum
189 2392 321 2427 pervenit,
333 2397 360 2420 et
376 2392 402 2419 in
417 2396 562 2426 conspectu
587 2392 645 2426 ejus
670 2392 789 2427 perlatus
813 2396 871 2425 est,
884 2395 912 2419 et

112 2438 162 2472 ipsi
182 2432 262 2465 datus'
274 2441 316 2465 est
331 2437 506 2472 principatus,
521 2441 548 2464 et
565 2437 665 2469 honor.
689 2441 717 2464 et
740 2444 862 2471 regnum,
883 2440 912 2463 et

114 2484 202 2511 omnis
217 2484 342 2518 populus,
357 2483 444 2510 tribus
458 2488 486 2510 et
500 2482 598 2518 linguae
619 2483 670 2518 ipsi
690 2482 819 2516 servient,
834 2486 910 2517 pote-

109 2550 188 2582 epist.
206 2550 250 2583 10,
267 2550 404 2582 scribunt;
420 2550 490 2577 unde
503 2550 612 2577 traditio
624 2550 657 2577 ad
673 2549 831 2578 orientalem
849 2549 912 2578 coeli

110 2589 214 2617 partem
235 2593 363 2613 conversa
389 2586 458 2613 l'acie
482 2586 575 2615 orandi
598 2589 679 2619 atque
703 2586 800 2625 templa
825 2585 910 2612 :editt-

110 2620 198 2652 candi,
222 2625 252 2648 ut
279 2621 358 2649 doeet
387 2621 512 2654 Basilius,
541 2621 589 2647 lib.
619 2621 652 2648 de
677 2621 779 2655 Spiritu
803 2624 908 2654 sancto,

109 2660 168 2687 cap.
183 2654 229 2681 27.
245 2656 346 2683 Contra
359 2657 385 2684 in
408 2663 489 2683 cruce
511 2657 644 2691 pendens,
660 2656 755 2684 taciem
778 2655 810 2683 ad
829 2662 908 2696 occa-

109 2695 168 2715 sum
182 2696 341 2718 conversam
354 2692 455 2732 ¹¹³b¹.¹i²·.
471 2695 503 2718 ut
527 2691 663 2726 sedunus,
690 2692 736 2719 lib.
762 2699 776 2719 v
801 2691 907 2719 Carmi-

109 2730 183 2758 num’
199 2726 494 2793 agitffioesikdgbglagtn.
501 2761 614 2793 quadrati
627 2761 723 2821 εοῧίςὶῐ
734 2761 810 2788 orbis.

143 2823 170 2850 6.
186 2823 241 2857 At..
253 2826 280 2853 in
290 2827 364 2861 coeto,
378 2828 422 2856 vel
435 2828 464 2856 in
478 2829 559 2863 coettae,
566 2835 615 2864 pro
626 2828 655 2856 in
666 2801 770 2857 exlium.
779 2827 815 2857 Et
826 2820 904 2865 pter,

107 2865 157 2894 pro
173 2865 268 2886 unus.
284 2861 354 2890 ΜΑι.

145 2891 213 2921 Cu.
228 2900 290 2922 nvn.
306 2895 338 2924 Ν.
351 2896 381 2926 2.
396 2897 458 2934 At„
473 2900 603 2937 omnim,
621 2907 679 2939 pro·
693 2899 820 2929 matus.
834 2896 906 2928 1η.

978 1650 1070 1670 servos
1094 1651 1168 1671 meos
1192 1650 1218 1672 et
1241 1646 1352 1674 ancillas
1367 1648 1393 1674 in
1407 1648 1502 1676 diebus
1518 1650 1571 1678 iliis
1586 1651 1719 1679 effundam
1737 1653 1771 1681 de

976 1691 1075 1724 spiritu
1090 1699 1151 1719 meo
1167 1702 1176 1718 ι
1192 1692 1271 1728 (Joel.
1285 1702 1315 1727 11,
1327 1694 1383 1729 28).
1399 1695 1431 1722 Et
1442 1696 1583 1725 Zacharias
1597 1707 1603 1725 ε
1617 1698 1767 1732 Effundam.

977 1737 1075 1771 inquit,
1091 1746 1168 1773 super
1179 1738 1282 1766 domum
1296 1739 1379 1767 David
1398 1745 1423 1767 et
1441 1750 1518 1777 super
1531 1743 1672 1771 habitantes
1692 1744 1769 1772 Jeru-

973 1784 1054 1810 salem
1068 1785 1188 1819 spiritum
1198 1786 1289 1821 qratioe
1300 1790 1324 1813 et
1335 1795 1439 1821 precum
1450 1787 1542 1823 (Zach.
1558 1797 1610 1825 xit,
1623 1791 1678 1826 10).

1235 1832 1289 1866 62
1308 1832 1422 1860 CAPUT
1444 1833 1502 1860 LX.

1112 1877 1228 1912 Apostoli
1244 1878 1322 1904 variis
1341 1879 1436 1915 linquis
1454 1880 1533 1907 locuti
1552 1887 1622 1910 sant.

1006 1922 1032 1949 1.
1045 1922 1111 1956 Quia
1125 1924 1239 1958 apostoli
1253 1925 1354 1960 Spiritu
1370 1930 1464 1953 sancto
1476 1927 1582 1961 repleti,
1592 1928 1688 1962 linguis
1703 1928 1762 1956 uni-

968 1975 1106 1995 versarum
1119 1969 1237 2003 gentium
1253 1970 1335 1998 locuti
1350 1975 1413 1998 sunt
1438 1973 1570 2006 magnalia
1595 1972 1653 2006 Dei,
1669 1977 1697 2001 et
1710 1973 1760 2002 hoc

966 2018 1029 2041 ante
1053 2016 1260 2049 praenuntiatum
1283 2021 1335 2049 est,
1362 2017 1472 2045 dicente
1499 2017 1637 2046 Psalmista
1651 2027 1659 2046 ε
1679 2028 1688 2046 ‹
1705 2020 1764 2049 Non
1815 2021 1832 2055 ἵ]

965 2065 1029 2088 sunt
1051 2061 1174 2096 loquelae,
1199 2070 1287 2097 neque
1313 2070 1464 2098 sermones,
1489 2071 1601 2098 quorum
1627 2072 1680 2092 non
1709 2073 1759 2092 au-

965 2107 1073 2134 diantur
1088 2115 1167 2136 voces
1182 2116 1286 2137 eorum.
1299 2110 1327 2137 ln
1339 2117 1449 2138 omnem
1464 2115 1562 2138 terram
1578 2111 1661 2139 exivit
1674 2118 1758 2139 sonus

963 2161 1056 2181 eorum
1065 2174 1072 2187 ‚
1084 2159 1111 2182 et
1126 2154 1152 2182 iu
1169 2155 1235 2183 lines
1244 2155 1318 2183 orbis
1326 2156 1408 2184 verba
1417 2164 1511 2184 eorum
1525 2166 1535 2183 ι
1549 2156 1661 2192 (Psalm.
1671 2165 1735 2184 xvtn
1746 2178 1754 2192 ‚

962 2200 1001 2235 4).

1256 2248 1371 2276 CAPUT
1389 2248 1459 2276 th.

1149 2293 1278 2321 Venturae
1298 2300 1335 2321 ast
1352 2295 1386 2321 ad
1398 2295 1582 2330 judicandum.

1002 2339 1028 2366 1.
1041 2339 1117 2373 Quod
1133 2344 1222 2367 autem
1242 2344 1383 2367 venturum
1397 2339 1534 2367 Christum
1549 2339 1583 2367 de
1596 2340 1671 2368 coelis
1684 2340 1758 2375 iudi·
1782 2339 1783 2342 ’

964 2392 1024 2413 cem
1054 2392 1207 2420 speramus,
1221 2390 1248 2413 et
1262 2385 1332 2420 quod
1346 2385 1371 2412 ei
1382 2392 1462 2412 omne
1472 2385 1604 2420 judicium
1616 2385 1688 2413 dedit
1704 2386 1756 2414 Pa-

966 2436 1016 2464 ter,
1034 2438 1081 2466 per
1092 2431 1260 2459 Ezechielem
1280 2431 1315 2459 ita
1336 2431 1510 2458 annuntiatur
1533 2440 1541 2458 2
1567 2440 1578 2457 «
1607 2431 1669 2459 Haec
1692 2431 1758 2460 dicit

964 2476 1096 2504 Dominus
1108 2476 1178 2504 Deus
1197 2485 1203 2503 :
1221 2475 1303 2504 Aut'er
1314 2476 1437 2510 cidarim,
1447 2476 1512 2505 tolle
1519 2483 1756 2512 coronam,nonn·

1012 2544 1078 2572 Cn.
1094 2552 1166 2572 tvnt.
1197 2544 1230 2572 N.
1257 2544 1283 2572 1.
1308 2544 1418 2580 Vulgata
1446 2553 1454 2572 ι
1482 2544 1517 2572 Et
1540 2553 1620 2580 usqtte
1644 2545 1679 2572 ad
1705 2553 1755 2572 an-

964 2580 1066 2616 tiquum
1079 2580 1180 2607 aterum
1194 2581 1314 2613 pervenit,
1329 2585 1352 2607 et
1366 2581 1393 2607 in
1414 2585 1559 2614 conspecta
1573 2581 1628 2614 eiua
1650 2579 1752 2608 obtute-

962 2620 1023 2644 runt
1034 2623 1103 2650 eam,
1119 2621 1142 2643 et
1156 2616 1225 2642 aedit
1242 2616 1267 2643 ei
1285 2619 1448 2651 potestatem,
1466 2621 1491 2643 ot
1509 2615 1643 2650 honorent,
1665 2621 1690 2643 et
1711 2622 1726 2642 r

959 2650 1259 2722 qngrlssfizc'plzssvejus
1273 2694 1324 2714 non
1337 2687 1385 2714 erit
1399 2686 1469 2722 fim’a.
1481 2686 1554 2728 ῌΛκ.
1577 2721 1584 2728 .

992 2722 1058 2748 Car.
1073 2729 1128 2749 mu.
1140 2722 1172 2750 N.
1185 2723 1212 2749 1.
1234 2721 1328 2749 Nonne
1346 2722 1388 2750 Ιιὶε
1403 2726 1441 2750 est
1454 2729 1497 2757 qu·
1513 2721 1621 2749 inmte:
1634 2720 1692 2748 aab!
1714 2752 1717 2754 v

956 2757 1002 2789 uit,
1019 2757 1117 2784 Ezech.
1142 2756 1266 2791 xxi,26;
1291 2758 1342 2786 nisi
1354 2757 1432 2820 §uod
1455 2758 1483 2785 in
1504 2756 1600 2799 linguis
1624 2756 1697 2784 omni

956 2799 1057 2827 genere
1071 2792 1199 2820 teminino
1212 2793 1308 2828 iegitur
1323 2801 1332 2821 ε
1382 2800 1448 2820 onne
1468 2791 1525 2820 ltoec
1540 2795 1647 2827 eatque
1659 2791 1676 2818 Ιι

958 2828 996 2855 ιιι
1009 2826 1156 2856 sublevavit.
1173 2828 1270 2856 verum
1285 2827 1442 2865 flieronym.
1455 2849 1464 2862 ‚
1482 2825 1677 2868 comment-3⁸1
1700 2864 1706 2865 ἶ

958 2862 1059 2927 Ιοιοιιω,
1066 2863 1199 2927 metha
1212 2862 1388 2893 nihilominus
1397 2863 1432 2893 60
1442 2867 1567 2917 οιιιὉιιιι)Ι
1580 2861 1685 2899 1141010,
1638 2895 1642 2902 ,
1726 2894 1732 2898 ,

959 2898 1051 2934 pient.
1321 2918 1324 2922 Α
1446 2909 1467 2914 ==

1272 2960 1361 2970 ...u-0„
