1832 3016
134 181 185 210 ⁶8⁷

657 167 687 195 S.
708 163 832 194 tstuotu
852 160 1073 191 tttst’ttfflNSts
1094 160 1247 190 EPtscopt

1707 162 1762 190 ⁶88

134 238 293 268 intrinsecus
318 234 406 259 autem
434 230 621 262 mysteriorum
650 222 780 257 sapientia
807 220 918 255 fulgent.
934 221 960 250 A
1009 220 1090 256 208
1103 219 1130 247 9.
1146 219 1187 247 Nil
1202 218 1276 247 aliud
1290 219 1344 255 agit
1362 225 1438 246 amor
1465 217 1608 246 mundante
1630 218 1759 253 scientim,

135 284 211 313 Unde
234 285 262 309 et
284 275 448 313 Apostolus:
465 272 615 304 Habemus,
642 270 749 304 inquit,
774 268 922 295 thesaurum

127 325 211 357 'istum
224 327 251 352 iu
264 324 330 351 varic
345 319 464 356 fictilibus
479 317 520 353 (ΙΙ
539 316 598 343 Cor.
612 323 648 348 tv,
664 315 704 349 7).

125 359 127 363 Ι
170 371 197 399 t.
212 372 306 399 Sermo
321 367 419 403 quippe
433 365 481 392 Dei
495 363 629 391 occultum
642 361 722 389 habet
736 360 866 395 fulgorem
881 367 924 387 sa-

134 417 242 454 pientiae
256 420 283 443 et
295 412 414 442 veritatis
429 409 574 445 repositum
590 409 617 436 iu
633 407 776 435 verborum
785 406 922 435 vilissimis

133 462 258 492 vasculis.

163 510 195 538 ⁴5.
209 508 271 536 ldeo
294 505 358 533 libri
382 502 466 530 sancti
489 500 604 535 simplici
630 507 756 527 sermone
779 498 924 533 conscripti

132 559 205 586 sunt,
221 557 315 580 utnon
331 550 357 576 in
382 546 513 581 sapientia
532 545 618 578 verbi,
640 545 687 572 sed
717 545 743 571 in
770 544 924 571 ostensione

132 598 245 634 spiritus
266 593 388 622 homines
407 592 440 619 ad
462 591 541 619 fidem
557 590 766 625 perducerentur
780 588 805 623 (1
818 588 877 616 Cor.
894 596 923 621 ιι,

132 645 172 679 4).
188 644 254 671 Nam
267 642 289 668 si
304 638 438 667 dialectici
449 637 578 664 acuminis
594 636 711 662 versutia
726 639 771 662 aut
783 634 925 662 rlietoricae

133 689 199 717 artis
214 685 367 722 eloquentia
381 684 445 711 editi
466 687 570 715 essent,
595 689 761 715 nequaquam
791 685 926 715 putaretur

134 730 202 762 fi'des
214 732 313 760 Christi
329 731 354 757 in
369 730 417 757 Dei
431 729 539 761 virtute,
555 727 601 754 sed
614 727 641 754 in
655 727 817 762 eloquentiae
833 727 925 754 liuma-

134 789 175 810 nae
199 779 362 815 argumentis
375 776 539 809 consistere3
553 783 602 803 nec
616 783 776 810 quemquam
800 775 925 802 credere-

134 836 193 857 mus
207 828 240 855 ad
257 827 335 854 fidem
349 825 440 852 divino
456 823 628 858 inspiramine
645 822 795 857 provocari,
811 823 857 850 sed
879 829 926 857 po-

137 876 190 903 tius
203 874 346 901 verborum
362 871 508 899 calliditate
521 870 622 897 seduci.

974 268 1026 295 nisi
1037 268 1165 296 extollere
1176 267 1299 294 laudibus
1311 266 1458 294 bominem.
1471 266 1535 292 Nam
1549 269 1648 299 quanto
1659 265 1762 301 majora

975 313 1072 340 luerint
1088 313 1244 341 litteraturoe
1258 312 1358 346 studia,
1376 317 1449 339 tanto
1474 312 1579 339 animus
1601 308 1762 346 arrokantite

974 359 1045 387 tastu
1063 360 1170 388 inflatus
1189 359 1289 395 majore
1312 359 1465 387 intumescit
1483 358 1620 394 jactantia.
1638 359 1714 387 Unde
1737 363 1765 388 et

975 408 1044 435 bene
1060 408 1177 442 psalmus
1188 409 1224 435 ait
1239 417 1245 435 :
1263 408 1330 440 Quia
1345 417 1395 435 non
1409 409 1514 442 coquom·
1529 408 1708 440 litteraturam,
1723 408 1766 435 in-

975 453 1055 480 troibo
1068 453 1095 479 in
1108 454 1233 487 potentias
1249 453 1352 480 Domini
1367 453 1452 490 (Psal.
1467 462 1529 486 Lxx,
1545 453 1600 487 15).

1012 499 1056 526 10.
1071 499 1285 534 simplicioribus
1309 500 1406 527 litteris
1428 508 1480 527 uon
1506 505 1547 527 est
1571 499 1766 534 praeponendus

977 548 1051 574 l'ucus
1063 547 1245 581 grammaticae
1258 547 1333 574 artis.
1346 547 1469 575 Meliores
1484 551 1546 574 sunt
1558 547 1629 574 enim
1645 554 1766 574 commu—

977 601 1024 620 nes
1041 594 1135 619 litterze
1150 593 1211 627 quia
1227 592 1406 625 simpliciores
1435 597 1462 620 et
1477 593 1509 619 ad
1524 593 1608 619 solam
1633 593 1768 619 bumilita-

977 644 1030 666 tem
1047 639 1190 674 tegentium
1206 638 1368 672 pertinentes
1380 660 1387 670 ,
1401 637 1453 664 illat
1466 645 1529 664 vero
1543 637 1693 671 nequiores,
1708 637 1768 671 quia

977 686 1100 720 ingerunt
1116 685 1267 712 hominibus
1291 683 1469 718 perniciosam
1492 683 1589 711 mentis
1613 682 1766 710 elationem.

1015 731 1057 758 ll.
1079 731 1202 758 Meliores
1221 737 1282 758 esse
1305 730 1493 764 grammaticos
1515 737 1593 764 quam
1617 728 1766 756 haereticos.

979 776 1103 804 llaeretici
1126 778 1197 803 euim
1225 776 1350 803 haustum
1376 776 1491 803 lethiferi
1518 775 1590 804 succi
1616 775 1770 802 hominibus

979 822 1161 857 persuadendo
1175 822 1327 857 propinant,
1343 821 1423 856 299
1438 821 1671 856 grammaticorum
1680 825 1768 848 autem

978 868 1099 895 doctrina
1115 873 1203 902 potest
1217 868 1296 895 etiam
1314 868 1443 902 prolicere
1455 868 1489 894 ad
1505 867 1595 901 vitam,
1613 867 1676 894 dum
1689 866 1771 894 fuerit

169 922 195 949 6.
211 921 304 949 Omnis
327 919 463 947 saecularis
485 917 606 944 doctrina
628 916 813 950 spumantibus
838 915 927 942 verbis
941 908 965 939 B
979 915 1005 941 in
1021 915 1145 942 meliores
1159 921 1222 941 usus
1235 919 1382 948 assumpta.

135 975 275 997 resonans,
289 973 319 993 ac
333 973 363 992 se
384 972 432 999 per
446 963 606 997 eloquentiae
630 967 760 989 tumorem
791 961 926 993 attollens,

136 1022 183 1048 per
208 1013 358 1040 doctrinam
374 1010 522 1044 simplicem
537 1013 564 1036 et
593 1009 720 1035 humilem
748 1008 927 1035 Christianam

135 1065 262 1088 evacuata
279 1063 328 1090 est,
346 1058 415 1084 sicut
429 1056 558 1090 seriptum
573 1060 613 1082 est
626 1064 631 1080 t
646 1054 739 1081 Nonne
750 1055 856 1081 stultam
870 1054 928 1088 [ecit

135 1106 203 1133 Deus
214 1105 364 1139 sapientiam
376 1103 452 1138 liujus
465 1100 587 1136 vitiarunt!
601 1100 659 1127 Cor.
673 1108 693 1134 1,
708 1100 766 1135 20)?

172 1155 198 1181 7.
215 1153 371 1181 fastidiosis
395 1155 474 1185 atque
490 1149 646 1183 loquacibus
661 1148 807 1182 scripturae
831 1152 930 1175 sanctoe

137 1201 224 1228 minus
240 1203 347 1233 propter
363 1203 514 1224 sermonem
530 1194 679 1228 simplicem
697 1194 815 1228 placent.
832 1193 930 1221 Gentili

138 1246 211 1273 enim
238 1243 397 1277 eloquentim
424 1246 578 1276 comparata
603 1241 706 1267 videtur
732 1240 784 1266 illis
812 1239 929 1274 indigna.

138 1291 215 1325 Quod
228 1290 250 1317 si
272 1290 359 1316 animo
374 1288 467 1314 humili
487 1287 610 1321 mysteria
627 1287 683 1321 cjus
695 1287 850 1319 intendant,
867 1294 931 1313 cou-

137 1337 226 1364 lestim
241 1335 382 1363 advertunt
397 1341 476 1367 quatu
497 1333 602 1359 excelsa
618 1337 680 1358 sunt
694 1340 752 1366 quae
767 1333 792 1358 in
816 1332 867 1358 illis
880 1331 931 1359 de-

137 1382 262 1418 spiciunt.

175 1427 202 1455 8.
217 1427 243 1454 ln
257 1425 371 1454 lectione
386 1431 438 1450 non
455 1423 544 1454 verba,
561 1423 607 1449 sed
631 1423 730 1449 veritas
744 1427 785 1449 est
806 1423 930 1449 anianda.

139 1474 216 1506 Saepe
237 1477 324 1498 autem
340 1469 471 1504 reperitur
490 1467 647 1501 simplicitas
664 1467 790 1500 veridica,
809 1472 835 1494 ct
859 1476 932 1495 eom-

139 1519 225 1554 posita
241 1518 352 1550 salsitas,
369 1523 429 1550 quic
443 1515 578 1542 hominem
604 1514 658 1540 suis
682 1514 818 1541 erroribus
845 1514 931 1548 illicit,

141 1568 168 1592 et
181 1571 228 1598 per
243 1563 340 1596 tinguae
356 1563 511 1588 ornamenta
525 1559 635 1592 laqueos
649 1557 740 1584 dulces
755 1559 882 1592 aspergit.

174 1664 200 1691 5.
216 1664 261 1691 Sic
276 1665 372 1690 Paulus
389 1663 397 1689 l
413 1664 474 1690 Cor.
489 1671 505 1689 ιι
520 1671 526 1689 :
546 1662 606 1689 Nou
618 1662 644 1688 iu
661 1662 869 1694 persuasibilibus
884 1662 932 1689 hu-

139 1707 222 1727 manoe
237 1700 368 1732 saptentiae
391 1699 487 1730 verbis,
504 1698 546 1724 sed
570 1699 596 1724 in
620 1702 761 1723 ostensthe
784 1698 887 1731 spiritus
911 1703 933 1724 et

139 1735 239 1762 virtutis
250 1754 257 1766 ‚
274 1739 300 1761 ut
316 1734 378 1767 fides
393 1738 474 1760 vestra
490 1741 540 1759 nou
556 1734 586 1759 sit
610 1734 635 1759 iu
651 1733 775 1765 sapientia
790 1733 931 1765 homiuum,

141 1771 185 1797 sed
200 1770 225 1796 in
242 1771 331 1796 virtute
344 1769 400 1795 Dei.
416 1769 522 1795 Lottspt.

177 1806 203 1832 6.
222 1804 351 1830 Humilem
367 1803 428 1830 Chr.
446 1804 481 1830 lta
497 1803 576 1829 Cotti.
594 1803 677 1829 Salio.
695 1808 721 1829 et
736 1802 781 1829 alii
797 1803 859 1829 Mss.
878 1803 933 1829 Ilu-

143 1840 277 1866 militatem
292 1839 461 1865 Christianam
472 1859 479 1870 ‚
496 1838 576 1864 Tom.
595 1838 700 1865 Ltutst.

179 1875 203 1900 8.
215 1875 352 1905 Antl›ros.,
364 1875 442 1906 epist.
456 1873 482 1903 5.
495 1874 526 1899 ael
539 1874 677 1905 Sabinu-n,
689 1874 713 1899 in
724 1873 809 1907 princ.
824 1873 931 1900 homst.

178 1909 206 1936 9.
222 1909 320 1936 Alludit
335 1908 367 1934 ad
383 1909 447 1935 illud
464 1909 536 1935 Pauli
555 1917 560 1934 z
580 1909 693 1935 Scientia
710 1909 799 1943 inflat,
823 1909 934 1935 charitas

143 1945 264 1976 certificat.
281 1944 388 1971 Lotis-t.

177 1979 246 2006 Ibid.
265 1979 362 2006 Ps-nlnt.
379 1987 439 2005 Lxx.
457 1978 505 2005 Ubi
530 1979 641 2005 Basilius
666 1979 759 2012 probat
781 1979 933 2014 Synnnwtti

143 2015 295 2041 versionem
311 2022 318 2040 :
335 2014 463 2046 Quoniam
482 2014 650 2039 adnumerare
674 2022 780 2048 nequeo,
808 2015 935 2046 inqretliur

143 2050 169 2075 iu
182 2050 304 2081 potentias
322 2049 434 2079 Domini,
463 2049 582 2081 quoniam
606 2049 709 2082 politius
731 2054 783 2074 erut
798 2048 884 2075 illud:
901 2050 935 2075 Os

145 2092 227 2111 meum
242 2084 402 2110 annuntiabit
414 2085 541 2119 justitiam
554 2090 634 2110 tuam.
652 2084 712 2109 Here
728 2090 811 2109 antem
826 2085 934 2114 primnis-

145 2119 194 2149 εἰσ,
208 2119 266 2151 quia
280 2120 362 2153 major
373 2123 408 2144 est
420 2118 513 2144 uiribus
525 2118 653 2149 humanis,
669 2119 774 2152 subjecit
788 2127 794 2144 :
809 2119 936 2151 Quoniam

146 2161 328 2179 connumerare
349 2161 463 2187 nequeo,·
479 2154 542 2178 tales
557 2154 624 2178 enim
647 2153 795 2186 Scripturas
821 2162 871 2179 nou
899 2159 935 2180 est

145 2194 238 2213 natura
252 2195 308 2214 mea
322 2192 445 2213 assecuta.
470 2188 586 2213 Attamen
610 2188 742 2221 inqretliar
763 2189 790 2213 in
813 2190 936 2222 potentias

145 2220 260 2254 Domini,
276 2227 303 2247 ut
318 2222 436 2247 ltumanoe
456 2226 555 2247 naturae
580 2222 777 2247 imbecillitatem
793 2224 936 2257 possibilem

145 2256 262 2283 reddam.
289 2255 360 2283 ldem
381 2255 576 2283 Tlteodnretus.
592 2256 771 2290 Augustinus,
792 2258 861 2290 qnod
891 2259 934 2284 alii

145 2290 230 2318 led.
248 2290 345 2318 liabent
360 2291 569 2324 neyotiationem,
584 2291 652 2316 etde
667 2291 814 2317 litteratura
830 2292 936 2319 ltaereti-

148 2333 251 2358 corum,
268 2331 294 2353 et
308 2326 488 2359 negotiatione
501 2325 613 2359 exponit
629 2334 636 2351 :
653 2325 730 2355 Sunt.
745 2326 839 2358 inquit,
851 2328 894 2358 qut
905 2328 936 2353 de

146 2361 261 2388 omnibus
275 2361 373 2393 titteris,
390 2365 441 2387 tum
455 2361 534 2387 sacris
547 2368 621 2392 quam
636 2360 752 2394 profanis
767 2360 935 2393 interpreten—

147 2400 199 2430 tur,
213 2401 241 2423 ut
253 2400 289 2422 est
300 2395 365 2422 illud
377 2395 435 2421 lsai.
451 2403 514 2422 xxix
527 2403 533 2420 :
547 2394 639 2421 Nescio
650 2395 756 2426 litteras,
769 2396 843 2428 quasi
853 2396 932 2428 dicat,

146 2438 200 2458 non
214 2431 278 2457 satis
294 2430 410 2465 intelligo
425 2430 576 2463 Scripturas
589 2437 690 2462 sacras,
706 2437 792 2463 neque
807 2437 832 2455 m
853 2430 934 2457 steria

147 2473 207 2499 quae
222 2466 248 2492 in
263 2472 355 2493 eorum
369 2472 448 2492 sensu
464 2465 552 2491 abdita
564 2465 646 2491 latent
662 2464 794 2498 incognita
810 2472 816 2490 :
844 2465 934 2492 ittera-

146 2505 234 2527 turam
248 2505 325 2527 vocat
339 2500 424 2534 legem
441 2500 539 2535 Moysis
563 2500 589 2526 iu
605 2502 704 2526 cortice
717 2504 744 2526 et
762 2499 849 2526 littera
863 2508 870 2532 ς
890 2507 935 2527 co-

147 2543 277 2570 gnoscere
291 2535 482 2569 interpretatur
495 2535 653 2569 approbare.
666 2534 758 2568 Quasit
771 2534 839 2561 dicat
853 2544 861 2562 :
876 2534 934 2562 Non

146 2570 293 2605 approbavi
304 2569 418 2597 litteram
430 2570 607 2601 occidentem,
625 2570 719 2596 intravi
741 2570 767 2596 in
793 2569 934 2604 potentias,

147 2605 298 2632 viviflmnte
313 2606 407 2639 spiritu
416 2604 461 2631 [ilii
475 2605 532 2636 Dei,
546 2605 702 2632 recolendas
711 2610 791 2639 atque
802 2612 934 2632 annume-

146 2640 256 2673 randas,
267 2640 333 2667 satis
345 2640 411 2667 mibi
423 2640 476 2667 erit
488 2638 609 2667 meditari
623 2645 652 2667 et
665 2639 754 2667 dicere
776 2639 836 2667 aliis
852 2639 934 2667 Deum

147 2675 236 2702 omnia
251 2681 344 2709 posse;
367 2680 396 2703 et
415 2678 470 2703 tota
484 2674 553 2702 ratio
575 2674 636 2702 sacti
661 2675 727 2703 mibi
741 2674 793 2702 erit
814 2674 934 2710 potentia

149 2709 278 2737 lactentis.
295 2709 403 2738 Lausi.

185 2743 228 2771 Η.
244 2744 438 2773 Grammaticos
462 2745 506 2773 hic
523 2749 600 2773 vocat
627 2744 798 2774 Aristarcho·
816 2743 877 2772 illos
888 2744 935 2781 qul

148 2776 198 2804 eibi
211 2778 245 2806 de
254 2779 327 2806 omni
337 2779 458 2808 doctrina
468 2779 596 2815 iudicium
609 2780 794 2814 vendicabant,
808 2786 934 2808 censores

149 2810 286 2845 doctrina,
299 2818 327 2842 et
345 2815 426 2849 styli:
441 2823 554 2851 quorum
568 2820 596 2844 et
609 2815 716 2844 inanem
738 2820 868 2843 tumorem
889 2821 934 2843 re-

150 2845 290 2880 prehendit
313 2848 424 2884 August.
434 2869 443 2882 ‚
458 2849 505 2878 lib.
533 2851 568 2879 tle
595 2849 778 2879 catechizand.
799 2849 931 2882 Rudibus.

149 2885 208 2920 tap-
221 2879 249 2908 9.
259 2880 356 2910 sedata
365 2885 483 2913 monendi
493 2889 553 2914 ruat
561 2885 716 2923 reluctanter,
731 2889 768 2929 at,
790 2883 933 2926 mutate

1271 959 1384 986 CAPUT
1405 958 1475 986 xlv.

1274 1005 1313 1032 De
1327 1005 1474 1032 collatione.

1017 1052 1043 1079 1.
1059 1051 1125 1079 Cum
1141 1052 1176 1079 sit
1195 1051 1268 1079 utilis
1291 1051 1325 1078 ad
1341 1051 1526 1078 instruendum
1550 1050 1641 1083 lectio,
1655 1049 1773 1077 adhibita

981 1103 1070 1125 autem
1099 1097 1243 1124 collatione
1270 1096 1399 1131 majorem
1428 1096 1632 1130 intelligentiam
1660 1095 1771 1130 praebet.

982 1143 1075 1170 Melius
1089 1147 1131 1169 est
1145 1142 1214 1169 enim
1229 1142 1354 1169 conferre
1367 1149 1446 1176 quam
1464 1141 1562 1176 legere.

1018 1188 1046 1215 ⁶2.
1061 1188 1174 1215 Collatio
1189 1192 1278 1215 autem
1294 1187 1489 1214 docibilitatem
1509 1186 1579 1214 lacit.
1597 1186 1662 1213 Nam
1676 1193 1773 1221 propo-

983 1235 1040 1262 sitis
1057 1234 1309 1268 interrogationibus
1335 1233 1468 1260 cunctatio
1491 1240 1581 1260 rerum
1607 1232 1771 1265 excluditur,

983 1284 1010 1308 et
1020 1288 1092 1315 soepe
1103 1280 1297 1315 objectionibus
1309 1280 1395 1306 latens
1406 1280 1503 1306 veritas
1513 1279 1684 1314 approbatur.
1697 1278 1773 1312 Quod

984 1326 1056 1354 enim
1085 1327 1228 1353 obscurum
1254 1330 1299 1352 aut
1323 1325 1433 1352 dubium
1457 1330 1514 1358 est,
1535 1324 1699 1352 conserendo
1720 1323 1773 1352 cito

986 1372 1154 1406 perspicitur.

1020 1419 1047 1445 5.
1063 1419 1172 1445 Multum
1189 1422 1301 1452 prosunt
1316 1418 1341 1444 iu
1358 1418 1502 1445 collatione
1517 1418 1619 1452 ligurae.
1635 1417 1688 1445 Res
1701 1418 1773 1445 enim

985 1473 1044 1500 quae
1060 1465 1147 1492 minus
1164 1471 1209 1498 per
1223 1472 1250 1491 se
1272 1464 1463 1495 advertuntur,
1477 1471 1526 1498 per
1547 1463 1773 1497 comparationem

986 1519 1075 1539 rerum
1093 1511 1171 1538 facile
1194 1510 1345 1543 capiuntur.
1361 1509 1426 1536 Nam
1448 1517 1519 1544 saepe
1541 1509 1590 1536 sub
1613 1508 1703 1543 specie
1725 1508 1774 1535 alia

986 1557 1137 1591 spirituales
1158 1563 1254 1584 causas
1270 1556 1416 1589 Scripturae
1440 1555 1537 1582 divinae
1557 1555 1710 1588 insinuant3
1735 1557 1773 1588 et,

987 1699 1067 1724 verint
1081 1706 1179 1723 morum
1204 1698 1263 1723 vitia
1277 1706 1353 1727 quatu
1367 1697 1496 1723 verborum
1521 1696 1630 1730 amplius
1655 1695 1775 1722 devitare.

987 1734 1020 1760 Et
1037 1734 1148 1759 habetur
1163 1732 1189 1758 d.
1206 1732 1250 1758 58.
1269 1732 1343 1759 Unde
1359 1731 1391 1758 de
1413 1739 1492 1758 sensu
1508 1735 1534 1758 et
1551 1731 1723 1764 intelligentia
1737 1730 1775 1757 di-

986 1768 1107 1795 vinarunt
1127 1767 1286 1800 litterarum,
1304 1776 1355 1793 nou
1372 1767 1406 1793 de
1421 1767 1604 1801 gratumatica.
1619 1764 1775 1792 certandum

986 1804 1064 1830 docet
1082 1803 1126 1829 lib.
1149 1810 1167 1828 ιι
1184 1803 1315 1829 Doctrinae
1331 1802 1443 1834 Christ„
1470 1809 1495 1828 c.
1513 1801 1555 1828 ¹5.
1585 1801 1685 1827 Rursus
1714 1799 1776 1827 utile

986 1846 1045 1866 esse
1061 1842 1294 1872 granuuaticorum
1315 1842 1405 1870 tropos
1429 1843 1595 1870 przeno>cere
1619 1836 1651 1862 ad
1675 1835 1775 1861 intelli-

947 1664 969 1694 C
984 1662 1067 1689 induti
1081 1661 1236 1694 Christiana,
1254 1662 1351 1688 discant
1364 1670 1414 1688 non
1428 1665 1586 1688 contemnere
1605 1668 1667 1693 quos
1683 1667 1775 1694 coquo·
1824 1662 1832 1668 “

986 1874 1101 1909 gentian»
1124 1873 1249 1899 litteralis
1264 1873 1408 1904 Scripturae
1433 1879 1537 1904 seusus,
1562 1871 1640 1898 docet
1662 1870 1708 1896 lib.
1734 1876 1775 1902 ιιι.
1823 1867 1832 1884 ³

986 1916 1044 1935 cao.
1063 1908 1107 1934 29.
1129 1908 1161 1934 Et
1176 1908 1202 1934 d.
1218 1908 1261 1938 57.
1280 1910 1346 1938 l'use,
1362 1908 1411 1934 sub
1426 1909 1532 1933 :nornine
1549 1905 1713 1940 Hieronymi,
1730 1905 1755 1931 in
1769 1912 1776 1931 ι

986 1949 1064 1977 caput
1081 1943 1164 1975 Epist.
1180 1943 1212 1969 ad
1228 1943 1324 1969 Titum.
1342 1942 1371 1969 Si
1385 1943 1450 1976 quis,
1467 1942 1562 1976 inquit,
1579 1946 1657 1967 artem
1682 1940 1776 1967 noverit

986 1979 1186 2013 qrammaticam,
1206 1978 1243 2004 vel
1255 1978 1424 2010 dialecticam,
1439 1981 1466 2003 ut
1488 1983 1553 2003 recte
1566 1975 1685 2011 loquendi
1699 1975 1776 2001 ratio-

987 2022 1043 2039 nem
1056 2013 1155 2044 habeat,
1171 2018 1193 2039 et
1209 2013 1273 2039 inter
1289 2013 1355 2047 [alsa
1366 2017 1389 2038 et
1404 2020 1461 2039 vera
1471 2012 1605 2047 dijudicet,
1617 2019 1668 2037 non
1680 2010 1776 2044 impro-

987 2049 1092 2079 bamus,·
1106 2049 1251 2082 qeontetria,
1266 2054 1287 2074 et
1301 2047 1475 2078 arithmetica,
1491 2051 1515 2073 et
1529 2047 1624 2072 musica
1639 2045 1729 2072 habent
1749 2045 1776 2070 itt

988 2092 1034 2110 sua
1047 2084 1152 2109 scientia
1168 2084 1306 2114 veritatem,
1324 2083 1368 2109 aed
1381 2090 1431 2108 nou
1447 2086 1482 2108 est
1496 2081 1601 2108 scientia
1615 2081 1660 2107 illa
1674 2079 1776 2106 scientia

988 2119 1100 2152 pietatis.
1123 2118 1235 2145 Scieutia
1258 2119 1358 2152 pietatis
1374 2122 1409 2143 est
1424 2125 1495 2143 nosse
1522 2117 1612 2151 quem,
1639 2115 1777 2150 intelligere

988 2154 1133 2187 prophetas,
1151 2153 1291 2187 Evanqelio
1306 2153 1415 2184 credere,
1430 2151 1560 2185 apostolos
1575 2159 1625 2177 non
1640 2151 1776 2186 ignorare,·
1798 2166 1803 2172 .

987 2190 1209 2223 grammaticorum
1230 2193 1315 2214 autem
1337 2188 1454 2214 doctriua
1469 2188 1544 2213 etlam
1559 2189 1639 2220 potest
1654 2185 1778 2219 proficere

987 2226 1019 2248 aa
1031 2223 1117 2254 vitam,
1133 2222 1194 2249 dum
1210 2224 1286 2257 suerit
1301 2224 1327 2249 in
1340 2223 1455 2249 meliores
1472 2230 1533 2248 usus
1555 2225 1695 2253 assumpta.
1716 2219 1778 2247 Cle·

988 2265 1063 2284 mens
1078 2258 1235 2290 Alexandr..
1251 2258 1352 2284 Strom.
1383 2264 1403 2288 ι,
1418 2264 1449 2283 ex
1466 2257 1598 2282 sententia
1623 2255 1773 2288 Eupolemi,
1799 2253 1802 2261 '

988 2292 1067 2318 tradit
1078 2293 1195 2326 Moysem
1208 2293 1321 2325 primum
1335 2293 1415 2318 luisse
1428 2291 1586 2324 sapientem.
1602 2294 1628 2316 et
1641 2296 1776 2323 gramina-

990 2327 1068 2353 ticam
1085 2328 1170 2360 primo
1185 2327 1324 2353 tradidisse
1337 2325 1447 2356 Judoeis.
1459 2330 1486 2351 et
1498 2324 1637 2351 Plioenices
1647 2332 1661 2350 a
1677 2323 1777 2351 Judaets

988 2362 1102 2396 cepisse.
1136 2361 1206 2388 ldem
1241 2361 1352 2387 Basilius
1377 2359 1486 2386 homilia
1513 2360 1579 2396 πρὸς
1605 2359 1666 2388 τοὺς
1691 2359 1774 2388 νέους.

1027 2395 1096 2422 Itu'd.
1113 2396 1170 2422 lloc
1191 2397 1248 2422 loco
1263 2395 1378 2422 lsidorus
1404 2394 1566 2426 moderatus,
1596 2393 1774 2428 prudensque,

988 2434 1018 2456 ut
1028 2431 1065 2457 ait
1078 2430 1232 2462 Venustus,
1248 2430 1334 2456 mollit
1346 2429 1542 2463 quodammodo
1556 2436 1614 2462 qum
1628 2433 1691 2455 aute
1702 2429 1776 2455 dixe-

988 2469 1041 2496 rat,
1054 2470 1081 2492 et
1095 2466 1194 2492 indicat
1207 2472 1259 2498 quo
1275 2465 1327 2492 line
1341 2465 1399 2491 libri
1421 2463 1523 2498 profani
1544 2463 1643 2490 utiliter
1667 2467 1695 2490 et
1715 2463 1776 2492 sine

988 2500 1064 2533 culpa
1077 2500 1127 2534 legi
1143 2500 1256 2534 possint.
1269 2499 1386 2527 Isidorus
1398 2500 1453 2533 ipse
1466 2503 1582 2526 mentem
1594 2505 1669 2525 suam
1680 2497 1774 2532 aperit,

988 2533 1015 2561 in
1031 2534 1165 2567 Exodum,
1181 2542 1239 2569 cap.
1259 2535 1300 2568 16,
1324 2543 1351 2561 n.
1368 2533 1450 2560 2:1n
1470 2542 1544 2566 aura,
1560 2539 1583 2560 et
1606 2538 1720 2568 arpenta.
1743 2539 1774 2567 at}

988 2573 1052 2596 veste
1071 2568 1254 2604 AEqyptiorum
1274 2570 1425 2604 significatae
1438 2573 1498 2596 sunt
1517 2569 1634 2603 quoedam
1654 2567 1710 2596 doct
1728 2566 1735 2574 ”
1773 2587 1778 2592 .-

987 2611 1044 2638 quie
1057 2612 1088 2630 ea:
1107 2606 1163 2636 ipsa
1178 2605 1359 2631 consuetudine
1373 2605 1485 2639 qeutium
1508 2611 1561 2631 nou
1581 2603 1667 2630 inutili
1690 2601 1739 2630 st'
1759 2599 1766 2607 ”
1813 2619 1815 2627 .

986 2639 1131 2702 {iwanum
1147 2638 1239 2668 facite
1248 2646 1320 2667 esset
1333 2640 1384 2667 boc
1398 2643 1584 2674 argumentum
1597 2637 1761 2674 amplillw‘„

1011 2681 1075 2702 aar.

1022 2709 1086 2736 Car.
1103 2717 1159 2738 xtv.
1172 2710 1204 2738 N.
1219 2711 1245 2738 l.
1262 2710 1415 2746 Angustia„
1436 2710 1483 2738 lib.
1508 2717 1528 2737 ιι
1551 2707 1725 2744 solitoqntor
1737 2720 1760 2742 ,μ

987 2752 1041 2772 non
1054 2745 1106 2772 alia
1119 2745 1223 2773 ratione
1237 2745 1333 2773 melius
1348 2745 1488 2774 veritatem
1502 2745 1680 2780 quari-posse
1699 2750 1716 2774 ,1
1725 2743 1766 2776 ’³³⁴2'
1812 2750 1813 2755 ¹

987 2784 1054 2813 mat,
1080 2787 1160 2814 quam
1181 2780 1370 2815 interrogando
1383 2785 1412 2808 et
1433 2778 1639 2840 mmmffnffm-
1653 2778 1713 2817 Etg
1729 2771 1761 2829 ’ξι

985 2815 1115 2881 3⁵⁰²qu
1131 2814 1762 2922 &323t23ffi112·m322.m·

1565 2914 1572 2923 .
1607 2901 1636 2922 ..n
1708 2919 1714 2921 ,
1743 2895 1750 2916 ψ’

1041 2884 1176 2930 .ᾼυᾳιιει.
1190 2885 1270 2914 tradit
1279 2882 1433 2922 disputandi
1450 2886 1573 2913 aarum
