1832 3016
63 213 117 239 rius
131 220 208 246 quam
222 211 317 246 major.
351 211 354 213 ’

79 258 161 293 326
174 258 218 285 tt.
232 257 300 290 Quia
313 262 365 283 non
375 253 490 283 absurde
503 253 588 289 maior
597 253 761 289 appellatur,
773 259 834 287 quie

57 311 167 338 empore
181 303 253 339 prior
264 306 315 330 est.
331 300 409 328 Prior
428 304 470 328 est
489 305 579 329 autem
595 300 620 327 in
637 299 752 327 hominis
772 306 834 326 eru-

42 350 148 378 ‹iitione
163 349 238 378 labor
257 346 318 375 boni
332 349 432 382 operis,
447 355 526 381 quam
549 347 655 382 requies
670 346 835 380 contempla-

57 396 136 423 ionis.
152 394 191 422 Ad
213 401 292 425 unum
307 401 371 429 ergo
387 393 550 420 tendendum
561 414 568 427 ‚
584 393 630 420 sed
652 397 759 427 propter
781 392 835 419 hoc

42 441 128 467 multa
149 438 255 467 terenda
270 443 342 465 suut.
359 437 450 472 ltaque
465 438 525 466 duae
548 443 610 466 sunt
633 446 729 466 uxores
753 438 835 466 Jacob

46 485 153 518 tibet-³23
169 475 377 519 ambae’quippe
397 489 459 511 sunt
474 483 534 511 filiae
558 484 725 512 remissionis
741 492 836 520 pecca-

43 539 141 563 torum,
159 530 210 557 boc
221 532 273 562 est,
289 529 474 561 dealbationis,
491 529 561 564 quod
575 534 614 557 est
630 529 732 557 Laban-

78 575 123 604 ¹2.
145 574 335 603 Verumtamen
362 583 412 602 uua
433 579 555 607 amatur,
584 576 666 602 altera
692 575 833 603 toleratur.

36 617 96 650 ‘Sed
109 627 169 656 quae
185 621 325 654 toleratur,
337 620 409 655 prius
425 620 481 655 ipsa
496 626 521 648 et
538 621 646 648 uberius
659 620 817 648 secundatur
827 640 834 653 ,

40 671 74 695 ut
85 667 108 694 si
123 674 175 693 non
192 670 301 701 propter
320 666 436 701 seipsam
447 686 455 700 ,
471 671 544 694 certe
559 670 669 701 propter
691 665 761 693 filios
776 666 836 693 dili-

0 726 1 729 =
38 714 130 748 gatar.
152 711 270 739 Labores
293 711 366 739 enim
391 711 523 746 justorum
551 711 696 738 maximum
720 710 835 738 fructum

35 757 142 785 liabent
161 757 189 784 in
206 757 245 784 eis
260 764 326 792 quos
339 764 422 792 regno
438 757 484 784 Dei
498 762 637 792 generant,
653 757 724 784 inter
740 756 836 784 multas

36 803 206 831 dentationes
220 807 247 831 et
262 802 449 831 tribulationes
465 802 633 838 praedicando
650 802 834 837 Evangelium,

34 893 125 927 iplagis
140 900 220 927 supra
245 893 367 926 modum,
390 893 416 919 in
444 893 575 920 mortibus
600 893 709 927 saepius,
727 897 837 928 propter

39 944 107 972 quos
124 938 223 966 habent
236 938 300 966 foris
316 946 428 973 pugnas,
445 938 516 966 iutus
532 938 653 972 timores,
666 939 793 973 gaudium
809 943 837 967 et

34 990 169 1012 vcoronam
185 992 260 1012 suam
275 990 383 1012 vocant.

81 1030 124 1056 15.
141 1030 294 1058 Nascuntur
306 1036 394 1059 autem
409 1031 449 1059 eis
469 1031 573 1059 facilius
592 1037 673 1067 atque
701 1033 837 1066 copiosius

36 1083 77 1103 eit
92 1075 138 1103 illo
152 1083 276 1104 sermone
291 1077 352 1104 fidei
372 1084 425 1112 quo
439 1078 585 1112 praedicant
598 1078 733 1104 Christum
750 1079 836 1104 cruci-

34 1121 137 1148 fixum.
153 1121 252 1150 Rachel
278 1127 367 1150 autem
384 1123 454 1150 clara
480 1127 588 1157 aspectu
615 1128 704 1150 mente
728 1124 837 1151 excedit

42 1168 108 1200 Deo,
125 1173 152 1196 et
164 1169 272 1197 videtin
285 1169 415 1204 principio
429 1169 545 1197 Verbum
562 1170 642 1197 Deutn
655 1169 724 1203 apud
741 1169 834 1203 Deum,

44 1218 72 1241 et
84 1215 139 1241 vult
153 1222 256 1248 parere,
272 1219 299 1242 et
314 1223 365 1242 non
380 1219 477 1249 potest,
490 1215 549 1250 quia
566 1216 764 1250 generationem
777 1215 835 1250 ejus

43 1259 102 1294 quis
117 1260 270 1287 enarrabit?
285 1259 402 1294 ideoque
421 1260 618 1294 contemplandi
644 1260 697 1287 otia
721 1260 831 1294 appetit,

39 1310 69 1332 ut
84 1306 249 1334 divinitatem
264 1306 424 1334 ineffabilem
440 1312 544 1334 cernat.

78 1352 122 1379 Μ.
142 1351 243 1379 Vacare
258 1351 312 1378 vult
325 1352 359 1379 ab
372 1351 445 1378 omni
461 1351 576 1386 negotio,
599 1355 626 1378 ct
640 1351 699 1379 ideo
719 1352 830 1386 sterilis,

39 1397 101 1431 quia
126 1398 152 1424 in
169 1398 247 1425 variis
263 1398 396 1433 pressuris
412 1406 463 1424 non
485 1398 620 1426 subvenit.
636 1398 688 1425 Sed
715 1398 776 1432 quia
804 1402 832 1425 ct

40 1443 96 1477 ipsa
111 1443 243 1471 interdum
264 1443 423 1478 procreandi
450 1443 580 1471 charitate
603 1443 758 1476 inardescit,
774 1444 831 1470 vult

28 1488 108 1516 ·ettim
122 1489 218 1517 docere
231 1489 302 1524 quod
314 1490 396 1522 novit,
408 1490 481 1517 videt
496 1497 614 1517 sororem
631 1489 723 1517 labore
734 1489 830 1525 agendi

29 1587 98 1607 «rere
111 1579 231 1609 homines
245 1580 278 1608 ad
293 1588 353 1608 eam
368 1580 494 1608 virtutem
510 1589 560 1615 qua
572 1588 666 1608 eorum
683 1581 831 1608 necessita-

28 1625 107 1653 ·tibus
118 1626 276 1659 consulitur,
288 1634 366 1661 quam
379 1626 412 1654 ad
429 1627 502 1654 illam
519 1627 588 1655 unde
603 1627 722 1655 divinum
733 1627 831 1662 aliquid

28 1669 156 1698 ·dseitur.
753 1690 756 1694 -

74 1716 117 1742 ¹5.
131 1715 180 1743 llic
188 1716 264 1744 dolor
279 1716 406 1750 figuratus
417 1717 523 1744 videtur
534 1717 560 1744 in
571 1725 604 1745 eo
617 1718 688 1752 quod
702 1719 830 1753 scriptum

28 1765 79 1788 ·est
94 1769 100 1787 ε
116 1760 149 1787 Et
163 1761 254 1789 zelavit
267 1762 363 1789 Rachel
383 1771 495 1790 sororem
515 1772 598 1790 suam.
627 1763 742 1792 Proinde
770 1766 831 1800 quia

30 1814 123 1840 purus
137 1806 292 1835 intellectus
306 1808 454 1842 spiritualis
468 1809 623 1837 substantia:
645 1811 735 1837 verbis
751 1819 831 1839 carne

27 1853 117 1880 «editis
132 1853 245 1888 exprimi
261 1862 314 1881 non
329 1859 427 1888 potest,
447 1855 521 1889 eligit
545 1856 666 1883 doctriua
692 1857 831 1892 sapientiae

40 1905 88 1932 per
101 1897 236 1932 quaslibet
251 1906 397 1933 corporeas
419 1899 610 1928 similitudines
629 1906 764 1936 utcunque
786 1910 832 1930 co-

41 1943 148 1976 gitanda
166 1943 301 1971 insinuare
314 1943 415 1979 divina,
430 1945 499 1972 sicut
518 1946 597 1981 elegit
611 1946 711 1974 Rachel
726 1955 757 1975 ex
774 1948 832 1975 viro

38 1995 88 2016 suo
101 1993 130 2016 et
141 1989 235 2017 aneilla
248 1990 385 2025 suscipere
396 1990 475 2024 titios,
487 1998 566 2026 quam
575 1992 632 2020 sine
646 1992 708 2020 titiis
722 1994 832 2021 omnino

39 2041 159 2062 manere.

74 2080 153 2116 327
170 2080 213 2108 to.
228 2080 290 2108 Bala
304 2080 412 2116 quippe,
435 2081 531 2109 ancilla
550 2082 661 2115 Rachel,
676 2083 833 2118 iuterpreta-

41 2131 83 2154 tur
96 2129 245 2154 inveterata.
263 2128 301 2155 De
316 2129 402 2155 veteri
415 2129 512 2164 quippe
524 2128 578 2156 vita
598 2129 749 2156 carnalibus
769 2137 832 2157 sen·

40 2173 112 2200 sibus
125 2173 215 2201 ite-lita
239 2181 378 2208 corporeae
400 2175 570 2202 concitantur
579 2175 709 2210 imagines
718 2196 725 2208 ,
752 2176 832 2202 etiam

41 2263 185 2300 divinitatis
206 2265 324 2293 auditur.
354 2264 473 2300 Suscipit
493 2271 520 2293 et
547 2265 594 2294 Lia
614 2266 651 2294 tie
672 2267 768 2294 ancilla
783 2274 833 2294 sua

42 2308 125 2342 tlttbo,
157 2315 250 2338 amore
278 2310 394 2338 habendi
419 2312 634 2340 numerosiorem
654 2312 757 2347 prolem
788 2319 834 2342 ac-

42 2359 133 2382 censa.
437 2359 448 2368 ·

36 2400 39 2425 i
78 2399 122 2426 fl.
135 2398 288 2430 inv-almus
304 2405 394 2430 autom
414 2402 544 2437 zelpham
569 2403 628 2438 ejus
647 2404 773 2432 ancillam
791 2405 832 2432 in-

41 2445 185 2479 terpretari
198 2453 229 2474 οε
240 2446 328 2481 nonu
342 2453 508 2484 quapropter
521 2448 580 2477 htec
592 2449 688 2477 anciila
707 2457 754 2478 eos
770 2450 834 2486 tigu-

42 2493 208 2526 ratquoruut
224 2491 456 2550 {aprutio-tione
469 2494 531 2523 tidei
545 2497 709 2531 evangelicae
719 2505 751 2526 os
765 2497 832 2531 hiat,

79 2570 124 2599 Μ.
136 2570 176 2599 u
187 2577 269 2601 ιιιιιιιιι
497 2593 508 2608 .
343 2572 561 2613 (cunam-ed
573 2556 677 2610 propter
687 2576 735 2605 ¹·oe
747 2577 831 2607 multo

44 2605 94 2640 for.
108 2613 144 2637 ι..
157 2613 190 2633 ex
209 2572 494 2639 Αιιςᾟιιιιιιιη
436 2616 496 2644 erqo
510 2611 647 2638 tenendum
661 2611 742 2639 multa
755 2612 778 2648 J.
792 2621 815 2640 a.
807 2632 831 2647 .,

43 2640 114 2675 apud
127 2640 243 2668 Eucher.
258 2638 354 2667 Gaui..

79 2674 405 2710 u..⁴1qmpaumdi.ex
419 2676 490 2712 Aug.
503 2676 599 2740 Gaula-

75 2709 149 2775 Β,
132 2710 567 2780 ..emmim-:-
569 2714 832 2801 war-..aaa

118 2779 162 2808 Ιιιι
173 2779 236 2808 dan
244 2787 328 2808 ηοω·
337 2787 354 2807 ι
368 2787 435 2809 msa.
445 2787 479 2813 ο,

15 2774 778 3016 Funmmmummm

12 2914 19 2971 i

81 110 95 140 ι
449 105 672 143 QuAEsrtontEs
690 104 725 137 ΙΝ
745 103 825 135 vm.
846 102 993 154 ‘result
1008 119 1043 127 —
1056 105 1088 136 ΙΝ
1109 104 1268 136 GENEstN.

75 140 202 194 ltacob:
217 164 279 192 Non
291 158 327 192 est
340 163 417 191 moris
429 162 457 191 ἰιι
466 163 515 190 ἠοε
529 162 596 196 loco,
612 165 639 188 ut
652 162 737 188 minor
752 159 830 188 nubat
846 161 871 190 A
884 163 911 187 et
936 167 983 187 cor
1013 169 1065 188 non
1094 160 1158 187 hiat.
1174 160 1214 187 De
1233 160 1331 195 quibus
1352 161 1490 195 scriptum
1509 163 1571 188 est:
1585 161 1680 197 Popu-

617 2897 635 2901 ..
670 2894 688 2906 ‚
801 2885 869 2902 ··-25

1630 104 1686 142 2⁰⁸
1693 134 1700 144 ,

886 205 927 232 ius
952 206 993 232 liic
1007 207 1080 234 labiis
1095 214 1134 234 me
1155 206 1274 239 honorat,
1290 215 1334 233 cor
1356 212 1440 234 autem
1452 215 1540 234 eorum
1555 207 1629 244 longe
1645 211 1683 235 est

886 260 901 277 o
913 260 952 278 me
965 251 1042 288 (Inui.
1057 261 1130 286 xxtx,
1144 252 1193 285 15;
1212 253 1306 279 Manli.
1321 253 1376 288 xv).
1402 253 1434 280 Et
1456 253 1490 282 de
1503 253 1598 289 quibus
1610 253 1684 294 Apo-

886 298 970 324 stolus
985 299 1042 326 ait:
1057 298 1108 332 Qui
1119 299 1243 333 proedicas
1256 307 1306 326 uon
1321 299 1470 334 furandum,
1483 300 1579 334 [uraris
1591 299 1681 342 (Rom,
1699 335 1703 339 ²

887 349 920 376 tt,
941 342 1001 376 2¹).

923 386 968 415 18.
983 387 1175 415 Verumtamen
1190 393 1219 416 ut
1238 389 1320 416 etiam
1341 397 1388 423 per
1412 388 1486 423 hauc>
1500 390 1685 418 conditionem·

887 432 968 459 libera
990 431 1035 459 illa
1061 440 1130 460 uxor
1141 433 1224 460 Jacob
1239 434 1366 461 laborans
1387 434 1455 462 filios
1470 434 1593 462 haeredes
1608 437 1685 471 regni

887 477 1024 511 suscipiat,
1039 477 1099 505 ideo
1121 478 1254 506 Dominus
1273 478 1340 506 dicit
1355 487 1365 506 .-
1389 480 1453 513 Quoe
1463 481 1563 514 dicunt,
1591 481 1685 515 facite,-

886 527 1037 557 quoeautem
1045 523 1153 557 faciunt,
1168 526 1252 558 [acere
1262 523 1542 559 nolite(Moult.xxttt,
1558 525 1685 561 3).‚Unde

887 568 1031 603 Apostolus
1049 577 1055 596 :
1070 568 1140 602 Sive,
1160 569 1257 604 inquit,
1272 572 1416 606 occasione,
1433 572 1596 599 aiverti-itate
1611 571 1686 599 Chri-

887 618 940 640 stus
951 613 1127 645 annuntietur,
1136 618 1158 641 et
1172 615 1199 641 t'n
1208 615 1255 641 hoc
1262 616 1373 650 gaudeo,
1386 616 1431 643 sed
1439 621 1463 643 el
1478 617 1592 651 qaudeoo
1604 616 1683 652 (Pht-

887 659 950 693 lipp.
966 660 1000 694 t);
1018 663 1144 694 tanquam
1155 665 1182 687 et
1196 660 1293 688 aucilla
1305 664 1436 695 pariente,
1452 661 1486 689 de
1500 669 1575 690 orote
1586 669 1683 690 nume-

887 705 992 733 rosiore
1015 705 1133 733 laetatur.

925 751 968 779 t9.
982 752 1032 779 Est
1056 760 1123 780 vero
1138 751 1251 787 quidam
1277 752 1332 780 Liae
1348 752 1419 781 fetus
1432 761 1465 782 ex
1481 753 1611 782 beneficio
1626 754 1686 782 Ra-

887 796 946 825 chel
961 797 1061 831 etlitus,
1077 806 1139 826 cum
1160 799 1248 826 virum
1274 807 1351 827 suum
1378 807 1469 827 secum
1492 800 1584 828 debita
1605 806 1685 829 nocte

39 852 70 875 ει
83 855 129 876 eos
140 853 251 883 propter
261 855 328 883 quos
340 853 402 875 sum
414 848 441 875 in
453 847 589 875 laboribus
605 847 795 880 abundantius,
809 847 835 875 ῑῃ
851 851 874 881 B
889 842 1052 876 cubiturum,
1067 845 1185 879 acceptis
1196 852 1210 871 a
1228 845 1282 872 lilio
1300 845 1356 873 Ltae
1371 845 1582 881 mandragoricis
1596 846 1684 881 malis,

889 896 950 916 cum
965 896 1061 916 sorore
1078 889 1177 917 cubare
1189 891 1322 925 permisit.
1338 891 1408 925 Quid
1420 891 1491 919 enim
1505 892 1539 919 de
1556 891 1685 920 mandra-

889 942 953 969 gora
967 935 1110 963 dicendum
1126 937 1187 964 est?
1201 937 1319 966 Proinde
1334 946 1389 965 rem
1405 939 1523 973 comperi
1533 938 1684 974 pulchram,

890 986 917 1009 et
929 989 1011 1009 suave
1036 982 1167 1016 olentem,
1184 990 1281 1018 sapore
1309 990 1398 1011 autem
1426 984 1551 1018 insipido.
1572 985 1606 1012 Et
1625 986 1686 1013 ideo

890 1026 916 1053 iu
931 1026 978 1054 illo
992 1026 1199 1061 mandragorico
1211 1036 1291 1062 pomo
1303 1028 1412 1063 figurari
1423 1029 1570 1063 intelligam
1587 1029 1686 1057 samam

889 1071 988 1099 honam
1013 1073 1182 1107 popularem.
1200 1073 1278 1101 Unde
1299 1074 1366 1101 dicit
1391 1075 1538 1108 Apostolus
1555 1083 1561 1100 :
1580 1074 1687 1109 Oportet

888 1119 966 1145 etiam
983 1119 1156 1145 testimonium
1171 1118 1264 1146 habere
1275 1119 1370 1146 bonum
1384 1119 1416 1145 ab
1431 1121 1466 1146 eis
1481 1120 1525 1154 qui
1540 1119 1604 1154 foris
1625 1123 1687 1146 sunt

889 1164 916 1199 (1
936 1164 1002 1191 Tim.
1019 1165 1070 1200 ιιι).

923 1211 968 1237 20.
990 1211 1040 1244 Qui
1057 1211 1119 1238 licet
1139 1219 1234 1246 parum
1250 1211 1367 1246 sapiant,
1384 1211 1501 1239 reddunt
1523 1214 1611 1237 tamen
1627 1210 1684 1245 ple-

887 1263 1000 1290 rumque
1025 1256 1110 1284 labori
1137 1264 1229 1284 eorum
1246 1264 1293 1291 pet·
1304 1263 1372 1291 quos
1397 1256 1447 1283 sibi
1474 1254 1634 1288 consulitur,
1657 1258 1685 1283 et

886 1302 1055 1334 splendorem
1081 1301 1178 1334 laudis,
1191 1305 1219 1328 et
1232 1301 1346 1328 odorem
1373 1300 1451 1327 bonae
1467 1300 1612 1334 opinionis.
1626 1300 1682 1328 Nec

886 1346 920 1372 ad
934 1346 1138 1380 istam-gloriam
1154 1346 1309 1380 popularem
1324 1346 1403 1380 primi
1419 1346 1578 1380 perveniunt
1588 1353 1681 1374 eorum

884 1393 1005 1427 quisunt
1022 1393 1047 1419 in
1066 1392 1186 1419 Ecclesia
1200 1413 1207 1425 ,
1230 1393 1282 1419 nisi
1311 1392 1464 1426 quicunque
1493 1392 1520 1419 in
1545 1392 1681 1419 actionum

885 1438 1010 1471 periculis
1026 1444 1053 1466 et
1069 1438 1163 1466 labore
1186 1442 1339 1465 versantur.
1366 1438 1514 1472 Propterea
1539 1438 1594 1464 Liae
1612 1438 1682 1465 lilius

883 1484 952 1510 mala
982 1483 1186 1518 mandragorica
1212 1484 1315 1511 invenit
1336 1483 1431 1510 exiens
1447 1483 1474 1510 ἰιι
1499 1491 1608 1518 agrum,
1631 1483 1682 1510 hoc

28 1538 119 1570 ⁴»atque
133 1534 251 1569 patiendi
266 1535 330 1562 liliis
345 1535 536 1567 abundantem,
549 1540 575 1562 et
586 1534 658 1562 dolet
672 1535 757 1569 potius
768 1542 829 1561 cur·
842 1532 866 1563 C
883 1533 934 1561 ⁸⁵¹,
956 1529 1067 1555 ¹¹⁰”e51e
1081 1528 1220 1555 ssfflbsslfflss
1232 1529 1265 1555 ³1¹
1274 1536 1321 1555 <³0⁵
1332 1529 1376 1563 qui
1392 1528 1457 1555 ‘⁰¹5³'
1469 1531 1542 1555 ⁵⁰¹¹!-

919 1574 963 1600 21.
976 1574 1103 1601 Doctrina
1116 1581 1182 1601 vero
1201 1574 1246 1601 illa
1261 1573 1401 1609 sapientia}
1415 1582 1474 1608 quae
1496 1582 1510 1600 a
1523 1574 1594 1609 vulgi
1610 1578 1681 1602 stre-

885 1620 940 1654 pitu
955 1619 1136 1646 remotissima
1164 1620 1191 1646 in
1217 1619 1446 1653 contemplatione
1462 1619 1583 1647 veritatis
1609 1619 1680 1647 dulci

885 1664 1068 1692 delectatione
1094 1664 1243 1698 defigitur,
1276 1663 1347 1691 hane
1384 1664 1541 1698 popularem
1566 1664 1680 1699 gloriam

883 1710 1148 1744 quantulamcunque
1174 1717 1227 1736 noa
1255 1714 1466 1744 assequeretur,
1494 1710 1546 1737 nisi
1573 1717 1680 1744 percos

883 1757 965 1792 328
975 1757 1019 1791 qui
1036 1757 1061 1783 iu
1074 1756 1170 1783 mediis
1191 1755 1277 1783 turbis
1290 1756 1395 1791 agendo
1415 1764 1446 1783 ac
1471 1757 1613 1784 suadendo
1629 1765 1678 1791 po-

884 1803 954 1836 pulis
979 1807 1112 1837 praesunt‚
1135 1809 1189 1829 non
1217 1807 1245 1829 ut
1270 1803 1402 1836 praesint,
1433 1802 1480 1830 sed
1517 1808 1544 1830 ut
1560 1803 1679 1837 prosint;

884 1849 945 1880 quia
959 1848 1021 1875 dum
1036 1849 1079 1876 isti
1094 1849 1196 1875 actuosi
1213 1851 1241 1875 et
1254 1849 1386 1883 negotiosi
1406 1848 1539 1881 homiues,
1554 1856 1602 1883 per
1615 1856 1682 1884 quos

884 1896 1062 1923 multitudiuis
1081 1896 1289 1923 administratur
1313 1896 1426 1928 utilitas,
1450 1900 1477 1924 et
1493 1904 1608 1930 quorum
1634 1904 1682 1923 au-

883 1943 994 1970 ctoritas
1017 1942 1124 1977 populis
1147 1942 1229 1969 chara
1254 1946 1314 1974 est,
1336 1941 1519 1969 testimonium
1540 1941 1683 1976 perhibent

885 1989 967 2016 etiam
984 1989 1123 2015 remotiori
1139 1989 1213 2021 vitae,
1227 1991 1340 2022 'propter
1352 1987 1468 2014 studium
1490 1979 1682 2022 conquirenda:

884 2040 913 2063 et
941 2034 1159 2068 contemplandae
1189 2034 1312 2061 veritatis
1340 2033 1434 2061 otiosae
1447 2055 1453 2065 ,
1483 2033 1683 2068 quodammodo

884 2081 955 2108 mala
968 2080 1171 2114 mandragorica
1187 2087 1236 2114 per
1251 2078 1326 2106 Liam
1342 2078 1501 2112 perveniunt
1513 2078 1545 2105 ad
1562 2078 1681 2111 Rachel;

884 2127 916 2153 ad
933 2127 1018 2161 ipsam
1045 2133 1109 2152 vero
1138 2125 1213 2152 Liam
1239 2132 1288 2159 per
1314 2123 1397 2151 fllium
1423 2124 1642 2159 primogenitum,
1657 2122 1683 2150 id

887 2177 938 2206 est,
955 2179 1002 2207 pet·
1014 2171 1143 2198 honorem
1159 2169 1331 2198 iecunditatis
1341 2169 1410 2204 ejus,
1426 2170 1452 2196 in
1465 2177 1518 2205 qua
1533 2174 1574 2197 est
1594 2169 1684 2196 omnis

40 2225 100 2247 cum
113 2219 216 2254 aliquid
226 2219 261 2248 de
274 2219 445 2254 spiritualiet
455 2221 667 2248 incommutabili
682 2221 833 2249 substantia
847 2213 875 2245 D
885 2220 991 2250 fructus
1018 2216 1162 2244 laboriosae
1178 2221 1259 2248 atque
1286 2216 1357 2243 inter
1380 2216 1481 2243 incerta
1505 2210 1682 2243 tentationum

888 2264 1065 2300 periclitantis
1079 2262 1202 2291 actionis.

923 2310 968 2338 22.
984 2311 1068 2343 Quam
1085 2309 1206 2345 plerique
1219 2309 1291 2336 bono
1312 2308 1421 2343 ingenio
1444 2306 1560 2342 praediti,
1582 2307 1683 2334 studio-

888 2365 940 2393 que
951 2357 1107 2391 flagrantes,
1122 2356 1245 2390 quamvis
1258 2355 1349 2382 idonei
1365 2354 1491 2389 regendis
1503 2354 1609 2388 populis
1623 2361 1683 2381 esse

888 2404 1003 2440 possint,
1017 2402 1102 2429 vitant
1115 2404 1204 2428 tamen
1218 2404 1328 2435 propter
1342 2398 1510 2427 turbulentas
1522 2399 1680 2441 occupatio-

890 2457 950 2483 nes,
967 2453 993 2476 et
1007 2449 1034 2475 in
1059 2445 1189 2474 doetrinae
1204 2447 1288 2473 otium
1305 2449 1362 2472 toto
1376 2450 1493 2479 pectore
1503 2447 1631 2479 tanquam
1655 2442 1685 2477 itt

890 2494 1021 2531 speciosae
1037 2491 1137 2519 Rachel
1153 2491 1276 2518 teruntur
1287 2489 1452 2525 amplexum.

924 2575 971 2603 18.
986 2574 1088 2601 Sensus
1107 2570 1253 2598 verborum
1267 2570 1384 2598 Hatthaei
1397 2574 1428 2598 er
1450 2569 1525 2598 Pauli
1539 2574 1686 2635 canossa:

889 2615 942 2644 est,
953 2609 1033 2637 verba
1055 2609 1112 2641 ipsa
1127 2606 1300 2648 aliquatenus
1311 2606 1429 2636 xaaittnt.
1438 2606 1528 2636 Auo.
1692 2615 1693 2618 =

925 2647 969 2673 19.
991 2643 1038 2670 Eat
1057 2649 1116 2669 vero
1130 2639 1235 2676 quidam
1255 2640 1310 2669 Lioe
1329 2641 1406 2676 setus,
1419 2649 1453 2669 ex
1467 2642 1536 2676 Aug.
1557 2639 1682 2676 Affectus,

887 2682 955 2744 ”³2⁵¹
961 2679 1122 2749 Gn'tgetm’
1147 2719 1178 2739 ac
1182 2711 1346 2765 audendo.
1379 2711 1416 2750 Aa
1428 2710 1615 2760 ονιιαινφ,
1592 2697 1685 2739 Such

888 2752 985 2814 Gai&
987 2783 1120 2812 Feruntur
1145 2759 1302 2815 conplexum.
1324 2781 1371 2814 lta
1376 2781 1452 2829 Aug:
1459 2780 1613 2830 Ἑνιιιιιιςιις
1624 2765 1702 2829 ᾔ

889 2820 1016 2855 punitae.
1030 2818 1101 2852 Vale,
1102 2816 1241 2847 lwacher-
1239 2814 1342 2845 emt..
1370 2816 1379 2830 ·
