1832 3016
59 136 122 167 ⁸⁸95

464 136 692 173 QUAEsTtoutts
711 139 746 168 ΙΝ
765 139 846 168 Vss'l'.
867 141 1016 171 TESTAM.
1038 156 1072 163 —-
1091 143 1125 172 ΙΝ
1145 142 1266 173 REGUM
1283 145 1303 172 Ι.

1663 132 1718 178 δθι

104 194 132 222 6.
145 195 216 230 Quid
229 203 293 232 ergo
305 195 356 224 sibl
377 195 435 223 vuit
448 195 519 231 quod
533 196 571 224 ait
586 205 594 224 ε
609 197 702 224 Arcum
721 200 862 234 polemium
876 201 902 231 Α
915 204 1078 228 contemnunt
1099 210 1149 233 me,
1173 207 1247 229 erunt
1262 203 1396 238 ignobiles.
1414 203 1482 232 Ecce
1494 205 1547 233 diet
1566 208 1679 241 veniant,
1693 215 1720 237 et

69 242 129 278 [ecit
150 243 292 278 infirmum,
304 247 329 271 et
347 243 444 277 infirmi
462 243 570 271 accincti
589 249 648 272 sunt
669 246 771 279 virtute,
795 246 864 280 pleni

67 288 176 323 partibus
189 289 309 316 adnotati
318 292 390 321 suta,
401 293 425 315 et
435 289 574 317 esurientes
588 291 744 318 transierunt
758 297 862 326 terram,

68 337 129 371 quia
141 335 234 364 sterilis
247 336 343 370 peperit
355 340 461 370 neptem,
478 341 501 363 et
515 337 597 371 setosa
617 338 643 364 in
658 338 720 372 filiis
732 339 863 373 infirmata

67 385 106 408 est
114 381 129 408 t
140 379 271 416 Numquid
283 379 340 414 ipsa
350 385 452 415 septem
466 387 617 415 pepererat,
630 384 751 417 quamvis
763 385 863 412 sterilis

67 426 167 454 fuerit?
179 426 291 454 Unicum
315 426 440 460 habebat,
467 428 575 462 quando
599 429 648 457 ista
672 430 788 458 dicebat.
809 431 862 459 Sed

67 479 118 500 nee
132 476 224 507 postea
236 476 339 507 septem
350 473 465 508 peperit,
479 474 536 501 sive
551 482 608 508 sex,
620 475 717 511 quibus
733 478 863 512 septimus

66 523 139 546 esset
164 517 220 553 ipse
243 518 362 553 Samuel,
389 519 437 548 sed
463 524 518 548 tres
545 529 652 557 mares,
676 527 704 550 et
731 523 797 552 duas
823 524 864 552 se-

65 563 162 591 minas.

99 609 126 636 Ἰ.
139 609 242 638 Deinde
258 611 284 638 in
299 611 344 639 illo
359 613 471 647 populo.
488 622 549 642 cum
563 615 651 643 adhuc
668 623 749 643 nemo
764 625 861 652 regna·

62 658 114 688 ret,
130 656 200 690 quod
218 657 245 684 in
258 662 379 685 extremo
395 659 495 693 posuit,
510 660 554 687 dot
567 661 685 688 virtutem
698 662 800 698 reqibus
814 671 862 690 no-

61 701 133 736 strin,
152 706 176 729 et
190 703 310 730 exaltavit
332 713 411 731 cornu
432 705 526 733 Christi
540 708 590 741 sui,
615 708 687 736 unde
706 709 822 741 dicebat,
839 710 861 738 si

62 754 114 774 non
133 747 326 782 prophetabat?
342 750 418 778 Dicat
432 759 498 786 ergo
510 753 628 781 Ecclesia
639 754 750 788 Christi,
768 756 862 785 civitas

61 792 132 827 regis
153 794 253 828 magni,
277 795 362 830 gratia
386 797 475 831 plena,
493 799 568 832 prole
588 799 701 828 secunda
718 802 774 834 Dei,
791 803 861 837 quod

61 842 136 867 tauto
150 844 212 867 ante
225 841 260 868 de
282 848 313 869 se
329 843 515 877 prophetatum
530 853 576 879 per
595 853 624 873 os
644 846 724 882 hujus
740 848 789 881 pite
805 857 861 875 nta-

916 249 1057 282 proecidam
1080 249 1214 276 brachium
1235 256 1316 283 tuum,
1338 256 1361 278 et
1383 252 1513 280 brachium
1533 255 1623 282 domus
1637 258 1719 292 patris

915 294 963 325 tui,
980 299 1006 320 ut
1020 302 1072 321 non
1086 295 1119 321 sit
1133 303 1212 323 senex
1230 297 1256 323 in
1269 297 1344 324 domo
1362 303 1416 330 tua,
1436 303 1460 325 et
1478 299 1573 327 videtis
1587 300 1719 331 Christum

915 339 1038 367 oemuium
1059 345 1132 367 tuum
1147 342 1174 367 in
1188 342 1281 377 templo
1297 343 1323 369 in
1337 344 1461 370 universis
1482 348 1610 381 prosperis
1623 347 1718 378 Israel.
1755 380 1762 383 A

914 384 980 417 Quae
1005 385 1145 419 prophetia
1170 387 1204 414 de
1224 388 1373 415 mutatione
1393 390 1537 418 sacerdotii
1553 400 1606 420 non
1627 398 1671 422 est
1690 395 1719 423 in

915 429 1041 457 Samuele
1057 432 1202 465 completa,
1220 433 1267 460 sed
1283 433 1450 461 adumbrata.

950 475 977 504 t.
993 476 1059 504 Nam
1077 483 1136 512 post
1146 479 1300 506 Samuelem
1315 481 1474 514 prophetam
1487 487 1580 516 postea
1591 486 1719 514 sacerdo-
1740 476 1753 501 ⁸*

916 528 955 550 tes
971 523 1080 551 luerunt
1094 524 1127 552 de
1141 532 1241 560 genere
1260 526 1362 559 Aaron,
1378 528 1447 554 sicut
1462 528 1578 563 Sadoclt,
1595 535 1622 558 et
1638 532 1719 560 Abia-

915 569 984 602 thar,
1011 575 1140 604 regnante
1165 571 1259 604 David,
1286 577 1314 600 et
1337 572 1380 599 alii
1408 573 1544 609 deinceps,
1573 581 1719 612 antequam

915 619 1020 649 tempus
1035 615 1138 643 veniret
1151 624 1184 643 ex
1198 625 1252 652 quo
1266 617 1315 644 ista
1330 618 1363 645 de
1378 619 1512 647 sacrificio
1526 623 1653 651 mutando
1670 632 1718 659 per
1749 615 1756 632 '⁴

914 658 1049 688 Christum
1063 661 1133 689 effici
1147 664 1301 696 oportebat.

951 705 976 733 5.
992 706 1059 734 Nam
1075 715 1136 735 cum
1151 709 1252 737 diceret
1268 719 1273 736 :
1290 710 1410 745 Loquens
1423 712 1523 740 locutus
1542 723 1608 748 sum,
1625 720 1652 742 ut
1668 718 1717 743 do-

914 760 970 779 mus
985 757 1028 779 tua
1053 758 1075 780 el
1100 754 1191 781 domus
1213 756 1293 790 patris
1317 757 1353 783 tnt'
1372 758 1526 786 ministraret
1540 759 1564 786 in
1580 766 1718 796 conspeetu

913 806 970 825 meo
990 807 1068 832 usqne
1087 800 1114 826 in
1129 801 1321 835 sempiternum.
1339 802 1420 829 Nunc
1443 809 1528 830 antem
1549 805 1612 831 dicit
1628 806 1718 833 Domi-

913 853 962 872 nus
976 854 985 871 .·
997 846 1068 872 Absit
1089 848 1136 873 ltoc
1155 856 1170 873 a
1189 856 1237 880 me,
1252 850 1296 875 sed
1310 850 1453 885 quicunque
1467 850 1651 885 ylarificaverit
1665 862 1716 887 me,

62 885 112 912 tris
125 885 245 919 agnoscit
262 895 267 912 :
285 886 472 922 Confirmatum
487 894 522 916 est
535 899 580 917 cor
599 899 684 918 meum
696 892 722 919 ίη
738 892 860 927 Domum,
877 898 900 927 Β
913 891 1062 926 glorificabo
1077 901 1149 925 eum;
1162 894 1300 928 quinarem
1315 901 1483 923 contemnunt
1494 906 1542 931 me,
1557 904 1630 925 erunt
1642 899 1718 934 iquo-

61 934 85 956 et
97 929 238 958 exaltatum
254 937 290 959 est
309 941 388 960 cornu
400 942 483 961 meum
501 936 528 963 in
543 936 596 963 Deo
610 938 719 964 salutari
735 947 798 966 meo.
816 940 858 966 ln-

60 979 134 1003 terea
156 976 265 1005 Samuel
281 982 341 1006 erat
353 979 509 1009 ministrans
522 982 548 1009 in
575 983 674 1018 templo
694 984 752 1017 Dei,
767 986 859 1013 aecin-

59 1024 117 1048 ctus
130 1022 228 1056 ephod.

95 1067 124 1095 8.
148 1069 232 1097 Porro
252 1070 299 1097 iiiii
325 1071 393 1105 Heli,
418 1072 509 1100 divina
532 1074 664 1102 sacrificia
684 1080 857 1110 temerantes,

59 1115 206 1149 peccabant
234 1123 324 1144 coram
350 1117 476 1152 Domino,
504 1124 532 1147 et
558 1120 716 1152 deridebant
742 1130 788 1156 per
812 1131 859 1151 eos

58 1159 135 1187 multi
159 1161 319 1188 sacrificium
344 1162 402 1190 Dei.
428 1162 504 1191 Unde
529 1168 555 1192 et
581 1165 638 1192 fleti
661 1167 787 1194 sacerdos
810 1175 858 1202 pro

58 1211 151 1232 eorum
175 1205 315 1240 iniquitate
332 1207 475 1237 damnatus
494 1213 544 1242 est,
564 1211 634 1245 quod
656 1219 702 1239 eos
717 1219 857 1247 peccantes

59 1250 149 1278 minus
176 1259 271 1280 severa
296 1254 528 1283 animadversione
555 1256 699 1291 plectebat.
731 1260 856 1287 Miserum

58 1297 117 1324 me!
136 1302 162 1324 ct
182 1299 290 1332 quidem
311 1301 440 1333 coercuit,
467 1307 494 1328 et
518 1303 625 1336 quidem
650 1305 788 1339 corripuit,
809 1307 856 1334 sed

58 1342 173 1371 lenitate
195 1349 222 1371 et
245 1346 450 1374 mansuetudine
471 1348 565 1382 patris,
580 1356 633 1376 non
650 1352 809 1379 auctoritate
830 1357 856 1380 et

57 1389 202 1418 severitate
213 1392 356 1425 pontilicis.

93 1435 119 1462 9.
131 1436 190 1469 Qua
208 1438 340 1465 sententia
363 1437 468 1466 discant
489 1440 644 1469 sacerdotes
658 1443 792 1477 quomodo
804 1444 856 1479 ipsi

57 1486 168 1517 propter
182 1487 288 1516 peccata
310 1484 435 1517 liliorum,
451 1485 476 1512 id
497 1491 547 1519 est,
564 1492 674 1522 propter
686 1489 788 1517 scelera
806 1498 855 1524 po·-

59 1526 113 1562 puii
126 1527 279 1561 puniantur.
297 1528 330 1556 Et
350 1530 471 1564 quamvis
494 1532 579 1559 sancti
594 1533 659 1565 sint,
673 1535 750 1569 culpa
766 1539 854 1563 tamen

57 1573 224 1602 subditorum
238 1575 351 1608 eisdem,
369 1576 392 1604 si
407 1584 459 1604 non
471 1583 623 1612 coerceant,
639 1585 788 1615 reputatur.

328 1621 409 1657 508
426 1622 539 1651 CAPUT
555 1624 586 1652 ll.
817 1625 822 1627 “

238 1667 278 1695 De
286 1670 410 1703 propheta
422 1670 456 1696 ad
469 1669 530 1697 Heli
540 1672 676 1700 destinato.

96 1713 122 1740 1.
147 1712 226 1740 Venit
249 1718 338 1741 autem
362 1716 492 1750 propheta
508 1717 555 1745 Dei
570 1719 678 1753 quidam
693 1720 725 1748 ad
742 1720 800 1749 Heli
813 1729 857 1750 sa-

56 1757 207 1792 cerdotem,
221 1763 250 1786 et
262 1759 329 1787 dixit
342 1760 368 1788 ei
385 1769 391 1787 :
405 1760 470 1788 Hoee
480 1762 541 1789 dicit
557 1762 680 1792 Dominus
697 1773 707 1792 :
722 1765 858 1802 Numquid

58 1811 109 1831 non
129 1809 216 1839 aperte
229 1806 354 1834 revelatus
374 1816 431 1835 sum
451 1810 538 1837 domui
555 1812 635 1846 patris
656 1813 705 1846 tui,
721 1821 779 1840 cum
792 1819 857 1842 esset

57 1850 84 1877 in
94 1850 221 1886 AEqypto,
238 1852 265 1879 in
284 1853 358 1880 domo
374 1853 530 1888 Pharaonis,
544 1861 568 1883 et
582 1858 646 1893 eleqt'
661 1866 718 1885 eum
731 1867 762 1885 ex
775 1861 857 1886 omni-

58 1897 104 1923 bus
126 1897 241 1924 tribubus
253 1897 339 1925 Israel
359 1899 422 1926 milti
436 1900 463 1927 in
483 1903 649 1937 sacerdotem,
666 1908 694 1930 ut
708 1905 857 1931 ascenderet

57 1942 92 1969 ad
104 1942 186 1970 attare
198 1951 293 1977 meunt,
306 1949 329 1971 et
343 1945 458 1973 adoleret
475 1947 538 1974 milti
552 1948 692 1982 incensum,
709 1955 731 1977 et
743 1955 856 1985 portaret

58 1990 141 2024 ephod
152 1998 238 2018 coram
249 2000 299 2025 me,
315 1996 338 2019 et
353 1993 412 2020 dedi
426 1994 514 2021 domui
526 1996 606 2029 patria
619 1997 656 2023 tui
675 1998 760 2024 onmia
770 1998 802 2025 de
814 2007 856 2025 sa-

59 2035 162 2069 crificia
175 2036 287 2070 liliorum
299 2037 383 2066 Israel
390 2040 402 2066 ?

94 2082 122 2109 2.
138 2082 224 2116 Quare
237 2085 305 2111 calce
317 2085 431 2122 abjecisti
447 2088 574 2115 victimam
595 2098 689 2123 meam,
709 2096 732 2117 et
752 2099 856 2119 munera

58 2131 126 2160 mea,
149 2137 207 2163 quoe
227 2131 337 2166 proecept'
356 2136 384 2158 ut
409 2132 563 2166 offerrentur
575 2135 601 2161 in
616 2136 720 2170 templo,
736 2142 759 2163 et
774 2138 856 2173 maqis

59 2172 191 2201 honorasti
204 2175 272 2209 filios
287 2181 343 2203 tuot
358 2185 434 2212 quam
447 2183 475 2205 ut
486 2180 651 2207 comederetis
662 2182 788 2216 primitias
802 2191 856 2210 om-

41 2238 45 2242 .
58 2219 99 2246 nit
111 2220 232 2254 sacrificii
243 2220 325 2249 Israel
341 2223 430 2258 populi
441 2225 507 2252 mei?
521 2225 663 2260 Propterea
682 2230 719 2254 ait
730 2227 856 2256 Dominus

913 937 994 969 hile⁸,·
1007 945 1070 965 ecce
1091 939 1134 965 isti
1153 945 1214 966 sunt
1234 940 1293 967 dies
1312 941 1357 974 qui
1377 943 1547 976 prwnuntiati
1569 949 1639 977 sunt,
1659 945 1717 979 iam

912 984 984 1010 enim
1002 990 1150 1018 venerunt3
1168 986 1258 1014 nullus
1275 987 1347 1014 enim
1363 989 1490 1016 sacerdos
1511 995 1552 1017 est
1566 993 1717 1020 secundun

911 1031 1034 1059 ordinem
1049 1034 1149 1060 Aaron.
1163 1034 1247 1069 509
1260 1035 1324 1062 Nam
1341 1040 1368 1063 et
1393 1037 1458 1064 illud
1474 1039 1546 1073 quod
1571 1040 1605 1066 ibi
1626 1043 1716 1076 sequi-

911 1083 954 1105 tur
971 1088 976 1105 :
995 1078 1131 1106 Suscitabo
1152 1081 1214 1107 milti
1233 1083 1390 1109 sacerdotem
1411 1084 1523 1118 fidelem,
1546 1086 1578 1113 dc
1593 1086 1713 1121 Christo,

909 1124 977 1151 Novi
991 1126 1158 1154 'testamenti
1170 1135 1234 1155 vero
1253 1129 1407 1163 sacerdote,
1424 1131 1530 1158 dicitur.

946 1170 971 1198 6.
987 1171 1063 1205 Quod
1079 1181 1142 1200 vero
1157 1174 1311 1209 adjungitur
1327 1185 1333 1202 :
1351 1175 1384 1202 Et
1398 1178 1445 1203 erit
1459 1179 1503 1212 qui
1518 1182 1669 1207 remanserit
1686 1183 1713 1209 in

910 1217 985 1243 domo
1000 1221 1053 1250 tua,
1067 1220 1157 1253 veniet,
1172 1225 1199 1246 ut
1213 1227 1301 1247 oretur
1315 1230 1360 1255 pro
1373 1230 1414 1256 eo,
1431 1231 1482 1250 non
1496 1226 1604 1259 proprie
1616 1226 1714 1255 dicitur

909 1262 943 1290 de
965 1263 1044 1291 domo
1060 1265 1140 1300 hujus
1156 1266 1223 1299 Heli,
1237 1267 1282 1294 sed
1309 1267 1379 1294 illius
1394 1269 1494 1302 Aaron,
1509 1271 1541 1296 de
1558 1279 1611 1305 qno
1626 1280 1713 1307 usque

908 1310 941 1336 ad
958 1310 1102 1338 adventum
1117 1312 1180 1339 Jesu
1197 1306 1294 1339 Christi
1312 1314 1435 1341 homines
1450 1323 1651 1345 remanserunt.
1672 1319 1710 1346 De

907 1363 961 1389 quo
975 1363 1074 1390 genere
1098 1357 1178 1384 etiam
1204 1358 1343 1392 hucusque
1359 1367 1412 1386 non
1429 1360 1525 1388 desunt
1539 1363 1583 1396 qui
1601 1364 1712 1391 veniant

907 1405 934 1428 et
956 1407 1160 1430 convertantur.
1188 1403 1225 1430 De
1239 1404 1336 1438 quihus
1364 1406 1433 1432 alius
1461 1407 1591 1442 propheta
1618 1409 1686 1436 dixit
1702 1419 1711 1439 :

907 1447 1033 1481 Reliquice
1046 1448 1124 1475 satvoe
1148 1450 1209 1483 [ient
1235 1450 1313 1484 (lsai.
1333 1451 1375 1486 x).
1404 1452 1479 1480 Unde
1497 1459 1524 1481 et
1541 1455 1684 1489 Apostolus
1702 1466 1710 1485 z

907 1492 953 1521 Sic
967 1501 1038 1528 erqo,
1055 1494 1149 1529 inquit,
1164 1500 1187 1522 et
1208 1497 1234 1522 in
1251 1497 1298 1523 hoc
1314 1502 1425 1533 tempore
1440 1500 1555 1535 re'iqaicc
1570 1502 1711 1530 secundnm

906 1537 1054 1565 electionem
1078 1540 1170 1574 gratiae
1195 1541 1272 1568 sulvae
1295 1547 1356 1568 sunt
1379 1542 1469 1577 (Rom.
1485 1545 1523 1580 tx)
1542 1554 1548 1577 ς
1565 1546 1597 1573 de
1614 1548 1711 1576 talibus

870 1594 893 1626 C
909 1584 982 1611 enim
992 1584 1107 1612 residuis
1121 1585 1189 1612 bene
1205 1586 1363 1622 intelligitur
1374 1595 1434 1616 esse
1447 1590 1517 1624 quod
1533 1590 1633 1618 dictum
1645 1597 1687 1619 est
1702 1603 1710 1621 :

911 1633 962 1666 Qui
988 1635 1137 1661 remanserit
1149 1634 1176 1661 in
1201 1634 1277 1661 domo
1293 1639 1336 1662 tua
1352 1637 1443 1670 veniet,
1460 1643 1488 1664 ut
1508 1644 1595 1665 oretur
1606 1648 1653 1674 pro
1669 1649 1710 1669 eo.

908 1678 1035 1707 Proiecto
1060 1680 1105 1715 qui
1120 1680 1265 1708 crediderit
1285 1681 1310 1708 in
1326 1682 1444 1716 Christo,
1460 1684 1531 1711 sicut
1544 1687 1711 1720 temporibus

908 1725 1094 1759 apostolorum
1108 1733 1140 1753 ex
1155 1726 1213 1761 ipsa
1225 1731 1305 1761 gente
1322 1727 1430 1762 plurimi
1446 1735 1589 1764 venerunt,
1607 1736 1634 1760 et
1649 1739 1710 1760 cre-

908 1770 1046 1799 diderunt.

945 1817 972 1845 7.
988 1817 1083 1853 Neque
1098 1825 1170 1846 nune
1185 1818 1283 1846 desunt
1304 1820 1360 1854 qui,
1378 1820 1441 1848 licet
1455 1823 1594 1856 rarissimi,
1620 1828 1710 1854 tamen

908 1864 1030 1898 credant,
1047 1869 1076 1892 ut
1095 1865 1238 1900 impleatur
1249 1866 1275 1893 in
1290 1866 1331 1893 his
1343 1867 1412 1902 quod
1427 1868 1469 1895 hic
1484 1868 1565 1896 homo
1582 1870 1628 1897 Dei
1640 1871 1711 1899 locu-

909 1916 950 1938 tus
974 1915 1025 1938 cst.
1051 1911 1127 1944 Quod
1152 1919 1217 1938 vero
1231 1913 1358 1939 continuo
1379 1918 1486 1941 secutus
1511 1915 1652 1950 adjungit:
1674 1917 1711 1944 Et

908 1957 998 1991 offerat
1014 1965 1146 1983 nummum
1162 1963 1321 1993 argenteum,
1339 1963 1361 1984 et
1377 1963 1469 1986 tortam
1485 1961 1570 1994 panis,
1584 1962 1646 1995 quid
1663 1970 1710 1997 per

908 2010 1047 2029 nummum
1062 2007 1230 2037 argenteum,
1246 2004 1296 2030 nisi
1314 2005 1368 2030 oris
1392 2005 1528 2033 consessio
1542 2006 1708 2041 designatur,

908 2054 967 2081 qum
984 2047 1012 2074 lit
1026 2047 1198 2074 credentibus
1213 2048 1246 2075 ad
1260 2048 1373 2076 salutent
1386 2049 1397 2075 ’.Ρ
1413 2051 1560 2084 Argentum
1576 2044 1646 2079 enim
1661 2061 1710 2087 pro

907 2095 1014 2128 eloquio
1038 2095 1099 2129 poni
1115 2095 1193 2128 solet,
1215 2096 1355 2124 Psalmista
1371 2103 1496 2132 testante,
1521 2101 1563 2128 ubi
1578 2101 1684 2129 canitur
1698 2111 1706 2130 z

908 2137 1020 2175 Eloquia
1035 2139 1143 2167 Domini
1164 2141 1264 2175 eloquia
1280 2147 1349 2168 casta
1361 2163 1368 2175 ,
1388 2149 1523 2179 arqentum
1537 2146 1595 2181 iqne
1609 2149 1708 2175 exami-

907 2190 1007 2217 natum,
1022 2185 1157 2220 probatum
1174 2191 1258 2221 terrae,
1277 2194 1415 2223 purgatum
1435 2191 1581 2226 septuplum
1593 2192 1706 2223 (Psalm.

907 2234 958 2266 ιι).

59 2264 129 2293 Dm
146 2266 230 2295 Israel
243 2277 254 2296 .·
267 2269 384 2304 Loquens
406 2271 507 2299 locutus
527 2282 593 2307 sum,
611 2280 638 2301 ut
657 2275 748 2302 domus
766 2281 810 2303 tua
829 2282 853 2305 et
866 2295 893 2325 D
944 2278 971 2305 8.
988 2278 1040 2306 Sed
1054 2279 1124 2314 quod
1138 2278 1202 2306 dicit
1216 2279 1267 2308 iste
1281 2281 1325 2316 qui
1341 2281 1411 2309 venit
1428 2291 1435 2309 τ
1449 2283 1557 2312 Dimitte
1568 2293 1617 2318 me,
1632 2285 1708 2314 obsess

59 2313 149 2340 donnus
163 2316 244 2350 patris
256 2317 294 2343 tui
307 2317 463 2346 ministraret
482 2320 508 2347 in
523 2326 658 2357 conspectu
669 2330 724 2350 meo
734 2324 854 2358 usquein

57 2360 248 2392 sempiternum.

95 2403 124 2430 3.
139 2404 217 2432 Num:
228 2411 313 2435 autem
324 2409 385 2438 dicit
399 2409 525 2439 Dominus
541 2421 550 2440 .-
566 2414 637 2441 Absit
647 2415 695 2442 ltoc
708 2424 725 2442 a
739 2424 794 2450 me;
810 2418 854 2445 sed

59 2449 204 2485 quicunque
216 2451 396 2488 ,clarificaverit
405 2464 455 2491 me,
465 2458 614 2494 glorificabo
626 2469 700 2495 eum,·
711 2463 754 2498 qui
765 2468 852 2491 autem

70 2548 72 2552 ι
96 2514 123 2542 6.
146 2506 400 2581 32:101&th
421 2520 504 2551 maa
519 2524 547 2551 iu
561 2525 632 2559 tiliis,
646 2527 716 2560 apud
738 2528 851 2563 August.

60 2553 89 2578 et
100 2549 233 2584 Eucher.;
247 2554 275 2579 et
286 2551 331 2591 ,¹⁴¹
361 2574 369 2587 .
382 2566 398 2584 η
408 2556 486 2588 πολλὴ
500 2559 523 2586 ἐν
532 2559 634 2592 τέκνοις.
648 2561 745 2590 (ἳιιιΔι.

77 2619 84 2626 .
96 2584 129 2625 ⁷·.'
139 2584 216 2612 moa
226 2590 300 2622 ‘eram
313 2592 342 2615 οι
355 2590 434 2623 panto
447 2596 517 2627 post,
530 2595 599 2622 aicae
615 2604 648 2624 ex
670 2597 781 2633 August.
803 2598 851 2626 Di-

45 2642 48 2646 ,
61 2624 95 2648 αι
104 2620 157 2648 hb.
171 2627 213 2653 o..
226 2622 367 2652 noudu-
376 2624 462 2655 Gnn.
556 2643 557 2646 =

61 2653 328 2719 'wizzi-suffieit&
342 2658 584 2722 ἓιωιιλῖὶιιιιοςηιρ.
593 2665 724 2698 limum
738 2677 775 2702 ae,
790 2669 849 2699 Val.

95 2723 161 2765 Gn.
173 2726 252 2768 ¹¹2¹&-
266 2727 295 2755 4.
311 2726 383 2768 Nom
396 2734 453 2763 pont
467 2730 624 2773 Samuelem,
639 2741 704 2771 etc..
720 2745 803 2776 usque
815 2741 852 2768 ad

61 2759 145 2789 flach
155 2765 261 2796 capitis.
274 2770 366 2792 omnia
379 2770 498 2795 suntet
508 2765 635 2804 Augusta.
652 2771 715 2801 loeo
730 2775 852 2808 proxime

23 2794 380 2872 fflafflgtgaeukem
395 2800 469 2835 apud
507 2803 563 2865 noh:
574 2803 680 2842 integra
692 2808 790 2851 antici
799 2818 850 2839 ox-

121 2851 195 2895 ui
206 2838 748 2914 in'tetpretu'iitu{iiiiiioni?iifflisiii'ugii‘i..¹⁸
749 2848 850 2910 31¹3&

19 2956 27 3016 i
41 2870 112 3016 s
242 2914 380 2946 Parnoi..
401 2915 582 2950 Lxxxm.

907 2332 963 2359 cro,
979 2325 1013 2352 ad
1026 2333 1103 2352 unam
1118 2332 1216 2360 partem
1229 2327 1426 2362 sacerdotalem,
1443 2334 1471 2356 ut
1494 2331 1628 2358 comedam
1641 2332 1705 2359 buc-

908 2371 1000 2399 cellam
1023 2373 1118 2406 parti-55
1133 2373 1327 2401 sacerdotalem
1344 2379 1448 2408 partem
1471 2383 1570 2410 corpus
1593 2376 1704 2413 Christi,

906 2418 933 2445 id
957 2422 1010 2450 est,
1034 2417 1182 2446 Ecclesiam
1197 2419 1271 2446 dicit.
1297 2419 1379 2454 Cujus
1404 2420 1488 2454 plebis
1509 2421 1556 2448 ille
1578 2423 1705 2451 sacerdos

907 2468 959 2498 est,
975 2463 1108 2492 me-liator
1119 2464 1166 2492 Dei
1182 2469 1209 2492 et
1223 2465 1372 2499 hominum,
1389 2466 1470 2494 homo
1480 2466 1602 2496 Christus
1612 2469 1703 2500 iesus.

940 2529 1005 2557 Cn.
1027 2537 1065 2556 ιιι.
1087 2529 1149 2564 (cot.
1165 2529 1232 2565 aeq.)
1249 2530 1281 2557 N.
1304 2532 1330 2558 l.
1350 2531 1391 2558 Ad
1413 2533 1548 2562 tuitionem
1561 2543 1646 2564 attam.
1661 2537 1704 2566 Aa

904 2565 1038 2592 stationem
1053 2573 1136 2597 suam,
1153 2565 1223 2599 apud
1239 2565 1324 2593 Euch.
1343 2571 1372 2594 et
1386 2567 1453 2595 Beil.
1468 2568 1564 2597 Gaui..

939 2601 966 2627 6.
982 2599 1048 2627 Hoec
1061 2608 1136 2634 poena
1148 2600 1250 2635 siquam
1265 2601 1372 2629 uidetur.
1389 2603 1446 2636 ΑΙ..
1462 2603 1510 2631 ltac
1528 2614 1603 2640 paena
1621 2608 1703 2644 siqni-

902 2635 1008 2670 ficatum
1022 2635 1133 2663 videtur.
1147 2634 1243 2663 Gutu..

940 2671 967 2698 7.
983 2670 1094 2698 Claritas
1109 2670 1221 2699 hominis
1237 2677 1264 2700 ut
1277 2673 1327 2707 [toi
1349 2673 1412 2709 seni,
1434 2681 1470 2703 ex
1486 2677 1572 2705 veteri
1583 2677 1700 2714 interpr.
1743 2700 1749 2709 2

902 2705 999 2734 GntAt..

941 2740 1010 2769 laid.
1039 2741 1068 2769 ln
1092 2745 1155 2769 nota
1169 2742 1264 2771 Grialii
1279 2751 1327 2778 per
1339 2752 1463 2773 errorem
1474 2751 1532 2775 erat
1556 2753 1582 2775 et
1593 2749 1700 2779 claritas

904 2777 1024 2805 numanis
1044 2781 1073 2804 ut
1087 2777 1136 2811 tlon
1149 2777 1214 2812 [eni.
1238 2778 1268 2806 ln
1286 2779 1408 2816 Vulgata.
1433 2780 1526 2814 lsaias,
1552 2784 1604 2812 loc.
1628 2785 1701 2814 cit.:

905 2811 995 2840 Omnia
1010 2820 1071 2840 caro
1085 2812 1183 2847 Ionum,
1208 2818 1235 2842 et
1246 2815 1330 2843 omnic
1342 2815 1428 2851 qlorio
1445 2817 1591 2854 ejurquii
1623 2828 1652 2848 os
1668 2830 1701 2848 a-

903 2848 979 2883 qri...
1004 2847 1169 2875 Extinctum
1191 2854 1228 2877 est
1246 2850 1343 2885 renum,
1359 2856 1383 2878 et
1402 2853 1491 2880 cecidit
1511 2855 1570 2889 llos.
1591 2854 1699 2883 {erbum

902 2888 987 2912 autem
1000 2882 1106 2914 ,Domini
1119 2885 1201 2912 nostri
1215 2886 1299 2914 munet
1318 2886 1346 2914 t'u
1359 2892 1597 2917 aeternum-*Mum

1482 2934 1518 2964 13
