1832 3016
61 109 114 139 845

578 105 623 134 nt:
642 104 769 134 otiatur:
789 102 1055 132 CREATURARUM
1074 102 1187 132 Lmen.

1644 101 1697 131 9⁴6

62 165 95 192 ad
105 164 251 200 judicium,-
265 142 396 200 ἰιιιοεάαηι
409 167 495 190 autem
508 168 532 190 et
543 162 728 196 subsequuntur
741 159 767 196 (1
780 160 849 187 Tim.
864 161 891 190 Α
903 159 961 194 ipso
985 160 1093 187 audient
1109 167 1117 186 ι
1139 159 1191 192 Ite,
1215 158 1370 197 maledicti,
1393 159 1420 186 in
1447 159 1530 194 iguem
1555 163 1697 192 eeternum,

62 218 90 246 v,
104 210 164 246 24).

96 258 125 285 2.
147 257 185 285 De
198 257 240 285 bis
254 257 325 286 enim
341 256 385 291 qui
397 255 501 290 iudicio
522 258 626 287 carent,
641 254 769 282 Dominus
793 254 851 288 ipse

61 307 223 339 protestatur
236 307 263 332 et
285 302 369 330 dixit:
394 301 445 334 Qui
469 309 519 328 non
543 301 622 328 credit
635 300 663 327 in
678 298 777 326 Filium
793 300 851 334 ιγἰιηι

62 350 191 384 iudicatus
202 354 238 377 est
246 348 334 385 (Ιοιιιι.
346 355 385 380 ιιι,
401 347 456 383 18).
471 346 547 375 Unde
558 346 714 382 intelligitur
723 345 793 381 quod
805 345 851 380 qui

61 397 123 425 fidei
134 401 233 425 sortem
247 395 338 423 subire
352 402 405 422 non
425 397 572 426 merentur,
587 400 637 420 nee
660 392 772 427 gratiam
785 392 850 426 bap-

62 445 355 477 tismi.consequuntur,
386 441 419 468 ad
438 441 555 468 futurum
584 447 636 467 non
666 439 762 466 exituri
788 441 851 465 sunt

60 489 197 526 judicium,
211 488 259 516 sed
273 495 307 515 ex
322 487 373 514 hac
396 486 447 514 vita
463 485 597 520 Evangelii
614 491 738 512 sermone
750 483 851 511 exami-

60 535 114 563 nati
127 534 255 568 exibunt,
265 541 319 568 quo
333 533 459 560 scribitur
474 541 481 559 :
502 533 584 558 Amen
597 531 655 558 dico
670 531 725 565 tibi,
744 530 793 557 nisi
808 538 849 557 re-

59 585 135 608 natus
148 581 205 616 quis
217 580 293 615 suerit
304 587 337 606 ex
357 587 424 614 aqua
437 582 459 605 et
475 578 575 611 Spiritu
597 582 694 609 sancto,
709 584 760 602 non
771 579 851 608 potest

58 627 155 653 intrare
172 627 199 652 in
213 633 320 661 reqnum
336 625 384 652 Dei
399 624 488 660 (Joan.
501 632 542 657 ιιι,
557 623 597 658 5).
618 622 665 650 His
676 622 755 649 etiam
770 619 851 647 Psal-

59 674 145 700 mistae
159 672 242 700 verba
257 671 435 705 concordant,
451 670 547 705 quibus
556 669 593 696 ait
607 677 615 696 ι
632 668 693 696 Non
714 670 850 702 resurqunt

58 718 128 753 impii
139 718 165 744 in
180 717 274 750 iudicio
287 716 374 752 (Psal.
388 724 409 750 1,
424 716 463 752 5).

93 764 121 791 5.
141 763 192 797 Qut
206 768 296 791 autem
311 767 372 798 post
395 763 557 790 ablutionem
574 761 697 796 baptismi
724 764 849 795 peccato-

58 818 116 837 rum
131 810 301 838 multitudine
313 814 470 846 gravantur,
486 813 514 837 et
537 809 588 844 ipsi
601 809 626 835 in
639 808 704 835 duas
719 807 849 834 factiones

903 213 977 240 quem
997 205 1150 240 proeparavit
1165 203 1244 231 Pater
1258 212 1329 232 meus
1357 204 1459 232 diabolo
1485 209 1508 231 et
1532 204 1631 240 angelis
1644 206 1699 240 ejus

902 250 1011 285 (Matth.
1023 258 1084 285 xxv,
1100 250 1158 285 tt).

938 295 963 323 6.
985 296 1044 323 Non
1063 297 1135 323 enim
1150 296 1184 324 ad
1196 297 1347 331 appetenda
1362 304 1445 331 regna
1461 297 1591 325 coelorum
1598 297 1700 325 suflicit

902 349 955 369 non
967 350 1047 377 agere
1057 343 1140 376 mala,
1155 343 1178 371 si
1192 344 1254 378 quis
1265 351 1317 371 non
1330 344 1432 370 curavit
1447 343 1537 371 facere
1554 344 1622 371 bona
1632 353 1639 378 ;
1651 351 1699 379 per

902 387 1059 423 prophetam
1068 389 1140 415 enim
1151 388 1248 416 isaiam
1260 389 1360 423 pariter
1371 396 1386 415 a
1400 389 1512 416 Domino
1524 390 1676 424 praecipitur
1690 399 1698 418 ε

903 433 1031 466 Quiescite
1040 440 1116 468 aqere
1127 441 1253 467 perverse,
1266 434 1354 462 discite
1362 435 1506 469 benefacere
1516 434 1592 470 (lsai.
1608 443 1627 468 ι,
1641 435 1697 470 16).

902 478 954 506 Per
967 477 1138 505 Psalmistam
1149 486 1254 513 quoque
1263 479 1320 506 liaec
1330 479 1423 506 eadem
1434 479 1515 506 verba
1524 479 1595 506 idem
1607 480 1698 508 Domi-

901 524 928 552 ni
938 524 1054 558 Spiritus
1068 524 1227 558 concinnat,
1243 524 1335 552 dicens
1353 532 1361 552 :
1375 525 1484 551 Declina
1497 533 1513 551 a
1524 524 1603 557 mato,
1618 529 1640 551 et
1656 527 1698 560 sac

902 570 995 597 bonum
1015 569 1099 606 (Psat.
1112 578 1201 604 xxxvi,
1211 569 1268 610 ⁴27).
1283 569 1317 598 Ει
1327 574 1356 597 ut
1366 570 1552 598 ostenderetur
1560 571 1630 606 quod
1637 576 1698 605 post

902 621 1032 644 terrorem
1046 621 1100 644 tam
1120 617 1247 644 terribilis
1257 617 1336 651 liujus
1350 624 1428 652 qnam
1443 616 1615 651 praediximus
1636 625 1699 644 sen-

901 663 991 691 tentiae
1012 664 1083 691 nulla
1113 663 1279 698 poenitudine
1303 663 1385 698 judex
1407 663 1573 696 flecteretur,
1601 663 1628 691 in
1645 664 1698 691 tine

901 715 1003 738 cunctae
1018 710 1206 745 disputationis
1218 710 1429 738 ita-subinfertur
1442 720 1448 737 :
1462 710 1537 737 Tunc
1548 710 1621 738 ibunt
1631 711 1658 737 hi
1672 712 1697 738 in

901 758 985 793 ignem
997 763 1120 786 ceternum
1135 758 1243 794 (Manli.
1262 766 1326 792 xxv,
1343 758 1399 793 46).

937 805 963 832 7.
984 805 1023 833 De
1039 805 1108 832 illius
1121 809 1210 832 autem
1226 805 1293 840 ignis
1304 805 1395 832 aeterni
1409 804 1479 838 loco,
1495 805 1521 832 id
1533 808 1583 838 est,
1596 804 1696 832 inferni

57 856 212 885 dividuntur
228 867 234 884 :
250 858 358 892 quidam
374 864 487 891 namque
501 864 534 884 ex
554 857 630 891 ipsis,
646 856 802 890 priusquam
817 862 849 881 ex
865 852 890 883 Β
904 851 1049 886 ergastulo,
1066 851 1142 878 multi
1169 852 1294 878 dixerunt
1307 851 1380 886 quod
1394 851 1541 886 corporalis
1554 850 1630 879 locus
1650 852 1696 884 sit,

58 903 116 938 ipsa
130 904 183 931 vita
199 908 306 936 exeant,
337 903 481 938 scripturae
496 910 580 930 sacrae
593 902 703 930 vocibus
728 901 849 936 judican-

58 955 118 983 tur;
134 950 168 978 de
189 950 284 985 quibus
309 950 409 977 Paulus
429 949 566 984 apostolus
594 949 721 984 loquitur,
737 948 847 975 dicens:

57 996 146 1023 Nolite
171 1004 275 1024 errare:
290 1004 368 1030 neque
383 995 503 1028 adulteri,
518 1003 597 1029 neque
611 994 756 1028 fornicarii,
771 1001 851 1027 neque

58 1041 159 1073 ebriosi,
177 1049 256 1076 neque
277 1041 407 1074 maledici,
422 1048 501 1075 neque
515 1040 591 1066 idolis
611 1040 755 1071 servientes,
772 1045 852 1072 neque

58 1087 140 1119 avari,
155 1095 233 1121 neque
247 1086 347 1119 molles,
370 1094 451 1120 neque
473 1086 645 1112 masculorum
667 1084 851 1115 concubitores,

58 1141 136 1168 neque
163 1133 243 1167 sures,
262 1141 341 1167 neque
363 1140 478 1166 rapaces,
495 1140 600 1166 reanum
623 1131 674 1158 Dei
689 1131 851 1166 possidebunt

59 1179 84 1215 (1
97 1180 154 1206 Cor.
164 1187 202 1212 v1,
216 1179 254 1211 9).
267 1179 317 1212 Qui
330 1179 400 1206 enim
411 1179 466 1206 haec
477 1183 503 1206 et
517 1179 557 1205 liis
573 1179 670 1205 similia
682 1178 794 1205 crimina
808 1186 852 1205 ca-

60 1225 150 1260 pitalia
163 1232 247 1260 usque
257 1225 289 1252 ad
302 1229 415 1252 mortem
427 1225 527 1259 absque
538 1225 732 1251 medicamento
742 1224 851 1257 iaciunt,

58 1271 167 1306 iudicati
181 1271 214 1298 de
229 1278 260 1298 ea
275 1271 329 1298 vita
345 1270 379 1298 ad
394 1276 537 1305 perpetuas
553 1277 645 1305 poenas
658 1270 777 1297 exibunt.

93 1317 120 1343 4.
142 1317 180 1344 Dc
213 1324 326 1351 quorum
357 1321 431 1344 reatu
459 1317 570 1343 conviva
604 1317 718 1350 pectoris
747 1316 852 1342 Domini

58 1364 173 1391 Ioannes
194 1363 310 1398 loquitur
327 1371 333 1389 :
355 1362 402 1389 Est
417 1367 547 1396 peccatum
568 1370 647 1397 usque
667 1363 700 1388 ad
724 1362 852 1388 mortem?

58 1419 108 1438 non
131 1419 177 1444 pro
203 1410 249 1436 illo
273 1410 330 1436 dico
355 1413 382 1435 ut
397 1408 582 1444 roqetquisss
600 1408 679 1435 Joan.
694 1416 720 1442 v,
739 1407 794 1442 16).
809 1407 851 1434 Ad

58 1461 171 1485 mortem
182 1456 252 1484 enim
264 1459 403 1490 peccatum
416 1455 534 1488 deducit,
550 1455 595 1490 qui
608 1455 670 1482 licet
685 1454 710 1481 in
731 1459 851 1481 extremo

58 1502 117 1530 vitae
134 1502 248 1529 termino
262 1502 296 1529 de
313 1500 452 1536 praeteritis
477 1501 633 1528 criminibus
658 1500 851 1534 poenitudinem

902 896 946 924 ubi
962 901 1130 931 peccatorum
1138 904 1249 931 corpora
1259 897 1460 929 cruciabuntur;
1477 897 1528 924 nisi
1540 897 1613 924 enim
1626 897 1696 932 ignis

901 941 946 968 ille
956 942 1103 976 corporalis
1117 946 1144 969 et
1156 942 1231 970 locus
1252 947 1333 975 esset,
1346 943 1482 977 quomodo
1500 944 1695 977 resurgentium

901 995 1014 1022 corpora
1021 988 1138 1015 cruciata
1150 993 1260 1020 teneret,
1278 989 1304 1015 in
1316 989 1410 1023 quibus
1417 989 1614 1024 corporalitatis
1624 990 1696 1017 veri-

902 1040 942 1062 tas
957 1036 994 1061 ita
1009 1035 1142 1068 passibilis
1156 1036 1217 1068 erit,
1233 1039 1261 1062 ut
1273 1036 1433 1063 stridoribus
1445 1037 1565 1064 dentium
1577 1041 1604 1064 et
1614 1037 1696 1073 lacry-

902 1080 1046 1108 mabilibus
1061 1080 1168 1108 fletibus
1183 1081 1337 1115 subjaceam
1365 1082 1434 1109 sicut
1447 1083 1532 1116 ipsius
1547 1083 1653 1110 Domini
1668 1088 1696 1111 et

901 1127 997 1161 judicis
1007 1128 1086 1154 verba
1097 1128 1246 1160 declarant,
1258 1127 1373 1155 dicentis
1387 1138 1394 1155 :
1408 1128 1532 1155 Inutilem
1544 1134 1629 1157 autem
1642 1138 1696 1157 sei·-

903 1182 961 1200 vum
976 1174 1067 1201 mittite
1089 1174 1115 1200 in
1130 1174 1243 1201 tenebras
1266 1176 1414 1202 exteriores.
1439 1176 1498 1202 Illic
1521 1177 1567 1202 erit
1581 1178 1657 1212 fletus
1672 1182 1696 1204 et

903 1221 997 1248 stridor
1021 1221 1136 1248 dentium
1151 1221 1249 1256 (Marc.
1265 1229 1327 1256 xxv,
1355 1222 1412 1257 50).
1431 1222 1480 1249 Ubi
1502 1224 1592 1249 vermis
1607 1231 1696 1250 eorum

903 1275 954 1293 non
969 1267 1086 1300 moritur,
1102 1271 1126 1294 et
1142 1268 1207 1302 ionis
1218 1275 1269 1294 non
1277 1268 1446 1303 exstinqut'tur
1466 1268 1545 1303 (lsai.
1562 1278 1630 1301 vat,
1648 1270 1694 1302 2&

904 1313 988 1341 Marc.
1004 1322 1042 1347 ix,
1057 1313 1125 1349 45)·.’

940 1359 965 1386 8.
987 1359 1015 1386 In
1027 1366 1079 1394 quo
1093 1359 1189 1386 dicitur
1203 1360 1263 1387 loco
1270 1360 1303 1387 ad
1315 1368 1404 1396 regem
1421 1361 1564 1397 Babylonis
1573 1370 1618 1397 per
1631 1363 1696 1390 Pro-

905 1406 1013 1440 phetam
1030 1407 1064 1432 ita
1081 1416 1087 1432 :
1106 1406 1199 1433 Subter
1215 1412 1238 1433 te
1248 1411 1374 1434 sternetur
1386 1409 1465 1441 tinea,
1491 1413 1515 1435 et
1539 1411 1696 1443 opertorium

904 1457 975 1478 tuum
986 1456 1058 1478 erunt
1071 1460 1164 1478 vermes
1175 1451 1253 1486 (lsai.
1264 1460 1317 1484 xiv,
1335 1453 1391 1486 Η.)
1405 1453 1441 1480 De
1452 1462 1505 1488 quo
1518 1454 1577 1481 loco
1589 1455 1695 1489 quidam

904 1498 983 1524 etiam
996 1498 1064 1524 dixit
1077 1506 1083 1524 ε
1097 1497 1170 1525 Sicut
1185 1502 1258 1525 terroe
1272 1499 1299 1525 in
1314 1500 1442 1534 profundo
1456 1508 1592 1534 aquarum,
1605 1501 1641 1527 sic
1656 1502 1697 1527 in-

57 1557 136 1585 agere
150 1548 270 1584 negligit.
285 1549 317 1576 Et
333 1547 475 1575 notandum
489 1552 538 1580 est,
551 1547 624 1582 juxta
645 1547 772 1575 Jaeohum
784 1554 850 1582 apo·
865 1539 889 1572 C
905 1545 979 1580 ferna
992 1546 1018 1571 iu
1034 1545 1161 1580 profundo
1169 1549 1296 1572 terrarum
1303 1543 1458 1574 suntsUnde
1467 1547 1501 1574 de
1514 1548 1560 1574 illo
1568 1549 1698 1583 scriptum

58 1597 165 1626 stolum,
194 1594 264 1630 quod
279 1595 321 1630 qui
342 1594 369 1620 in
389 1602 440 1620 uno
454 1602 484 1620 ex
499 1593 539 1620 liis
554 1593 701 1626 offenderit,
717 1593 800 1628 factus
815 1598 852 1620 est

58 1642 168 1669 omnium
183 1649 251 1668 reus.
278 1640 328 1674 Qui
348 1640 416 1667 enim
436 1640 501 1666 dixit
525 1639 587 1666 Non
601 1639 774 1672 moechaberis,
799 1639 853 1675 ipse

58 1689 120 1715 tlixit
135 1687 197 1714 Non
208 1687 318 1714 occides.
337 1686 412 1719 Quod
426 1686 448 1712 si
461 1694 511 1712 non
527 1686 672 1719 moecharis,
689 1685 790 1713 occidas
806 1694 853 1713 au—

58 1739 117 1767 tem,
137 1735 218 1769 sactus
239 1741 264 1760 es
276 1733 337 1768 legis
352 1737 522 1768 transgressor
538 1732 609 1768 (Jac.
624 1741 653 1767 ti,
671 1733 726 1767 10).

94 1780 120 1806 5.
141 1779 252 1813 Quidam
268 1787 332 1807 vero
347 1779 379 1806 ad
395 1784 544 1807 extremum
558 1778 640 1806 divini
655 1779 786 1806 examinis
807 1780 852 1814 ju-

60 1826 167 1859 dicium,
194 1825 239 1861 qui
258 1825 302 1852 his
325 1825 483 1859 capitalibus
512 1824 665 1852 criminibus
692 1833 744 1852 non
770 1826 853 1853 invol-

60 1879 163 1905 ventur,
183 1872 322 1906 reservati,
351 1879 385 1899 ex
412 1871 463 1899 hoc
481 1872 578 1900 saeculo
601 1873 710 1906 vadunt,
726 1877 853 1901 ettamen

60 1920 195 1949 sententia
208 1918 316 1952 superni
330 1918 426 1953 judicis
440 1922 548 1946 aeternae
562 1919 738 1947 damnationis
753 1924 853 1947 sortem

61 1967 206 2000 subibunt,
230 1966 275 2000 qui
289 1986 297 1999 ‚
323 1965 512 1993 misericordiae
537 1973 618 2001 opera
639 1972 852 2000 contemnentes,

61 2013 197 2040 Christum
212 2013 238 2039 in
249 2011 410 2046 pauperibus
420 2019 469 2039 nec
482 2012 551 2045 cibo,
577 2020 624 2040 nec
635 2014 715 2049 613
731 2019 793 2048 potu
808 2021 852 2041 re-

62 2059 163 2093 ficiunt,
179 2066 229 2086 nec
241 2058 359 2086 vestibus
377 2058 499 2092 induunt,
516 2067 566 2086 nec
581 2059 695 2094 hospitio
711 2059 851 2094 recipiunt,

62 2112 110 2132 nec
124 2104 162 2132 illi
175 2103 383 2137 infirmantibus,
399 2108 427 2131 et
437 2104 553 2138 alligatis
568 2104 596 2132 in
611 2105 737 2139 metallis,
752 2110 780 2133 et
793 2114 852 2133 car-

62 2151 168 2179 ceribus
187 2151 348 2178 visitationis
368 2150 461 2178 solatia
486 2150 583 2184 serunt,
613 2156 721 2186 propter
735 2152 804 2187 quod
820 2153 853 2180 ab

95 2208 123 2235 2.
139 2208 188 2235 Ms.
206 2216 214 2234 :
229 2208 352 2235 Dominus
365 2208 427 2234 dicit
441 2215 451 2235 :
466 2207 517 2241 Qui
530 2216 582 2235 non
593 2209 707 2235 creditin
720 2207 788 2236 Filio
796 2211 853 2245 jam

63 2244 189 2278 iudicatus
203 2249 250 2270 est.
267 2243 340 2270 Unde
362 2243 469 2278 intelligi
490 2243 577 2277 datur,
594 2245 696 2278 quod...
706 2245 853 2280 judicium,·

63 2279 129 2306 unde
143 2279 296 2314 evanyelista
308 2286 318 2306 :
333 2279 412 2305 Amen
437 2279 495 2304 ilico
515 2279 595 2311 vobis,
621 2280 705 2306 nisi...
722 2284 802 2314 potest
816 2281 855 2307 in-

63 2314 139 2341 troire
151 2315 178 2340 in
188 2322 292 2348 reqnum
303 2313 363 2341 Dei.
375 2313 442 2340 Inde
453 2313 594 2341 Psalmista
606 2322 616 2341 :
630 2315 695 2342 Ideo
705 2323 756 2342 non
770 2323 855 2343 resur-

63 2348 668 2420 ⁹¹3¹·§.¹¹¹5²3sitzr⁰tztttttssttftttt
683 2355 787 2413 22⁰2.oe
805 2387 855 2414 su.

65 2421 188 2445 exeant...
198 2405 463 2459 nequesornict’uores‚
476 2428 556 2454 neque
567 2420 692 2448 ebriosi...
709 2421 748 2448 bis
762 2423 856 2450 similia

66 2457 169 2486 peccata
184 2453 305 2488 copitalia
327 2461 407 2490 unque
429 2455 463 2482 aa
480 2460 585 2482 mortem
605 2457 699 2491 absque
710 2458 856 2492 poenitentia

66 2487 177 2528 sapiant..
188 2485 337 2520 Sententia,
348 2496 408 2524 quae
424 2489 477 2518 hoe
490 2490 549 2518 loco
562 2491 699 2525 asseritur,
714 2492 748 2520 de
762 2493 856 2520 distin-

66 2524 156 2550 ctione
167 2521 313 2550 infidelium
325 2527 354 2551 et
364 2529 533 2559 meatorum
551 2525 775 2561 Christianorum,
789 2536 856 2563 quo-

66 2564 126 2584 rum
136 2557 183 2584 alii
196 2558 353 2592 capitalibus
366 2559 522 2588 criminibus
531 2567 613 2596 usque
624 2562 657 2589 ad
669 2567 780 2590 mortem
792 2572 856 2598 gra-

67 2596 174 2626 vantur,
182 2592 228 2620 atii
238 2599 302 2620 vero
309 2594 424 2634 peccatis
434 2594 541 2630 quidem
551 2597 708 2625 mortalibus
719 2603 856 2633 urgentur,

68 2627 116 2655 sed
127 2634 188 2662 quae
210 2635 362 2656 communia
384 2633 456 2662 sunt,
471 2636 558 2665 nequo
581 2631 618 2658 ita
638 2633 740 2666 gravia,
755 2641 789 2661 ex
802 2642 857 2669 quo

68 2661 202 2697 colligitur
214 2661 335 2691 infideles
348 2667 377 2692 et
395 2667 551 2699 peccatores
566 2665 742 2700 Christianos,
755 2670 857 2704 capita-

67 2697 138 2727 libus
148 2697 305 2739 criminibus
319 2705 472 2734 oppressos,
487 2700 561 2728 exire
569 2701 603 2728 de
615 2700 667 2730 tue
679 2703 732 2730 vita
743 2703 800 2738 jam
809 2704 854 2740 ju-

67 2731 182 2766 dicatos,
202 2732 271 2762 alios
293 2737 382 2762 autem
395 2738 553 2769 poet-‚atores
566 2735 601 2764 ad
612 2741 762 2765 extremum
775 2738 859 2768 divini

47 2768 201 2807 ⁴paerstitit·
209 2768 339 2803 judicium
351 2769 503 2803 reservam
515 2769 584 2804 haee,
595 2771 713 2806 inquam.
727 2774 859 2803 sententia

63 2803 215 2838 :multorum
225 2803 275 2832 tuit
287 2808 407 2833 veterum
427 2804 546 2838 Patrem,
560 2809 589 2834 ut
602 2805 717 2835 indie-vi
735 2807 763 2836 in
775 2807 861 2838 hido-

52 2837 163 3016 ῑξιιιίὀ,
176 2845 236 2876 cap.
250 2838 298 2875 2⁵,
310 2847 339 2868 u.
353 2840 386 2869 17
408 2843 438 2869 et
447 2839 492 2868 ¹8.
510 2839 575 2869 Vide
587 2840 669 2873 etiam
682 2841 860 2874 ‹littei-endam

29 2948 34 3011 i

905 1591 1025 1618 videatur
1040 1591 1104 1618 illud
1118 1592 1188 1625 quod
1202 1591 1399 1625 scriptumest:
1414 1593 1487 1626 Quod
1494 1601 1574 1628 neque
1586 1595 1612 1620 in
1624 1596 1697 1627 coelo,

904 1646 983 1670 neque
997 1639 1023 1664 in
1039 1643 1115 1671 terra,
1142 1646 1220 1672 neque
1234 1639 1322 1665 subtus
1339 1644 1442 1672 tetram,
1457 1640 1572 1666 inventus
1587 1645 1634 1673 est,
1655 1642 1700 1676 qui

905 1685 984 1719 possit
998 1684 1097 1718 aperire
1112 1684 1215 1716 librum,
1228 1689 1252 1710 et
1266 1685 1363 1711 solvere
1382 1685 1517 1719 siqnacula·
1531 1686 1587 1721 ejus·
1604 1685 1697 1721 (Apoc.

905 1739 930 1765 v,
946 1730 986 1765 2).
1005 1730 1081 1758 Unde
1099 1731 1239 1766 perspicue
1252 1736 1324 1765 patet
1334 1731 1407 1758 hunc
1422 1732 1510 1759 locum
1523 1732 1699 1767 qualemcun-

904 1786 956 1813 que
979 1779 1029 1806 sub
1051 1782 1120 1805 terra
1141 1785 1202 1805 esse
1219 1799 1226 1812 ,
1254 1778 1298 1813 qui
1321 1779 1438 1812 infernus
1458 1779 1565 1813 inferior
1586 1783 1614 1807 et
1634 1783 1701 1805 terra

904 1825 1038 1852 oblivionis
1050 1825 1190 1852 vocitatur.

940 1869 966 1897 9.
988 1870 1040 1897 Sed
1057 1870 1100 1896 hic
1125 1870 1191 1904 ignis
1205 1870 1267 1898 dum
1284 1874 1448 1905 praeparatus
1461 1871 1569 1898 diabolo
1588 1871 1700 1905 dicitur,

905 1921 931 1943 et
939 1916 1041 1950 angelis
1055 1916 1124 1951 ejus,
1140 1917 1213 1950 quali
1224 1918 1412 1951 corporalitate
1427 1925 1487 1945 esse
1501 1918 1634 1952 putandus
1648 1923 1700 1951 est,

904 1963 950 1998 qui
964 1963 1074 1998 angelos
1088 1963 1210 1991 cruciare
1222 1965 1326 1998 potest?
1342 1965 1466 1992 Animam
1478 1972 1586 2000 quoque
1596 1965 1702 1998 divitis,

905 2013 1011 2037 exutam
1027 2016 1150 2043 corpore,
1167 2009 1305 2037 infernalis
1318 2010 1363 2038 ille
1373 2011 1442 2045 ignis
1454 2012 1590 2040 cruciasse
1601 2011 1704 2039 descri-

904 2057 986 2091 bitur,
1001 2057 1063 2084 dum
1080 2056 1168 2084 dixit:
1186 2057 1255 2091 Quia
1279 2059 1354 2085 valde
1380 2059 1479 2086 crucior
1492 2060 1519 2086 in
1532 2059 1581 2086 bac
1595 2060 1702 2094 flamma

905 2101 981 2136 (Luc.
998 2113 1055 2139 xvi,
1070 2105 1128 2141 24).
1141 2104 1196 2132 Nisi
1223 2106 1291 2133 torte
1301 2106 1369 2133 lianc
1383 2106 1508 2134 virtutem
1524 2106 1569 2134 ille
1584 2107 1652 2141 ignis
1677 2111 1705 2134 et

905 2152 979 2181 locus
994 2154 1083 2188 habet,
1102 2157 1130 2181 ut
1143 2154 1251 2188 angelos
1266 2157 1293 2181 et
1306 2154 1420 2188 animas,
1436 2158 1463 2181 et
1473 2155 1702 2188 corpora‚eotlem

910 2211 980 2239 inter
995 2212 1104 2246 impium
1119 2215 1146 2238 et
1159 2215 1337 2245 peccatorem,
1353 2210 1398 2237 lib.
1412 2218 1419 2237 ι
1432 2209 1581 2244 Different„
1597 2218 1625 2237 n.
1636 2210 1702 2242 298,

909 2252 936 2274 et
954 2247 1001 2274 lib.
1020 2247 1174 2279 isentent.,
1188 2253 1247 2280 cap.
1264 2246 1308 2272 27.

944 2282 970 2310 4.
991 2281 1057 2310 cod.
1074 2290 1137 2315 ms.,
1159 2283 1191 2308 de
1203 2290 1251 2314 quo
1265 2281 1376 2309 Ioannes
1389 2282 1426 2308 ait
1439 2290 1448 2309 .·
1463 2281 1510 2308 Est
1523 2284 1654 2316 peccatum
1668 2281 1702 2307 ad

907 2322 1049 2346 mortem...
1070 2318 1114 2352 qui
1131 2325 1209 2352 usque
1229 2318 1256 2344 in
1278 2322 1392 2344 extremo
1405 2318 1471 2344 vieoe.
1488 2316 1564 2349 Quod
1588 2316 1704 2343 tortasse

907 2354 1051 2388 genuinum
1063 2357 1115 2380 est.

944 2388 1167 2416 5.1nvotventur.
1191 2388 1321 2419 Excusus,
1337 2387 1508 2414 involvantur.

943 2425 970 2452 6.
984 2425 1043 2456 ms.,
1056 2424 1203 2455 bona,sicut
1214 2424 1249 2450 ait
1260 2423 1359 2449 isaias:
1371 2422 1530 2454 Quiescite...
1540 2421 1700 2457 benefacere.

908 2459 943 2487 Ει
957 2459 1111 2486 Psalmista:
1118 2458 1259 2485 Declina...
1269 2458 1357 2493 tinjus,
1367 2465 1444 2490 quam
1457 2457 1635 2492 praediscimus,
1645 2465 1705 2485 sen-

910 2495 1006 2522 tentioe.

944 2532 969 2557 7.
990 2529 1025 2558 Μ
1037 2534 1083 2562 est,
1108 2530 1203 2565 inferni
1230 2528 1369 2564 ergastulo.
1386 2527 1434 2554 Ms.
1452 2527 1478 2554 id
1492 2527 1600 2556 omittit.
1627 2528 1702 2556 Idem

909 2567 958 2594 Ms.
975 2586 983 2598 ,
997 2565 1137 2593 crucianda
1179 2572 1208 2592 ro
1223 2565 1344 2590 cruciata.
1361 2562 1389 2590 Ιιι
1406 2562 1530 2590 Editione
1543 2568 1601 2591 erat
1613 2563 1701 2600 subja—

909 2601 984 2631 cebit.
1009 2601 1080 2636 quod
1095 2607 1129 2627 ex
1169 2607 1193 2628 s.
1212 2600 1311 2626 mutavi
1326 2599 1353 2625 in
1373 2598 1514 2634 subJaceat.
1530 2594 1620 2633 Pergit
1631 2599 1703 2627 his-2

912 2637 947 2664 tJe
961 2636 1086 2664 Dominus
1109 2635 1145 2662 ait
1158 2643 1257 2662 servum
1271 2634 1388 2661 inutilem
1401 2633 1492 2660 mittite
1510 2633 1538 2660 in
1551 2634 1703 2662 tenebras...

911 2672 954 2699 ubi
964 2679 1059 2698 vermes
1070 2678 1160 2697 eorum
1178 2679 1230 2697 non
1242 2670 1396 2702 moriuntur,
1411 2673 1435 2695 et
1449 2669 1516 2704 ignis
1544 2677 1594 2695 non
1608 2669 1703 2696 astin-

913 2708 1007 2743 9uitur.
1015 2707 1111 2768 De¹quo
1119 2706 1175 2732 loco
1184 2705 1289 2741 quidam
1299 2705 1375 2732 etiam
1381 2704 1453 2731 dicit.
1461 2703 1535 2732 Sicut
1541 2707 1625 2738 terroe,
1635 2709 1703 2738 etc..

914 2749 1020 2770 omis-sis
1033 2749 1048 2768 a
1062 2749 1103 2769 ns.

949 2775 976 2806 8.
996 2776 1083 2804 Patet.
1096 2777 1158 2810 Me„
1172 2776 1276 2804 dicitur.
1292 2775 1327 2804 Et
1340 2779 1458 2808 vocatur,
1470 2781 1520 2809 pro
1531 2775 1668 2803 nocuum.

949 2813 976 2840 9.
993 2812 1053 2846 Me..
1066 2812 1099 2841 de
1112 2813 1175 2847 fietis
1186 2816 1288 2841 αισι-πω
1295 2811 1488 2839 resurrectionis
1500 2811 1605 2838 dicitur.

870 2232 897 2262 D
