1832 3016
61 2647 73 2693 ζ
113 2642 159 2670 79.
176 2641 205 2669 tn
217 2645 293 2669 textu
329 2636 398 2670 antu
416 2643 513 2671 enit·

59 2678 160 2741 ⁴³wi.
175 2712 231 2747 st,
245 2711 358 2748 angat--
371 2710 546 2740 nuptm.

75 87 126 117 t73

508 85 543 116 m
558 87 624 118 ΗΒ.
645 85 724 114 VET.
745 86 790 116 m·
809 86 889 115 NOV.
912 87 931 114 T
935 86 1060 117 [esum.
1077 87 1259 117 PROOEttttt.

1653 93 1708 125 174

74 147 212 175 catholicis
235 146 424 180 sacramentis,
443 146 524 182 211
555 144 675 172 haretici
701 150 860 180 arguuntur.
874 145 900 175 Α
914 146 1043 174 describit
1055 152 1082 175 et
1104 152 1252 182 pastorem,
1268 148 1478 183 Antichristum,
1493 157 1562 186 opus
1577 157 1603 179 et
1616 152 1707 183 inu-n,

75 193 123 221 liic
135 194 242 221 tertium
257 193 325 221 diem
352 191 557 220 resurrectionis
580 190 680 219 Christi
709 193 862 227 prophetat,

74 236 154 274 atq'ue
167 239 191 266 iu
205 239 319 268 adventu
333 237 431 266 Christi
445 241 531 265 totum
547 237 641 265 orbem
667 238 718 265 sub
731 246 783 266 uno
797 238 863 274 jugo

75 285 188 318 Domino
201 284 360 312 serviturum
384 284 536 312 annuntiat.
571 284 748 320 prophetavit
770 290 862 314 autem

75 330 126 360 sub
140 331 222 363 sosia,
233 329 340 365 qnando
359 333 387 356 et
396 329 538 357 Jeremtas.

383 386 423 413 De
437 386 545 422 Aqyoeo.

110 442 156 470 76.
172 442 297 477 Aggasus,
314 442 360 476 qui
371 441 563 477 interpretatur
575 442 705 470 solemnis.
720 443 768 471 iiic
780 444 805 471 in
818 452 864 472 va-

74 487 159 516 ticinii
171 488 211 515 sui
225 491 298 515 textu
314 488 444 522 templum
457 488 561 515 Domini
575 491 779 518 restaurandum
794 498 863 525 prae-

72 533 163 567 cepit,
178 533 368 561 contritionem
385 534 512 566 praedicat
526 535 646 569 gentium
661 558 667 569 ‚
684 536 725 564 vel
742 544 862 563 commo-

71 579 171 606 tionem
181 579 262 606 totius
268 579 359 607 mundi
371 580 503 614 praedicit,
515 588 546 607 ac
557 581 607 608 sub
616 581 698 616 tigura
711 582 863 610 zorobabel

71 623 171 651 Christi
186 624 345 652 vaticinatur
368 625 524 652 adventum.
551 625 757 661 Septuagesimo
774 632 862 654 autem

71 675 143 695 anno
157 669 320 704 captivitatis
333 670 424 705 popuii
441 671 621 705 prophetavit,
639 672 745 699 duobus
760 677 862 700 tantum

72 715 211 743 meiisibus
226 715 383 744 Zachariam
400 718 527 744 vaticinio
541 725 589 744 suo
604 719 771 753 praecedens.

369 773 409 800 De
423 773 562 803 Zacharia.

917 192 1016 221 tionem
1030 194 1055 221 in
1070 193 1180 221 sinistro
1195 194 1348 222 habentem.

956 238 1000 266 80.
1018 239 1120 274 Equum
1135 247 1242 274 quoque
1258 240 1282 266 iu
1298 241 1381 275 figura
1400 240 1487 274 plebis
1502 240 1688 274 haeretieorum
1698 262 1707 279 ,

916 287 943 309 et
958 291 1128 312 ascensorem
1141 285 1201 319 ejus
1212 285 1359 316 diabolum.
1373 285 1503 312 Praedicat
1515 287 1596 314 etiam
1607 287 1707 319 iontem

916 329 942 356 in
961 330 1041 357 domo
1057 331 1112 358 veri
1126 331 1224 365 David,
1243 336 1377 366 patentem
1401 332 1426 357 in
1441 332 1547 360 iavacro
1563 341 1709 368 regenera-

916 376 1006 403 tionis.
1022 377 1079 403 Atia
1097 385 1263 411 quaecunque
1278 377 1381 409 scribit.
1398 382 1443 404 aut
1469 378 1502 404 de
1525 379 1640 407 adventu
1656 381 1709 408 Do-

915 421 990 454 mini,
1007 426 1052 448 aut
1063 421 1095 449 de
1108 421 1167 456 ejus
1182 422 1307 456 passione
1320 426 1392 454 sunt,
1417 427 1462 449 aut
1475 423 1509 450 de
1524 425 1616 452 saeculi
1632 425 1685 453 tine
1699 447 1707 458 ,

914 468 971 495 sive
990 467 1100 502 judicio.
1118 468 1294 502 Proplietavit
1308 473 1398 495 autem
1414 469 1532 496 serundo
1544 477 1614 497 atino
1636 470 1710 499 Darii

915 514 984 548 regis
1002 515 1160 547 Medorum,
1183 515 1280 543 iisdem
1302 516 1467 551 temporibus
1481 517 1578 551 quibus
1600 521 1628 545 et
1649 519 1710 553 Ag-

914 567 997 593 gaeus,
1015 567 1085 587 anno
1100 562 1300 596 septuagesimo
1314 562 1489 590 desolationis
1506 564 1597 598 tempii
1616 569 1644 591 et
1658 572 1709 591 ca-

914 605 1044 639 ptivitatis
1059 605 1160 640 populi.

1206 652 1246 680 De
1261 653 1403 681 Malachia.

950 698 995 725 81.
1008 698 1153 726 Malachias
1162 721 1168 731 ‚
1195 700 1238 733 qui
1255 699 1447 733 intui-prvtatur
1457 701 1565 735 onqelus
1578 700 1703 735 Domini,

917 743 943 770 iu
960 744 1092 778 principio
1115 744 1232 772 vaticinii
1248 745 1289 772 sui
1303 745 1470 772 demonstrat
1485 746 1575 773 odium
1600 746 1709 774 Judaeo-

914 797 974 818 rum
987 791 1012 818 in
1025 791 1106 824 Esau,
1121 796 1147 819 et
1157 791 1329 820 dilectionem
1341 791 1458 826 juniorls
1472 794 1562 827 populi
1575 795 1600 820 in
1612 794 1704 821 Jacob.

107 827 152 855 76.
165 827 330 863 Zacharias,
354 831 399 865 qui
423 832 577 859 nominatur
593 833 716 860 memorio
739 833 862 866 Domini,
880 835 902 869 Β
917 836 943 864 in
966 837 1140 870 sequentibus
1164 843 1251 864 autem
1279 843 1382 874 veteres
1405 838 1558 867 intimorum
1582 840 1705 868 victimas

70 878 211 909 postquam
225 875 279 910 jam
305 875 410 903 Domini
434 878 554 911 patribus
582 878 751 912 prophetavit
764 899 771 911 ‚
800 879 865 906 vidit

72 919 156 946 virum
170 920 308 948 sedentem
331 929 410 956 super
425 930 522 957 equum
539 923 638 956 riuum,
667 924 692 951 in
710 925 793 958 ligura
806 932 866 951 ror-

72 966 146 1000 poris
159 965 388 998 Christi,roseum
405 969 536 1003 sanguine
551 970 684 1004 passionis
698 990 705 1003 ,
720 970 777 997 sive
792 979 866 1006 ruyr-

73 1017 139 1046 teta,
151 1014 269 1048 gentium
283 1015 409 1048 populum
421 1015 609 1050 sigriilicantia3
621 1017 716 1051 aspicit
726 1022 753 1043 et
766 1025 865 1044 cornua

72 1062 198 1093 quatuor,
212 1059 271 1086 sive
293 1059 383 1087 iabros
398 1060 425 1087 in
450 1061 534 1095 ligura
549 1063 680 1096 gentium,
697 1071 755 1097 quoe
771 1063 866 1090 iudam

73 1109 100 1132 et
113 1104 193 1132 lsrael
207 1105 393 1140 dispergentes
403 1126 410 1139 ‚
437 1108 511 1141 gravi
529 1108 647 1141 pondere
662 1108 866 1142 depresserunt.

109 1151 151 1177 77.
169 1151 289 1179 intuetur
313 1151 437 1179 similiter
451 1157 478 1180 et
493 1152 583 1180 lesum
599 1174 607 1187 ,
629 1154 753 1181 sordibus
779 1155 867 1182 carnis

73 1202 100 1225 et
114 1197 278 1225 mortalitate
294 1198 429 1231 vestitum,
443 1198 540 1232 quibus
556 1199 662 1231 ablatis,
678 1200 801 1227 indutum
817 1201 868 1227 im-

73 1244 238 1279 mortalitate
258 1247 285 1270 et
304 1244 388 1278 gloria
403 1263 410 1270 .
441 1243 535 1271 Cernit
554 1249 580 1271 et
605 1245 739 1280 lapidem,
761 1246 807 1281 qui
827 1250 869 1273 est

73 1290 208 1323 Christus,
225 1293 328 1324 septem
351 1290 492 1317 habentem
510 1290 618 1324 oculos,
635 1291 660 1317 id
676 1295 726 1323 est,
741 1292 867 1325 septifor-

74 1335 124 1362 mis
140 1334 250 1370 spiritus
262 1333 468 1369 plenitudinem.
482 1333 554 1362 inter
569 1334 625 1361 haec
635 1333 755 1362 intuetur
768 1341 866 1362 torrem

72 1385 100 1409 et
115 1382 235 1409 titionem
247 1383 408 1409 exstinctum
420 1403 427 1415 ,
455 1381 481 1409 id
497 1386 549 1414 est,
566 1381 715 1411 diabolum.
729 1381 867 1409 Candela-

72 1426 150 1454 brum
165 1426 236 1454 videt
258 1425 284 1454 i'n
311 1427 394 1462 figura
408 1426 505 1454 Christi
520 1434 580 1454 cum
605 1427 722 1454 lucernis
744 1433 863 1462 septem,

72 1480 131 1507 quae
143 1476 207 1500 sunt
222 1472 365 1506 Ecclesiae;
381 1480 486 1500 necnon
501 1477 528 1500 et
543 1473 609 1500 duas
623 1473 708 1501 olivas
722 1494 729 1508 ,
756 1473 790 1500 ad
801 1474 866 1501 dex-

73 1522 157 1544 teram
181 1522 208 1545 et
224 1518 256 1545 ad
279 1518 414 1545 sinistram
434 1518 589 1546 candelabri
603 1520 705 1554 positas
718 1538 725 1552 ,
749 1519 862 1547 duorum
878 1518 900 1549 C

72 1562 309 1592 'testamentorum
327 1568 417 1599 typum
433 1564 625 1600 significantes.

108 1609 152 1638 78.
169 1611 289 1639 Assumit
306 1618 412 1646 quoque
435 1611 506 1639 idem
523 1612 588 1639 duas
611 1612 698 1647 virgas
712 1613 823 1640 funiculi
837 1618 864 1641 et

72 1657 178 1686 decoris
194 1659 221 1685 in
236 1662 299 1694 typo
309 1657 460 1685 iudaeorum
473 1663 499 1686 et
510 1660 639 1693 gentium.
653 1659 755 1695 Aspicit
766 1660 864 1688 deinde

72 1703 138 1732 duas
149 1705 287 1738 mutieres,
305 1706 331 1733 id
347 1710 404 1738 est,
419 1705 607 1734 haereticorum
624 1706 724 1740 plebes,
747 1707 803 1734 sive
815 1707 863 1734 Ju-

72 1750 204 1784 daeorum,
220 1751 246 1778 in
271 1751 320 1779 alis
341 1751 395 1778 suis
419 1751 538 1779 levantes
562 1751 738 1787 amphoram,
756 1753 782 1779 id
800 1758 841 1780 est
855 1774 862 1785 ,

76 1796 240 1824 diabolicam
255 1795 417 1831 doctrinam,
432 1803 600 1832 massamque
612 1798 722 1832 plumbi,
738 1798 808 1832 quod
823 1804 864 1825 est

75 1844 155 1879 212
181 1843 284 1879 pondus
308 1844 408 1877 peccati
425 1843 629 1878 gravissimum,
653 1844 710 1871 sive
735 1844 861 1872 volumen

75 1889 185 1924 voians,
201 1889 227 1916 in
241 1895 294 1924 quo
305 1893 413 1923 peccata
430 1888 567 1916 bominum
581 1893 608 1917 ct
620 1890 751 1925 supplicia
763 1891 864 1918 descri-

74 1936 185 1964 buntur.

110 1981 155 2008 ⁷9.
175 1981 251 2008 Videt
264 1985 290 2008 et
305 1980 449 2016 quadrigas
461 1985 587 2015 quatuor,
599 1989 652 2008 uno
666 1981 864 2015 praedicationis

74 2028 237 2063 evangelicae
249 2027 314 2063 jugo
338 2031 487 2055 currentes.
506 2027 571 2054 Post
595 2028 645 2054 hoc
666 2028 761 2061 aspicit
781 2035 865 2062 equos

76 2075 174 2103 missos
196 2074 229 2102 ad
255 2073 471 2107 praedicationem
491 2073 583 2100 muudi
599 2082 605 2098 ε
623 2073 738 2107 primum
755 2072 843 2100 rufum
856 2094 863 2106 ,

74 2123 200 2158 passione
213 2121 344 2156 martyrii.
362 2120 515 2148 Secundum
532 2120 653 2155 nigrum,
668 2120 792 2154 squalore
808 2128 866 2155 poe-

75 2169 204 2198 nitentiae.
220 2169 339 2196 Tertium
351 2168 453 2202 album,
466 2166 583 2195 candore
594 2167 865 2201 baptismatis.Quar-

917 882 1056 915 reprobat.
1073 882 1105 908 iit
1116 882 1279 910 sacrificium
1295 884 1433 910 transferri
1445 884 1477 910 ad
1490 890 1586 919 gentes
1603 893 1709 913 annun-

918 927 975 953 tiat.
993 927 1020 953 lu
1048 927 1100 954 [ine
1123 935 1185 955 vero
1209 928 1352 956 adventum
1371 930 1493 963 Domini,
1519 931 1589 959 diem
1606 939 1712 966 quoque

916 972 1010 1006 juditii
1029 973 1216 1008 justorumque
1237 975 1345 1008 prmniia
1360 996 1366 1007 ‚
1394 980 1420 1003 et
1441 976 1584 1010 impiorum
1607 975 1727 1011 poeuas'..

918 1018 1047 1045 ioannem
1071 1019 1151 1046 etiam
1182 1021 1309 1054 praedicat
1331 1025 1392 1048 ante
1420 1023 1534 1056 primum
1563 1023 1710 1051 adventum

920 1065 1026 1093 Domini
1042 1066 1167 1101 missum,
1183 1072 1209 1094 et
1227 1067 1310 1095 Etiam
1327 1073 1389 1095 ante
1404 1069 1551 1096 secundum
1565 1070 1710 1098 adveutum

920 1113 1059 1140 annuntiat
1075 1120 1134 1140 esse
1148 1115 1319 1141 mitten-tum.

955 1158 999 1186 85²..
1032 1159 1104 1186 inter
1132 1159 1189 1186 haic
1214 1160 1343 1187 nonnulla
1365 1161 1477 1190 moralia
1507 1167 1534 1189 et
1564 1162 1713 1196 disriplinis

919 1206 1096 1239 congruentia
1119 1207 1235 1239 explicat
1246 1227 1253 1238 ,
1279 1207 1305 1233 in
1321 1207 1418 1241 quibus
1434 1209 1543 1242 corripit
1559 1209 1684 1243 populun·
1701 1231 1709 1243 ,

920 1253 976 1280 sive
992 1253 1147 1280 sacerdotes
1163 1254 1344 1287 despicientes
1360 1261 1457 1281 nomen
1476 1255 1580 1283 Domini
1595 1276 1602 1287 .
1631 1261 1712 1291 atque

920 1300 979 1332 ejus
1010 1303 1178 1326 sacramenta
1198 1299 1306 1333 pollutis
1322 1299 1505 1327 oblationibus
1526 1306 1553 1328 et
1572 1302 1712 1330 sacrificiis

881 1368 884 1371 ,
918 1344 998 1379 213
1014 1345 1155 1371 violantes.
1172 1343 1326 1372 Praemonet
1348 1344 1428 1372 etiarn
1441 1346 1583 1380 episcopos
1597 1347 1691 1375 doctos
1702 1368 1710 1381 ,

918 1396 944 1416 et
958 1391 1015 1417 siue
1031 1391 1137 1417 macula
1151 1398 1211 1418 esse
1225 1390 1337 1424 dehere,
1349 1395 1376 1419 et
1391 1392 1457 1419 citra
1471 1400 1645 1427 personarum
1662 1402 1713 1421 ac-

917 1437 1068 1472 ceptionem
1094 1438 1209 1472 populos
1234 1438 1377 1467 veritatem
1398 1438 1550 1471 instruere;
1570 1440 1712 1467 discordes

916 1491 1022 1518 qunque
1047 1483 1147 1517 arguit,
1164 1483 1285 1511 decimas
1309 1489 1337 1512 et
1363 1484 1496 1518 primitias
1515 1485 1667 1514 reddendas
1683 1486 1711 1514 in

918 1529 1140 1563 praedicatoribus
1154 1536 1168 1555 a
1191 1530 1297 1564 populis
1314 1529 1440 1558 Ecclesiae
1455 1531 1584 1564 praecipit.

951 1575 995 1602 85.
1010 1575 1139 1610 objurgat
1151 1580 1179 1602 et
1193 1583 1240 1602 eos
1255 1576 1299 1610 qui
1315 1576 1442 1610 coniuges
1458 1584 1520 1604 suas
1534 1577 1708 1612 despiciunt,

916 1625 943 1648 et
957 1621 1070 1648 aliarum
1094 1628 1185 1647 amore
1207 1626 1360 1647 nectuntur.
1378 1621 1510 1648 Similiter
1520 1626 1548 1653 et
1563 1622 1624 1653 illos
1639 1623 1685 1656 qui
1697 1643 1706 1656 ,

916 1667 1051 1694 miseriam
1066 1674 1140 1694 suam
1153 1667 1293 1699 dolentes,
1315 1667 1470 1698 felicitatem
1483 1668 1594 1697 laudant
1612 1677 1706 1696 eorum

916 1713 960 1748 qui
978 1713 1057 1747 hujus
1073 1712 1168 1740 muudi
1186 1713 1321 1747 prosperis
1338 1713 1520 1747 perfruuntur.
1533 1715 1707 1749 Prophetavit

914 1763 1003 1786 autem
1020 1759 1183 1790 novissimus
1201 1759 1227 1786 in
1241 1758 1380 1794 Babylone
1392 1779 1399 1791 ,
1424 1760 1534 1794 quando
1551 1762 1665 1796 Aggasus
1679 1765 1707 1788 et

915 1804 1069 1832 Zacharias.
1554 1800 1561 1810 ’

1241 1849 1278 1878 De
1293 1849 1390 1878 Esdra.

952 1898 997 1924 84.
1015 1896 1114 1923 Esdras
1138 1895 1232 1923 scribit
1256 1896 1400 1930 populum,
1424 1898 1532 1931 expleto
1545 1898 1710 1932 captivitatis

917 1950 1050 1978 tempore,
1067 1944 1218 1978 imperante
1242 1942 1312 1978 Cyro
1329 1950 1391 1977 rege
1406 1943 1548 1971 Persarum
1560 1966 1567 1978 ,
1590 1945 1616 1971 in
1631 1944 1711 1973 Jeru-

917 1991 1000 2017 salem
1029 1989 1111 2016 iuisse
1130 1995 1289 2020 reversum,
1306 1995 1336 2015 ac
1353 1988 1404 2014 sul)
1424 1987 1574 2016 Zorobabcl
1598 1994 1624 2017 et
1646 1989 1709 2017 lesu

917 2036 971 2063 filio
984 2034 1128 2066 insederit,
1146 2034 1287 2060 sacerdote
1302 2041 1408 2069 niagno,
1422 2035 1479 2062 sive
1494 2034 1635 2068 Nehemia,
1649 2044 1707 2064 mu-

918 2089 962 2109 ros
973 2080 1121 2108 Jerusalem
1138 2080 1322 2114 templumque
1336 2084 1363 2107 et
1375 2079 1460 2108 altare
1473 2086 1630 2109 renovatum
1641 2102 1647 2113 ,
1663 2081 1709 2116 jus

917 2134 1025 2162 qunque
1035 2125 1205 2152 sacerdotum
1223 2125 1376 2152 restitutum
1388 2145 1394 2155 .
1408 2130 1434 2152 et
1450 2130 1552 2153 sanctas
1566 2126 1706 2161 religionis

917 2173 1019 2200 cultum
1037 2193 1043 2204 ,
1071 2171 1217 2204 multisque
1243 2171 1338 2204 opibus
1365 2171 1486 2205 gentium
1506 2171 1710 2208 principumque

77 2219 132 2242 tum
149 2215 252 2242 varium
265 2235 273 2247 ,
301 2214 472 2248 expositione
486 2218 513 2240 et
536 2213 658 2240 doctriua
682 2213 754 2240 fidei.
774 2214 864 2241 Cernit
879 2215 904 2245 D
918 2218 1060 2246 Persarum
1076 2216 1234 2244 muneribus
1248 2221 1431 2252 perornatum.

75 2269 181 2298 quoque
196 2266 223 2289 et
237 2261 323 2295 tubas,
341 2267 496 2289 sanctorum
509 2265 644 2297 gestantes
668 2261 778 2296 liguram
794 2284 800 2296 ‚
817 2270 864 2298 prr

75 2314 142 2342 quas
156 2307 283 2335 Dominus
296 2307 397 2335 mundo
411 2307 493 2340 canit,
508 2312 588 2342 atque
603 2307 727 2342 angulum
737 2329 744 2342 ,
770 2308 796 2336 in
812 2316 864 2343 quo

75 2353 130 2381 duo
140 2361 173 2382 ex
187 2355 302 2382 adverso
315 2353 407 2389 populi
422 2353 631 2389 conjunguntur.
648 2355 706 2382 sive
723 2354 862 2390 paxillum,

78 2398 225 2434 figuraliter
234 2399 384 2435 christum,
394 2399 506 2428 infixum
518 2401 544 2428 in
555 2400 682 2429 cordibus
693 2402 863 2438 populorum,

113 2464 158 2527 38.
171 2466 228 2498 st..
241 2467 268 2498 tn
282 2467 407 2502 pati-ibus.
417 2467 493 2510 ⁵¹⁴&

131 2501 159 2528 7.
183 2500 255 2529 inter
282 2507 377 2530 terrem
401 2507 430 2531 et
453 2507 569 2531 titionem
594 2503 696 2536 nulium
717 2500 865 2532 discrimen

77 2542 114 2612 re.
133 2535 393 2607 ssziai??3feb³o¹i::t⁶,
406 2579 566 2611 mecumqtu
575 2579 625 2614 pro
640 2573 796 2602 &boticem
807 2573 866 2602 doe—

78 2610 174 2634 truum
183 2626 192 2637 ‚
205 2613 248 2633 mo
366 2625 374 2634 .
389 2607 460 2639 ΙΙΑι.

561 2651 578 2676 ο
589 2652 639 2678 pro
650 2643 763 2679 'infin-n«
773 2667 780 2679 ,
795 2645 868 2681 quod

100 2680 121 2707 ι
135 2677 198 2705 aliis
210 2681 239 2704 et
252 2683 334 2704 mnan
350 2677 409 2714 ipso
421 2682 517 2705 corre}
529 2697 538 2706 .
551 2679 637 2710 Asu.

560 2714 615 2760 Al..
629 2714 709 2751 finem
718 2716 864 2746 numam.

146 2817 206 2855 ΔΙ..
217 2817 351 2847 radenda
360 2824 378 2846 a
389 2816 496 2855 ownia
508 2818 636 2856 παῦρα,
651 2819 724 2848 uua

1204 2261 1241 2289 De
1258 2262 1424 2290 Mochaboet's.

954 2309 998 2337 85.
1014 2308 1228 2336 Machabaeorum
1254 2308 1313 2335 lihri
1327 2330 1334 2342 ‚
1350 2308 1413 2335 iicet
1437 2315 1490 2335 non
1516 2308 1666 2335 habeantur
1680 2308 1708 2335 in

917 2362 1020 2383 canone
1042 2355 1214 2381 iiehraeorum
1226 2375 1233 2387 ,
1251 2359 1340 2380 tannen
1356 2353 1390 2380 ab
1415 2354 1534 2380 Ecclesia
1558 2354 1628 2380 inter
1642 2353 1712 2381 divi-

917 2409 1013 2434 norum
1030 2401 1198 2429 voluminum
1211 2404 1423 2428 annumerantur
1439 2399 1576 2431 historias.
1595 2399 1708 2429 Pramo-

954 2469 998 2497 85.
1008 2469 1076 2496 Suos
1084 2468 1238 2502 despiciunt,
1247 2471 1270 2493 et
1280 2467 1391 2494 aliorum
1401 2473 1488 2493 amore
1497 2471 1644 2496 nectuntur.
1651 2467 1710 2532 guo

919 2505 964 2532 iiis
978 2504 1090 2533 »aienses
1104 2507 1164 2537 post
1176 2498 1232 2529 iiaec
1241 2502 1320 2529 verba
1333 2501 1434 2529 addunt
1446 2510 1452 2528 :
1466 2501 1636 2530 truncantem
1680 2511 1710 2530 a·

919 2513 1032 2567 tacitam
1054 2537 1158 2565 Hehroei
1174 2537 1286 2564 Esdram
1298 2535 1443 2577 intelligunt
1456 2538 1624 2578 sacerdotem.
1641 2536 1711 2566 Nam

919 2580 943 2604 et
964 2572 1096 2609 compluria
1106 2579 1163 2634 ἵκω
1185 2573 1213 2600 in
1236 2572 1284 2599 hnc
1300 2573 1398 2607 prophe
1410 2580 1437 2598 ια
1451 2571 1597 2604 scribuntur
1612 2580 1639 2601 m
1653 2573 1710 2608 ejus

920 2610 1050 2638 volumine
1062 2617 1109 2635 con
1124 2609 1237 2635 inentnr.
1247 2607 1312 2641 Quae
1327 2607 1407 2635 verba
1425 2608 1530 2636 taiuetsi
1541 2607 1709 2644 iiiet‘ottymi,

920 2646 1025 2681 praetat.
1053 2645 1079 2672 in
1097 2643 1168 2671 hunc
1181 2642 1338 2679 prophetant
1353 2662 1360 2674 ‚
1374 2645 1403 2669 et
1419 2642 1559 2676 Augustini
1573 2641 1652 2672 nde
1664 2642 1710 2671 Ci-

920 2682 972 2710 vit.
985 2701 993 2714 ‚
1013 2688 1038 2708 r.
1050 2678 1086 2706 25
1096 2699 1104 2712 ‚
1127 2680 1288 2706 auctoritate
1303 2676 1410 2705 del'eudi
1425 2681 1566 2713 poterant,
1580 2681 1634 2709 tant
1647 2685 1708 2706 uam

920 2716 992 2745 male
1009 2721 1100 2778 asfiuta
1121 2715 1182 2742 toco
1204 2714 1358 2747 movimus,
1381 2710 1579 2751 reieettnusque
1592 2713 1620 2743 in
1658 2721 1709 2743 nne

920 2751 1020 2780 iocum.
1059 2757 1104 2778 n.

955 2787 1002 2816 80.
1016 2784 1060 2815 At.
1073 2804 1082 2821 ,
1095 2781 1213 2826 serinii,
1227 2783 1364 2827 poputum.
1379 2780 1452 2818 Usa.
