1832 3016
26 314 29 317 '
55 313 110 347 ‚gni
120 320 186 340 vero
199 321 226 350 tn

19 859 27 872 ¹*
45 859 138 886 *viliter
153 864 194 886 est
209 866 378 894 exportatum
394 866 474 896 atque
485 863 628 896 sepultum.

2 1041 16 1055 ”
39 1041 163 1070 «obsedit.
185 1043 269 1070 Morte
283 1045 389 1078 propria
406 1045 491 1072 'l'oleti
506 1046 633 1074 decessit.

11 1088 12 1091 ’
81 1083 124 1116 ΒΟ.
146 1087 209 1116 AEra
230 1097 298 1122 oen,
319 1098 363 1117 an.
383 1090 488 1125 imperii
509 1092 624 1120 Heraclii
648 1101 676 1120 ιι.
699 1094 836 1123 sisebutus

9 1175 17 1192 ⁴¹
46 1179 115 1206 ium
131 1185 270 1214 evocatur,
287 1187 380 1216 regnat
396 1190 459 1211 ann.
476 1191 531 1217 rin,
543 1192 628 1212 mens.
642 1193 683 1218 vt;
701 1187 744 1220 qni
761 1187 836 1214 initio

3 1228 17 1236 ‘¹
38 1226 231 1261 rregniJudaeos
240 1229 273 1255 ad
286 1229 365 1257 fidem
376 1230 554 1258 Christianam
566 1238 736 1265 permovens,
751 1240 833 1259 aemu-

37 1273 168 1300 llationem
194 1274 301 1308 quidem
326 1275 418 1303 habuit
433 1296 440 1309 ,
456 1276 502 1303 sed
516 1284 570 1303 non
584 1277 733 1304 secundum
747 1278 834 1306 scien-

46 1319 104 1346 jam
118 1329 125 1352 ;
142 1324 276 1354 potestate
292 1322 362 1349 enim
378 1323 506 1357 compulit
529 1331 596 1358 quos
610 1332 758 1358 provocare
772 1326 832 1353 [idei

0 1356 12 1404 ⁰¹*
35 1365 145 1393 natione
156 1367 282 1400 oportuit.
295 1367 359 1400 Sed,
372 1367 440 1395 sicut
451 1372 492 1396 est
506 1369 648 1403 seriptum,
659 1370 715 1398 sive
730 1378 777 1405 per
787 1378 832 1399 oc-

0 1410 2 1426 ¹
43 1410 186 1444 zasionem,
202 1411 259 1439 sive
270 1419 319 1446 per
334 1413 483 1445 veritatem,
498 1413 582 1441 donec
592 1413 715 1442 Christus
728 1423 831 1443 annun-

0 1455 9 1473 ¹
42 1457 129 1484 tiatnr.
150 1456 308 1484 Fuitautcm
323 1458 429 1492 eloquio
445 1459 556 1493 nitidus,
574 1460 708 1487 sententia
723 1461 828 1495 doctus,

7 1493 9 1496 ¹
32 1502 148 1530 --cientia
164 1503 419 1539 litterarunflmagna
431 1512 463 1532 ex
483 1509 556 1539 parte
571 1506 699 1534 imbutus.
717 1507 744 1534 ln
755 1507 827 1542 judi-

53 1547 85 1574 iis
108 1547 209 1582 iustitia
230 1554 256 1576 et
271 1550 369 1583 pietate
389 1554 515 1578 strenuus
535 1558 566 1579 ac
578 1553 825 1588 praestantissImus,

2 1629 4 1633 ,
32 1595 293 1631 tinente-benignus,
313 1598 388 1632 127
404 1598 546 1632 splendore
572 1600 824 1635 regnipraecipuus,

0 1637 4 1662 Ι
38 1648 62 1668 ιιι
87 1641 191 1669 bellicis
215 1649 322 1677 quoque
343 1642 512 1671 documentis
536 1651 568 1671 ac
589 1645 709 1673 victoriis
725 1646 822 1674 clarus.

70 1687 114 1715 6¹.
131 1687 244 1716 Astures
259 1689 329 1716 enim
353 1689 515 1717 rebellantes
527 1711 535 1723 ‚
553 1690 636 1718 misso
650 1692 780 1723 exercitu.
798 1693 824 1720 in

34 1732 161 1761 ditionem
178 1741 253 1761 suam
277 1734 392 1762 reduxit.
413 1735 552 1763 Ruccones
579 1737 715 1764 montibus
734 1737 824 1765 arduis

5 1780 6 1786 ¹
30 1779 149 1814 nudique
159 1785 299 1814 conseptos
314 1787 360 1814 per
373 1779 454 1808 duces
467 1781 557 1808 evicit.
571 1781 608 1808 De
619 1781 746 1810 Romanis
755 1791 823 1818 quo-

0 1817 3 1822 *
33 1832 84 1859 que
106 1830 222 1859 presens
247 1825 288 1852 bis
309 1825 422 1853 feliciter
447 1827 630 1861 triumphavit,
644 1832 671 1855 et
694 1829 822 1862 quasdam

30 1877 126 1897 orum
139 1870 220 1898 urbes
235 1872 413 1906 expugnando
426 1872 478 1899 sibi
494 1872 628 1907 subjecit,
644 1874 765 1901 residuas
786 1875 823 1902 in-

6 1951 8 1953 >
48 1924 72 1943 ·r
87 1915 185 1944 fretum
201 1925 294 1945 omnes
318 1919 469 1946 exinanivit
483 1941 490 1952 ,
508 1927 573 1952 qnas
587 1927 654 1953 gens
673 1920 821 1948 Gothorum

37 1967 90 1989 nost
104 1962 129 1989 in
141 1962 269 1990 ditionem
284 1970 359 1991 suam
381 1964 458 1991 facile
479 1964 592 1999 redegit.
623 1965 697 1993 Adeo
708 1971 768 2001 post
783 1967 822 1994 vi-

29 2009 142 2036 ·:toriam
164 2009 284 2037 clemens
296 2031 304 2043 ,
322 2013 352 2036 ut
376 2010 473 2037 multos
485 2010 518 2037 ab
535 2010 654 2038 exercitu
669 2018 718 2038 suo
731 2012 821 2039 hostili

37 2054 118 2081 ruoeda
134 2054 161 2081 in
177 2054 330 2082 servitutem
350 2056 490 2089 redactos,
506 2056 592 2090 pretio
604 2057 685 2089 dato,
700 2057 821 2085 absolve-

65 2133 110 2160 57.
126 2132 195 2166 (Col.
209 2132 336 2167 praeced.)
352 2132 504 2165 florezius,
518 2140 576 2159 cum
593 2133 716 2161 Editione
726 2133 819 2161 Grialii

35 2167 322 2201 tBiclarensi,annum
334 2167 365 2195 19
374 2168 491 2195 Mauricii
499 2168 633 2202 designat;
643 2169 687 2196 alii
695 2169 762 2196 alios
770 2177 804 2198 an

62 2237 107 2265 58.
130 2237 157 2264 lu
187 2238 309 2266 Editione
333 2238 445 2270 Grialii,
472 2246 548 2264 error
577 2242 618 2264 est
644 2246 815 2267 numerorum

31 2272 127 2300 cilicet
150 2281 237 2305 ncnxt,
263 2281 310 2306 pro
335 2281 422 2304 nexu,
446 2273 516 2307 quod
539 2272 674 2300 Florezins
698 2275 815 2314 not-avim

27 2306 74 2335 ted
94 2315 145 2335 non
167 2308 291 2342 advertit,
315 2313 343 2335 ut
362 2309 477 2341 videtur,
494 2307 617 2335 mendum
638 2308 765 2336 antiano
789 2310 815 2337 in

23 2343 123 2369 rratis
147 2344 310 2378 corrigendis
335 2343 505 2371 emendatum
537 2342 630 2370 fuisse.
660 2343 814 2378 Florezius,

44 2384 87 2403 nm
102 2377 220 2418 Labbem
243 2377 380 2412 Seguntiae,
397 2377 490 2405 Grialii
504 2377 604 2411 Editio,
621 2378 755 2412 δαροηιὶιι,
771 2380 815 2407 alii

20 2411 263 2474 &gar-³133&
270 2447 394 2475 Phocatis
408 2455 505 2475 annum
514 2455 580 2488 ,cum
593 2432 699 2489 Labbeo
712 2453 740 2476 et
751 2448 814 2476 Flo-

26 2481 99 2508 rczio
114 2482 374 2523 restituimus,·cum
399 2483 427 2509 in
453 2483 576 2524 Ed'ittone
599 2484 692 2524 Grialn
715 2485 814 2524 etlaliis

26 2519 228 2579 illinitis
239 2517 662 2587 ‚issifssifiaffi‘cssfflffu'ssu
671 2526 813 2582 'talasa

45 2589 110 2616 otat,
126 2586 152 2612 in
168 2585 293 2627 Edi-tione
338 2585 408 2613 rialii
423 2587 551 2627 mendose
560 2588 644 2629 fuisse
662 2596 743 2616 aeram
757 2588 812 2617 548

35 2620 710 2685 ιςιῗιῑιτξιιιιὸἰὲοέιὶξιῃιῗξξιιῖωὲἓῗοιῖῗιῗοιῖιαξέιοοωωω
677 2623 813 2687 hoe-uitae

49 2688 77 2718 tii
92 2697 163 2717 antio
175 2691 261 2718 oe'tetie
276 2691 319 2719 16.
335 2691 423 2717 Ant-:v-

58 2723 104 2753 Go.
126 2724 300 2767 Permowmj
319 2725 369 2759 al„
389 2732 548 2787 gmnumns.
570 2725 725 2768 Fici-ezion,
751 2734 812 2756 cum

63 2758 142 2794 hbeo.
170 2768 216 2795 per
237 2765 378 2801 teutatem·
409 2760 502 2787 ltmtm
519 2765 697 2796 annuntiatur,
711 2769 740 2789 m
763 2760 814 2791 hoe

24 2817 26 2824 ν
60 2793 461 2866 testeae-‚am
402 2799 525 2860 wa.-
513 2799 632 2862 am.-
582 2797 812 2871 7··,’..·...,....

566 118 725 149 ΙΙΙΞΤΟΒΙΑ
748 121 792 149 DE
813 121 962 154 REGIBUS
980 125 1179 156 demonum.

0 202 1 207 ,
60 163 132 203 adole
153 175 304 211 insignitus.
323 177 407 211 Quem
427 176 454 203 in
477 176 564 212 primo
583 178 650 205 flore
664 178 853 207 adolescentiae
867 179 894 210 Δ
906 187 957 218 ret,
969 184 1081 220 ejusque
1099 186 1240 214 thesaurus
1263 185 1413 222 redemptio
1431 188 1560 218 existeret
1571 190 1692 225 captivo·

2 216 10 225 ”
58 219 243 256 'wictericum
257 225 363 257 sumpta
382 221 538 257 tyrannide,
550 222 694 250 innocuum
708 231 792 259 regno
806 225 855 253 de-

9 261 27 270 ’“
57 265 129 300 liecit
142 287 150 301 ,
175 267 340 303 praecisaque
352 267 445 295 dextra
460 267 559 296 occidit
570 275 642 296 anno
655 270 742 297 aetatis
754 278 800 303 xx·,
814 277 853 298 re-

100 357 143 386 58.
164 359 229 387 AEra
241 366 329 391 nexu,
351 366 396 386 an.
420 358 485 393 imp.
506 359 627 388 Mauricii
642 369 696 394 xxi,
714 363 851 390 exstincto

3 394 23 407 '''
54 402 195 437 lLiuvane,
207 403 364 432 wictericus
379 411 502 439 regnum,
514 406 586 440 quod
602 407 708 435 vivente
723 408 769 435 illo
780 409 850 436 inva·

17 446 26 454 ”
53 454 151 483 ‹serat,
165 449 282 477 vindicat
292 457 355 477 ann.
370 458 418 478 vn.
440 451 487 479 Vir
498 452 605 486 quidem
622 457 748 480 strenuus
763 454 790 481 in
803 461 847 481 ar-

52 502 164 523 ·morum
183 491 258 527 arte,
282 495 329 523 sed
355 500 443 524 tamen
468 504 565 531 expers
579 497 707 526 vietoriae.
727 499 848 533 Namque

50 538 185 567 adversus
199 541 311 568 militem
332 541 480 569 Romanum
494 543 614 577 praelium
638 552 709 578 saepe
727 545 845 579 molitus,

49 584 122 612 nihil
134 585 200 613 satis
214 586 332 621 gloriose
347 587 426 621 gessit
442 593 539 622 praeter
552 589 622 623 quod
643 591 743 618 milites
765 599 846 626 quos-

48 629 115 657 dam
133 631 267 665 Segontiae
281 640 328 667 per
349 632 430 660 duces
442 633 567 661 obtinuit.
589 635 636 662 flic
651 635 678 663 in
694 636 745 664 vita
762 637 846 670 pluri-

48 684 97 704 nna
111 677 202 705 illicita
218 677 290 710 lecit,
304 678 330 705 in
347 683 432 706 morte
447 686 534 707 autem
545 702 552 714 ‚
570 682 630 715 quia
645 682 733 716 gladio
745 690 843 716 opera-

47 727 96 751 ttus
122 724 219 758 ruerat,
241 725 329 760 gladio
353 726 441 760 periit.
483 727 553 754 Mors
571 728 670 762 quippe
693 728 842 756 innocentis

46 769 137 796 &inulta
158 771 184 796 in
205 770 250 797 illo
274 778 327 798 non
349 771 415 799 suit:
438 772 507 799 inter
529 773 622 807 epulas
648 774 720 800 enim
736 774 840 808 prandii

44 814 238 848 «conjuratione
252 817 426 850 quorumdam
438 822 478 844 est
490 817 655 851 interfectus,
670 826 767 854 corpus
782 820 839 854 ejus

85 903 129 932 39.
141 904 204 932 AEra
213 914 331 941 ncxmrx,
340 915 383 934 an.
397 907 460 942 imp.
479 908 603 936 Phocatis
617 915 721 943 octavo,
732 911 840 939 Gunde-

22 951 23 955 ’
43 957 138 978 umarus
153 956 213 986 post
233 952 406 980 Wictericum
419 959 512 989 regnat
531 963 575 983 an.
588 964 617 984 n.
638 956 688 984 llic
703 957 839 986 Vascones

842 1532 865 1564 C

38 2209 77 2229 tos
89 2203 175 2230 minus
185 2203 251 2230 bene
267 2203 394 2230 indicant.
408 2203 473 2230 Vide
481 2207 537 2230 not.
548 2203 580 2230 ad
590 2211 662 2230 num.
673 2202 714 2230 52.
733 2205 817 2231 Aasv.
833 2213 859 2244 D

1622 135 1693 165 tou

905 236 973 256 rum.
996 230 1073 259 Hunc
1084 231 1131 259 alii
1143 231 1253 266 proprio
1267 233 1373 266 morbo,
1385 233 1431 261 alii
1442 234 1621 263 immoderato
1634 242 1692 264 me-

903 274 1047 303 dicamenti
1070 276 1177 310 haustu,
1198 277 1244 304 alii
1256 285 1361 305 veneno
1375 279 1690 309 usseruntintertecmm.

902 318 986 355 Cujus
1003 321 1092 350 exitus
1106 330 1160 350 non
1173 323 1255 351 modo
1270 324 1400 359 religiosis
1409 345 1417 358 ,
1430 325 1478 352 sed
1491 325 1572 353 etiam
1583 326 1692 361 optimis

901 363 976 391 laicis
990 366 1093 394 exstitit
1114 368 1259 396 luctuosus.
1280 369 1384 396 Relicto
1405 369 1543 397 Recaredo
1557 370 1613 398 filio
1628 378 1690 406 par-

900 409 979 442 vulo,
1007 412 1051 444 qui
1077 418 1136 445 post
1167 413 1249 446 patris
1269 414 1372 441 obitum
1396 414 1523 449 princeps
1545 423 1690 450 paucorum

899 455 1015 489 dierum,
1031 461 1118 484 morte
1133 458 1338 491 interveniente,
1350 459 1473 487 habetur.

934 500 978 527 62.
998 500 1062 527 AEra
1081 509 1169 534 ncttx,
1187 509 1250 529 ann.
1265 503 1369 536 imperii
1384 503 1498 531 Heraclii
1512 512 1539 536 x,
1554 505 1691 540 gloriosis-

897 543 982 572 simus
1000 544 1116 572 Snintila
1136 547 1220 580 gratia
1241 547 1329 574 divina
1342 547 1418 581 regni
1440 549 1558 584 suscepit
1572 555 1687 584 sceptra.

896 589 948 617 lste
958 590 1008 618 sub
1022 598 1085 625 rege
1099 591 1223 619 sisebuto
1233 592 1307 620 ducis
1319 598 1413 620 nactus
1427 593 1554 629 osticium,
1568 595 1688 623 Romana

895 640 987 662 castra·
998 637 1164 670 perdomavit
1180 658 1186 669 ‚
1204 637 1344 666 Buccones
1368 640 1515 673 superavit.
1541 640 1687 675 Postquam

895 688 959 707 vero
980 682 1081 715 apicem
1104 683 1202 716 fastigii
1216 683 1313 717 regalis
1328 684 1496 717 conscendit,
1514 686 1594 713 urbes
1616 687 1686 714 resi-

893 727 959 754 duas
967 736 1031 762 quas
1044 729 1069 755 in
1088 729 1222 764 Hispaniis
1234 731 1354 758 Romana
1365 739 1459 760 manns
1469 734 1580 768 agebat,
1592 735 1686 769 praelio

893 779 1016 800 conserto
1029 775 1159 808 obtinuit,
1176 781 1334 811 auctamque
1350 778 1475 812 triumphi
1491 779 1603 812 gloriam
1629 787 1685 815 prae

892 820 996 846 caeteris
1015 821 1121 854 regibus
1144 820 1271 849 felicitate
1286 823 1402 851 mirabili
1417 825 1573 859 reportavit.
1589 826 1685 855 Totius

855 853 879 881 Β
892 864 1026 898 tlispaniae
1045 865 1113 891 infra
1136 866 1233 893 Oceani
1247 867 1344 894 fretum
1361 868 1515 895 monarchia
1540 869 1613 904 regni
1629 870 1686 905 pri·

890 916 950 936 mus
971 909 1040 937 idem
1064 911 1175 945 potitus,
1203 912 1273 945 qnod
1289 913 1354 939 nulli
1381 918 1454 942 retro
1469 914 1617 949 principum
1643 920 1685 944 est

889 954 1026 982 collatum.
1047 956 1129 984 Auxit
1149 964 1182 984 eo
1200 958 1291 991 praelio
1305 959 1411 987 virtutis
1422 960 1482 995 ejus
1495 961 1600 988 titulum
1613 961 1683 989 duo-

889 1007 947 1027 rum
957 1002 1124 1035 patritiorum
1138 1002 1274 1035 ohtentus.
1290 1012 1403 1039 quorum
1415 1005 1527 1033 alterum
1541 1006 1681 1040 prudentia

888 1052 965 1073 suum
980 1045 1055 1079 fecit,
1066 1048 1180 1075 alterum
1194 1049 1293 1077 virtute
1305 1050 1387 1084 praelii
1401 1051 1450 1078 sibi
1465 1052 1589 1086 subiecit.

923 1091 967 1120 65.
997 1092 1093 1120 Habuit
1117 1101 1222 1128 qnoque
1243 1100 1270 1121 et
1294 1095 1370 1123 initio
1386 1097 1461 1130 regni
1481 1097 1680 1132 expeditionem

887 1142 978 1164 contra
997 1139 1118 1166 incursus
1142 1139 1292 1167 Vasconum
1317 1140 1546 1169 Tarraconensem
1570 1143 1680 1177 provin-

886 1182 955 1209 ciam
966 1182 1160 1217 inl'estantium,
1178 1185 1221 1212 ubi
1237 1185 1304 1213 adeo
1315 1186 1459 1221 montivagi
1471 1187 1560 1222 populi
1575 1192 1679 1216 terrore

885 1228 1015 1256 adventus
1038 1230 1096 1265 ejus
1121 1231 1239 1265 perculsi
1267 1237 1346 1265 sunt,
1363 1236 1392 1259 ut
1418 1233 1573 1265 confestim,
1601 1233 1678 1267 quasi

884 1274 972 1302 debita
996 1276 1057 1310 jura
1079 1282 1238 1309 noscentes,
1268 1277 1386 1305 remissis
1411 1278 1469 1305 telis
1491 1282 1520 1306 et
1546 1278 1677 1312 expeditis

883 1321 916 1348 ad
943 1329 1048 1356 precem
1070 1323 1191 1350 manibus
1205 1343 1212 1355 ,
1231 1323 1365 1358 supplices
1384 1323 1409 1350 ei
1435 1323 1504 1350 colla
1530 1323 1675 1351 submitte-

882 1370 952 1399 rent,
969 1367 1074 1394 0bsides
1094 1368 1208 1401 darent,
1236 1369 1315 1403 128
1329 1367 1442 1401 Ologitin
1464 1368 1599 1396 civitatem
1619 1368 1675 1396 Go-

883 1412 988 1439 thorum
1004 1413 1144 1447 stipendiis
1163 1414 1218 1440 suis
1241 1419 1268 1440 et
1279 1413 1413 1441 laboribus
1426 1414 1584 1446 conderent.
1597 1414 1676 1448 polli-

881 1462 972 1485 centes
988 1459 1046 1492 ejns
1057 1466 1139 1493 regno
1152 1459 1301 1493 ditionique
1315 1466 1418 1493 parere,
1434 1464 1460 1487 et
1471 1460 1600 1495 quidquid
1623 1461 1672 1487 im-

881 1508 1020 1537 peraretur
1034 1504 1152 1532 efficere.

916 1547 961 1576 64.
980 1548 1078 1576 Praeter
1102 1549 1149 1576 bas
1174 1550 1296 1577 militaris
1316 1550 1408 1584 gloria}
1434 1550 1527 1578 laudes
1549 1551 1671 1586 plnrimae

876 1593 904 1620 in
925 1602 958 1622 eo
978 1596 1059 1630 regiae
1082 1595 1230 1630 majestatis
1255 1596 1379 1629 virtutes,
1404 1596 1470 1623 (ides
1483 1616 1491 1629 ‚
1512 1597 1671 1631 prudentia.

876 1639 1005 1667 industria
1017 1661 1024 1673 ‚
1039 1641 1066 1668 in
1079 1640 1188 1675 iudiciis
1200 1640 1374 1674 examinatio,
1388 1645 1496 1669 strenua
1511 1642 1537 1669 in
1552 1642 1670 1677 regendo

875 1694 958 1721 regno
991 1695 1054 1715 cura
1067 1707 1074 1720 ,
1105 1688 1239 1723 praecipua
1268 1688 1338 1716 circa
1365 1695 1460 1716 omnes
1488 1688 1670 1717 munificentia

875 1733 974 1768 largus,
990 1741 1052 1768 erga
1079 1734 1229 1769 indigentes
1245 1739 1273 1762 et
1286 1735 1379 1769 inopes
1404 1734 1588 1762 misericordia
1604 1735 1670 1763 satis

874 1784 1023 1813 promptus.
1046 1780 1082 1806 lta
1106 1784 1134 1806 ut
1154 1788 1206 1807 non
1227 1781 1315 1808 solum
1341 1781 1466 1815 princeps
1490 1781 1670 1816 populorum,

873 1824 920 1851 sed
938 1825 1018 1851 etiarn
1035 1829 1111 1859 pater
1126 1833 1272 1859 pauperum
1289 1825 1379 1852 vocari
1394 1825 1429 1852 sit
1440 1825 1546 1860 dignus.

907 1870 950 1897 65.
973 1870 1058 1905 Hujus
1084 1871 1154 1898 lilius
1171 1871 1329 1902 ,Racimirus
1357 1871 1383 1898 in
1408 1871 1571 1899 consortium
1593 1871 1668 1906 regni

873 1921 1040 1950 assumptus,
1058 1916 1114 1950 pari
1128 1924 1188 1944 cum
1204 1921 1278 1951 patre
1291 1916 1359 1944 solio
1371 1917 1538 1951 conlaetatur,
1552 1918 1578 1944 in
1591 1917 1668 1951 cuius

873 1962 984 1988 infantia
999 1962 1035 1988 ita
1051 1969 1135 1988 sacrae
1158 1962 1255 1989 indolis
1277 1962 1404 1996 splendor
1417 1962 1514 1990 emicat
1526 1982 1534 1994 ,
1551 1966 1579 1989 ut
1592 1961 1617 1989 in
1633 1969 1667 1989 eo

875 2011 901 2034 et
922 2007 1023 2034 meritis
1034 2011 1060 2033 et
1073 2007 1145 2033 vultu
1161 2012 1331 2042 paternarum
1347 2007 1473 2034 virtutum
1487 2006 1588 2041 efligies
1600 2013 1668 2040 prte-

873 2058 993 2081 notetur.
1014 2053 1066 2081 Pro
1087 2061 1141 2088 quo
1162 2053 1315 2081 exorandus
1328 2058 1369 2080 est
1382 2053 1441 2080 coeli
1454 2057 1535 2088 atque
1555 2052 1664 2080 humani

873 2130 909 2157 dit
925 2138 969 2163 per
992 2130 1082 2156 ducem
1097 2138 1172 2156 suum
1187 2129 1363 2161 Rechilanem,
1379 2128 1449 2162 quod
1471 2127 1607 2154 Florezins
1622 2135 1664 2155 se-

872 2171 951 2192 cutus
973 2171 1023 2192 est.
1045 2165 1166 2192 Labbeus
1186 2169 1213 2191 et
1226 2164 1335 2191 Grotius
1358 2162 1542 2190 omittuntalit'
1557 2170 1662 2189 veneno.

873 2200 924 2227 Pro
939 2200 1056 2232 habetur,
1073 2199 1221 2232 Florezius,
1237 2207 1295 2225 cum
1307 2199 1426 2231 Labbeo,
1439 2198 1519 2229 abiit,-
1534 2197 1581 2224 sed
1591 2197 1662 2232 apud

872 2235 1007 2262 Lablienm
1025 2235 1162 2268 legendum
1180 2239 1242 2267 puto
1257 2234 1326 2260 obiit.
1344 2234 1429 2260 Anfzv.
1637 2267 1643 2272 .

907 2271 952 2297 62.
969 2270 1001 2296 1η
1016 2269 1158 2304 Hispaniis.
1174 2269 1210 2295 lta
1222 2269 1354 2300 Labbens,
1371 2273 1397 2294 et
1413 2267 1537 2295 mendum
1559 2271 1663 2307 putem

872 2305 996 2332 Editione
1010 2305 1113 2336 Griali't,
1130 2305 1157 2330 ιἰι
1186 2303 1318 2337 Hispanis,
1341 2304 1410 2337 qnoil
1428 2303 1508 2330 etiam
1526 2302 1663 2328 Floreztue

871 2341 1011 2371 expressit.
1025 2340 1076 2366 Pro
1101 2339 1277 2373 patriciorum,
1292 2338 1334 2365 alii
1352 2340 1539 2376 proesectorum5
1557 2339 1644 2362 Anev.

906 2374 950 2402 65.
983 2375 1114 2408 (Monilia,-
1139 2375 1187 2405 al.‚
1224 2373 1359 2408 monicus,-
1385 2373 1432 2411 al5,
1461 2371 1601 2411 Oloqttgtm.
1632 2370 1660 2397 ln

870 2411 912 2437 liis
931 2410 1081 2437 nominibus
1098 2409 1211 2442 propriis
1226 2409 1337 2434 multum
1361 2411 1465 2446 yut-tant
1491 2406 1613 2445 Codices,
1631 2410 1659 2446 nt

870 2445 999 2472 flaccone:
1015 2451 1062 2478 pro
1079 2443 1226 2475 Rucconeu
1250 2447 1276 2469 et
1293 2442 1447 2468 Ricctmtrus
1466 2441 1525 2474 ‘pro
1546 2440 1660 2467 [tacimu-

870 2489 925 2507 rus.
940 2480 1027 2507 Aasv.
1632 2510 1639 2515 -

903 2515 948 2542 6⁴.
970 2515 1031 2541 llaec
1049 2512 1109 2539 vivo
1118 2511 1231 2539 Suintila
1251 2511 1361 2545 scripta.
1374 2510 1454 2545 Atqui
1474 2509 1618 2537 damnatur
1631 2518 1658 2537 m

868 2550 983 2578 concilio
992 2556 1017 2576 tv
1024 2547 1166 2580 Toletano,
1176 2547 1263 2580 inquo
1271 2545 1552 2573 subscribittstdorus.
1561 2544 1662 2586 Pseu.

903 2585 974 2612 Ibid.
983 2582 1170 2612 Difficultatem
1181 2589 1260 2616 quam
1269 2581 1393 2608 Perezius
1404 2580 1561 2620 attigit,·cur
1572 2579 1658 2620 isido-

867 2627 915 2647 rus
933 2619 1055 2646 hocloco
1070 2616 1210 2644 Suintilam
1227 2620 1367 2650 tantopore
1380 2614 1480 2648 laudet,
1501 2623 1527 2641 m
1542 2614 1658 2656 concilio

868 2662 932 2682 vero
947 2654 1076 2681 Toletano
1106 2657 1183 2678 uarto
1192 2651 1312 2683 damnet,
1323 2650 1437 2685 explicui
1448 2650 1476 2678 in
1487 2649 1656 2684 inidoneum.

865 2697 923 2724 cap.
939 2690 985 2720 79,
1000 2695 1074 2715 ιιιιιιι.
1109 2688 1125 2714 0
1139 2691 1166 2714 et
1180 2693 1226 2721 seq
1247 2705 1255 2712 .
1278 2687 1363 2713 Ansv.
1480 2720 1488 2728 ⁸

901 2725 947 2751 65.
968 2723 1094 2750 cvncmu
1105 2722 1210 2756 patrio,-
1223 2729 1238 2747 a
1252 2739 1272 2754 .,
1287 2727 1407 2748 coneemt
1417 2723 1520 2756 patruo,-
1530 2724 1558 2748 αι
1568 2727 1658 2761 accep·

865 2760 936 2788 sione
960 2765 1009 2794 pro
1026 2757 1198 2789 succensione,
1213 2759 1241 2785 et
1250 2755 1405 2792 comparatio
1421 2757 1463 2785 vel
1479 2758 1656 2791 comportem.

864 2803 916 2832 pro
929 2792 1091 2830 computatis.
1106 2793 1192 2822 Aur·
1533 2795 1535 2801 ’

1423 2862 1429 2876 l
