<?xml version="1.0" encoding="UTF-8"?>
<!DOCTYPE html PUBLIC "-//W3C//DTD XHTML 1.0 Transitional//EN"
    "http://www.w3.org/TR/xhtml1/DTD/xhtml1-transitional.dtd">
<html xmlns="http://www.w3.org/1999/xhtml" xml:lang="en" lang="en">
 <head>
  <title>
</title>
<meta http-equiv="Content-Type" content="text/html;charset=utf-8" />
  <meta name='ocr-system' content='tesseract 3.04.00' />
  <meta name='ocr-capabilities' content='ocr_page ocr_carea ocr_par ocr_line ocrx_word'/>
</head>
<body>
  <div class='ocr_page' id='page_1' title='image "./patrologiae83unknuoft_0514.png"; bbox 0 0 1832 3016; ppageno 0'>
   <div class='ocr_carea' id='block_1_1' title="bbox 136 157 202 185">
    <p class='ocr_par' dir='ltr' id='par_1_1' title="bbox 136 157 202 185">
     <span class='ocr_line' id='line_1_1' title="bbox 136 157 202 185; baseline -0.015 0"><span class='ocrx_word' id='word_1_1' title='bbox 136 157 202 185; x_wconf 71' lang='lat'><strong>¹0³5</strong></span> 
     </span>
    </p>
   </div>
   <div class='ocr_carea' id='block_1_2' title="bbox 131 249 928 887">
    <p class='ocr_par' dir='ltr' id='par_1_2' title="bbox 133 249 924 560">
     <span class='ocr_line' id='line_1_2' title="bbox 133 249 920 292; baseline -0.017 -5"><span class='ocrx_word' id='word_1_2' title='bbox 133 261 194 287; x_wconf 72' lang='lat' dir='ltr'><strong>tium</strong></span> <span class='ocrx_word' id='word_1_3' title='bbox 206 258 367 292; x_wconf 76' lang='lat' dir='ltr'>scripturam</span> <span class='ocrx_word' id='word_1_4' title='bbox 380 254 430 280; x_wconf 79' lang='lat' dir='ltr'><strong>tob</strong></span> <span class='ocrx_word' id='word_1_5' title='bbox 440 252 577 279; x_wconf 87' lang='lat' dir='ltr'><strong>sciendum</strong></span> <span class='ocrx_word' id='word_1_6' title='bbox 594 251 655 285; x_wconf 88' lang='lat' dir='ltr'><strong>quia</strong></span> <span class='ocrx_word' id='word_1_7' title='bbox 671 249 810 281; x_wconf 86' lang='lat' dir='ltr'><strong>suspendit</strong></span> <span class='ocrx_word' id='word_1_8' title='bbox 821 252 920 275; x_wconf 86' lang='lat' dir='ltr'><strong>terram</strong></span> 
     </span>
     <span class='ocr_line' id='line_1_3' title="bbox 134 294 920 333; baseline -0.018 0"><span class='ocrx_word' id='word_1_9' title='bbox 134 308 160 333; x_wconf 91' lang='lat' dir='ltr'><strong>in</strong></span> <span class='ocrx_word' id='word_1_10' title='bbox 180 305 270 332; x_wconf 82' lang='lat' dir='ltr'>nihilo.</span> <span class='ocrx_word' id='word_1_11' title='bbox 289 311 298 327; x_wconf 76' lang='grc' dir='ltr'><strong><em>ι</em></strong></span> <span class='ocrx_word' id='word_1_12' title='bbox 321 298 476 331; x_wconf 79' lang='lat' dir='ltr'><strong>Philosophi</strong></span> <span class='ocrx_word' id='word_1_13' title='bbox 496 304 601 332; x_wconf 82' lang='lat' dir='ltr'><strong>quoque</strong></span> <span class='ocrx_word' id='word_1_14' title='bbox 622 295 745 323; x_wconf 87' lang='lat' dir='ltr'><strong>similiter</strong></span> <span class='ocrx_word' id='word_1_15' title='bbox 766 294 920 329; x_wconf 87' lang='lat' dir='ltr'><strong>opinantur,</strong></span> 
     </span>
     <span class='ocr_line' id='line_1_4' title="bbox 133 340 922 379; baseline -0.016 0"><span class='ocrx_word' id='word_1_16' title='bbox 133 359 194 379; x_wconf 79' lang='lat' dir='ltr'><strong>aere</strong></span> <span class='ocrx_word' id='word_1_17' title='bbox 208 350 290 375; x_wconf 78' lang='lat' dir='ltr'><strong>denso</strong></span> <span class='ocrx_word' id='word_1_18' title='bbox 306 351 403 374; x_wconf 91' lang='lat' dir='ltr'><strong>terram</strong></span> <span class='ocrx_word' id='word_1_19' title='bbox 419 343 557 375; x_wconf 79' lang='lat' dir='ltr'>sustineri,</span> <span class='ocrx_word' id='word_1_20' title='bbox 574 347 602 370; x_wconf 89' lang='lat' dir='ltr'><strong>et</strong></span> <span class='ocrx_word' id='word_1_21' title='bbox 616 342 689 376; x_wconf 82' lang='lat' dir='ltr'><strong>quasi</strong></span> <span class='ocrx_word' id='word_1_22' title='bbox 701 341 837 375; x_wconf 79' lang='lat' dir='ltr'><strong>spongiam</strong></span> <span class='ocrx_word' id='word_1_23' title='bbox 852 340 922 367; x_wconf 87' lang='lat' dir='ltr'><strong>mole</strong></span> 
     </span>
     <span class='ocr_line' id='line_1_5' title="bbox 133 386 923 426; baseline -0.01 -3"><span class='ocrx_word' id='word_1_24' title='bbox 133 404 180 424; x_wconf 88' lang='lat' dir='ltr'><strong>sna</strong></span> <span class='ocrx_word' id='word_1_25' title='bbox 192 393 353 422; x_wconf 86' lang='lat' dir='ltr'><strong>immobilem</strong></span> <span class='ocrx_word' id='word_1_26' title='bbox 364 391 493 426; x_wconf 83' lang='lat' dir='ltr'><strong>pendere,</strong></span> <span class='ocrx_word' id='word_1_27' title='bbox 507 389 609 423; x_wconf 81' lang='lat' dir='ltr'><strong>sicque,</strong></span> <span class='ocrx_word' id='word_1_28' title='bbox 625 393 653 415; x_wconf 91' lang='lat' dir='ltr'><strong>ut</strong></span> <span class='ocrx_word' id='word_1_29' title='bbox 667 388 762 422; x_wconf 80' lang='lat' dir='ltr'><strong>aequati</strong></span> <span class='ocrx_word' id='word_1_30' title='bbox 777 391 850 414; x_wconf 93' lang='lat' dir='ltr'><strong>motu</strong></span> <span class='ocrx_word' id='word_1_31' title='bbox 862 386 923 415; x_wconf 81' lang='lat' dir='ltr'><strong>hinc</strong></span> 
     </span>
     <span class='ocr_line' id='line_1_6' title="bbox 133 434 922 477; baseline -0.011 -8"><span class='ocrx_word' id='word_1_32' title='bbox 133 448 211 477; x_wconf 83' lang='lat' dir='ltr'><strong>atque</strong></span> <span class='ocrx_word' id='word_1_33' title='bbox 226 441 297 473; x_wconf 86' lang='lat' dir='ltr'><strong>inde,</strong></span> <span class='ocrx_word' id='word_1_34' title='bbox 316 439 396 466; x_wconf 82' lang='lat' dir='ltr'><strong>veluti</strong></span> <span class='ocrx_word' id='word_1_35' title='bbox 412 437 514 464; x_wconf 80' lang='lat' dir='ltr'><strong>alarum</strong></span> <span class='ocrx_word' id='word_1_36' title='bbox 530 435 637 463; x_wconf 77' lang='lat' dir='ltr'><strong>suffulta</strong></span> <span class='ocrx_word' id='word_1_37' title='bbox 652 434 782 468; x_wconf 81' lang='lat' dir='ltr'><strong>remigiis,</strong></span> <span class='ocrx_word' id='word_1_38' title='bbox 798 441 828 461; x_wconf 89' lang='lat' dir='ltr'><strong>ex</strong></span> <span class='ocrx_word' id='word_1_39' title='bbox 850 434 922 461; x_wconf 90' lang='lat' dir='ltr'><strong>omni</strong></span> 
     </span>
     <span class='ocr_line' id='line_1_7' title="bbox 134 480 924 522; baseline -0.009 -8"><span class='ocrx_word' id='word_1_40' title='bbox 134 492 207 522; x_wconf 82' lang='lat' dir='ltr'><strong>parte</strong></span> <span class='ocrx_word' id='word_1_41' title='bbox 223 487 315 513; x_wconf 81' lang='lat' dir='ltr'><strong>librata</strong></span> <span class='ocrx_word' id='word_1_42' title='bbox 327 483 500 519; x_wconf 75' lang='lat' dir='ltr'>propendeat,</span> <span class='ocrx_word' id='word_1_43' title='bbox 517 482 605 510; x_wconf 87' lang='lat' dir='ltr'><strong>necin</strong></span> <span class='ocrx_word' id='word_1_44' title='bbox 621 484 724 516; x_wconf 85' lang='lat' dir='ltr'><strong>partem</strong></span> <span class='ocrx_word' id='word_1_45' title='bbox 736 480 838 515; x_wconf 78' lang='lat' dir='ltr'>possint</span> <span class='ocrx_word' id='word_1_46' title='bbox 849 480 924 508; x_wconf 84' lang='lat' dir='ltr'><strong>incli-</strong></span> 
     </span>
     <span class='ocr_line' id='line_1_8' title="bbox 135 524 327 560; baseline -0.021 0"><span class='ocrx_word' id='word_1_47' title='bbox 135 524 193 560; x_wconf 77' lang='lat' dir='ltr'><strong>n&#39;ari</strong></span> <span class='ocrx_word' id='word_1_48' title='bbox 209 532 327 558; x_wconf 80' lang='lat' dir='ltr'><strong>alteram.</strong></span> 
     </span>
    </p>

    <p class='ocr_par' dir='ltr' id='par_1_3' title="bbox 131 572 928 887">
     <span class='ocr_line' id='line_1_9' title="bbox 168 572 923 608; baseline -0.007 -4"><span class='ocrx_word' id='word_1_49' title='bbox 168 578 195 603; x_wconf 65' lang='grc' dir='ltr'><strong>ι).</strong></span> <span class='ocrx_word' id='word_1_50' title='bbox 207 577 406 608; x_wconf 68' lang='lat' dir='ltr'>Verumtamen,</span> <span class='ocrx_word' id='word_1_51' title='bbox 419 577 520 606; x_wconf 87' lang='lat' dir='ltr'><strong>utrum,</strong></span> <span class='ocrx_word' id='word_1_52' title='bbox 531 573 664 601; x_wconf 87' lang='lat' dir='ltr'><strong>densitate</strong></span> <span class='ocrx_word' id='word_1_53' title='bbox 674 573 743 601; x_wconf 86' lang='lat' dir='ltr'><strong>aeris</strong></span> <span class='ocrx_word' id='word_1_54' title='bbox 750 572 923 606; x_wconf 81' lang='lat' dir='ltr'><strong>sustineatur,</strong></span> 
     </span>
     <span class='ocr_line' id='line_1_10' title="bbox 135 619 925 657; baseline -0.006 -7"><span class='ocrx_word' id='word_1_55' title='bbox 135 633 166 651; x_wconf 79' lang='lat' dir='ltr'><strong>:in</strong></span> <span class='ocrx_word' id='word_1_56' title='bbox 182 631 261 657; x_wconf 87' lang='lat' dir='ltr'><strong>super</strong></span> <span class='ocrx_word' id='word_1_57' title='bbox 272 629 366 656; x_wconf 76' lang='lat' dir='ltr'><strong>aquam</strong></span> <span class='ocrx_word' id='word_1_58' title='bbox 384 621 514 656; x_wconf 88' lang='lat' dir='ltr'><strong>pendeat,</strong></span> <span class='ocrx_word' id='word_1_59' title='bbox 530 621 591 655; x_wconf 86' lang='lat' dir='ltr'><strong>quia</strong></span> <span class='ocrx_word' id='word_1_60' title='bbox 614 620 740 648; x_wconf 75' lang='lat' dir='ltr'><strong>scribitur</strong></span> <span class='ocrx_word' id='word_1_61' title='bbox 754 620 797 654; x_wconf 85' lang='lat' dir='ltr'><strong>qui</strong></span> <span class='ocrx_word' id='word_1_62' title='bbox 811 619 925 653; x_wconf 75' lang='lat' dir='ltr'><strong>[undavit</strong></span> 
     </span>
     <span class='ocr_line' id='line_1_11' title="bbox 135 666 925 703; baseline -0.004 -7"><span class='ocrx_word' id='word_1_63' title='bbox 135 676 228 696; x_wconf 84' lang='lat' dir='ltr'><strong>terram</strong></span> <span class='ocrx_word' id='word_1_64' title='bbox 246 677 322 702; x_wconf 81' lang='lat' dir='ltr'><strong>super</strong></span> <span class='ocrx_word' id='word_1_65' title='bbox 344 677 424 703; x_wconf 79' lang='lat' dir='ltr'><strong>aquas</strong></span> <span class='ocrx_word' id='word_1_66' title='bbox 439 667 524 702; x_wconf 81' lang='lat' dir='ltr'><strong>(Psal.</strong></span> <span class='ocrx_word' id='word_1_67' title='bbox 544 675 643 699; x_wconf 85' lang='lat' dir='ltr'>cxxxv,</span> <span class='ocrx_word' id='word_1_68' title='bbox 659 666 686 702; x_wconf 78' lang='grc' dir='ltr'><strong>ὃ)</strong></span> <span class='ocrx_word' id='word_1_69' title='bbox 700 676 707 699; x_wconf 89' lang='grc'>;</span> <span class='ocrx_word' id='word_1_70' title='bbox 733 666 775 694; x_wconf 85' lang='lat' dir='ltr'><strong>vel</strong></span> <span class='ocrx_word' id='word_1_71' title='bbox 790 666 925 701; x_wconf 86' lang='lat' dir='ltr'><strong>quomodo</strong></span> 
     </span>
     <span class='ocr_line' id='line_1_12' title="bbox 131 714 925 748; baseline -0.004 -6"><span class='ocrx_word' id='word_1_72' title='bbox 131 724 176 742; x_wconf 66' lang='lat' dir='ltr'><strong>aar</strong></span> <span class='ocrx_word' id='word_1_73' title='bbox 187 715 274 742; x_wconf 78' lang='lat' dir='ltr'><strong>mollis</strong></span> <span class='ocrx_word' id='word_1_74' title='bbox 287 719 385 741; x_wconf 83' lang='lat' dir='ltr'><strong>tantam</strong></span> <span class='ocrx_word' id='word_1_75' title='bbox 398 714 506 742; x_wconf 89' lang='lat' dir='ltr'><strong>mollem</strong></span> <span class='ocrx_word' id='word_1_76' title='bbox 520 714 604 748; x_wconf 78' lang='lat' dir='ltr'><strong>possit</strong></span> <span class='ocrx_word' id='word_1_77' title='bbox 615 717 765 740; x_wconf 88' lang='lat' dir='ltr'><strong>sustentare</strong></span> <span class='ocrx_word' id='word_1_78' title='bbox 776 717 925 744; x_wconf 86' lang='lat' dir='ltr'><strong>terrenam;</strong></span> 
     </span>
     <span class='ocr_line' id='line_1_13' title="bbox 131 759 927 794; baseline 0.001 -9"><span class='ocrx_word' id='word_1_79' title='bbox 131 766 176 787; x_wconf 76' lang='lat' dir='ltr'><strong>:int</strong></span> <span class='ocrx_word' id='word_1_80' title='bbox 190 761 211 787; x_wconf 83' lang='lat' dir='ltr'><strong>si</strong></span> <span class='ocrx_word' id='word_1_81' title='bbox 228 768 307 794; x_wconf 84' lang='lat' dir='ltr'><strong>super</strong></span> <span class='ocrx_word' id='word_1_82' title='bbox 322 767 404 794; x_wconf 78' lang='lat' dir='ltr'><strong>aquas</strong></span> <span class='ocrx_word' id='word_1_83' title='bbox 415 765 456 787; x_wconf 90' lang='lat' dir='ltr'><strong>est</strong></span> <span class='ocrx_word' id='word_1_84' title='bbox 471 765 524 786; x_wconf 92' lang='lat' dir='ltr'><strong>tam</strong></span> <span class='ocrx_word' id='word_1_85' title='bbox 540 761 655 786; x_wconf 82' lang='lat' dir='ltr'><strong>immane</strong></span> <span class='ocrx_word' id='word_1_86' title='bbox 666 759 779 792; x_wconf 88' lang='lat' dir='ltr'><strong>pondus,</strong></span> <span class='ocrx_word' id='word_1_87' title='bbox 793 759 927 793; x_wconf 89' lang='lat' dir='ltr'><strong>quomodo</strong></span> 
     </span>
     <span class='ocr_line' id='line_1_14' title="bbox 133 804 928 842; baseline -0.003 -9"><span class='ocrx_word' id='word_1_88' title='bbox 133 816 184 833; x_wconf 83' lang='lat' dir='ltr'><strong>non</strong></span> <span class='ocrx_word' id='word_1_89' title='bbox 194 808 379 842; x_wconf 73' lang='lat' dir='ltr'><strong>demergatur-3</strong></span> <span class='ocrx_word' id='word_1_90' title='bbox 391 811 434 834; x_wconf 86' lang='lat' dir='ltr'><strong>aut</strong></span> <span class='ocrx_word' id='word_1_91' title='bbox 443 806 576 841; x_wconf 84' lang='lat' dir='ltr'><strong>quomodo</strong></span> <span class='ocrx_word' id='word_1_92' title='bbox 585 806 720 840; x_wconf 69' lang='lat' dir='ltr'><strong>a‘qnitatis</strong></span> <span class='ocrx_word' id='word_1_93' title='bbox 732 804 826 831; x_wconf 79' lang='lat' dir='ltr'><strong>librant</strong></span> <span class='ocrx_word' id='word_1_94' title='bbox 839 809 928 832; x_wconf 84' lang='lat' dir='ltr'><strong>teneat</strong></span> 
     </span>
     <span class='ocr_line' id='line_1_15' title="bbox 133 851 926 887; baseline -0.003 -7"><span class='ocrx_word' id='word_1_95' title='bbox 133 862 166 880; x_wconf 89' lang='lat' dir='ltr'><strong>nc</strong></span> <span class='ocrx_word' id='word_1_96' title='bbox 182 854 206 880; x_wconf 91' lang='lat' dir='ltr'><strong>in</strong></span> <span class='ocrx_word' id='word_1_97' title='bbox 230 854 341 880; x_wconf 83' lang='lat' dir='ltr'><strong>alteram</strong></span> <span class='ocrx_word' id='word_1_98' title='bbox 364 857 466 887; x_wconf 84' lang='lat' dir='ltr'><strong>partem</strong></span> <span class='ocrx_word' id='word_1_99' title='bbox 483 860 612 887; x_wconf 85' lang='lat' dir='ltr'><strong>propensa</strong></span> <span class='ocrx_word' id='word_1_100' title='bbox 628 851 779 884; x_wconf 80' lang='lat' dir='ltr'><strong>incumbat;</strong></span> <span class='ocrx_word' id='word_1_101' title='bbox 796 851 846 878; x_wconf 87' lang='lat' dir='ltr'><strong>hoc</strong></span> <span class='ocrx_word' id='word_1_102' title='bbox 861 852 926 878; x_wconf 88' lang='lat' dir='ltr'><strong>nulli</strong></span> 
     </span>
    </p>
   </div>
   <div class='ocr_carea' id='block_1_3' title="bbox 139 141 1231 242">
    <p class='ocr_par' dir='ltr' id='par_1_4' title="bbox 139 141 1231 242">
     <span class='ocr_line' id='line_1_16' title="bbox 647 141 1231 174; baseline -0.009 0"><span class='ocrx_word' id='word_1_103' title='bbox 647 146 673 174; x_wconf 87' lang='lat' dir='ltr'><strong>S.</strong></span> <span class='ocrx_word' id='word_1_104' title='bbox 696 143 819 174; x_wconf 77' lang='lat' dir='ltr'><strong>tstnottl</strong></span> <span class='ocrx_word' id='word_1_105' title='bbox 839 141 1059 171; x_wconf 76' lang='lat' dir='ltr'><strong>lllSPALENSlS</strong></span> <span class='ocrx_word' id='word_1_106' title='bbox 1081 141 1231 171; x_wconf 71' lang='lat' dir='ltr'><strong>Episcopi</strong></span> 
     </span>
     <span class='ocr_line' id='line_1_17' title="bbox 139 201 961 242; baseline -0.017 -2"><span class='ocrx_word' id='word_1_107' title='bbox 139 214 222 240; x_wconf 67' lang='lat' dir='ltr'><strong>terrm</strong></span> <span class='ocrx_word' id='word_1_108' title='bbox 233 215 319 237; x_wconf 77' lang='lat' dir='ltr'><strong>autem</strong></span> <span class='ocrx_word' id='word_1_109' title='bbox 333 207 468 242; x_wconf 72' lang='lat' dir='ltr'><strong>qualitate,</strong></span> <span class='ocrx_word' id='word_1_110' title='bbox 485 205 542 231; x_wconf 84' lang='lat' dir='ltr'><strong>sive</strong></span> <span class='ocrx_word' id='word_1_111' title='bbox 558 203 689 239; x_wconf 82' lang='lat' dir='ltr'><strong>positione</strong></span> <span class='ocrx_word' id='word_1_112' title='bbox 700 201 815 229; x_wconf 76' lang='lat' dir='ltr'><strong>snt&#39;ticiat</strong></span> <span class='ocrx_word' id='word_1_113' title='bbox 825 207 922 228; x_wconf 88' lang='lat' dir='ltr'><strong>secun-</strong></span> <span class='ocrx_word' id='word_1_114' title='bbox 936 203 961 231; x_wconf 79' lang='grc' dir='ltr'><strong>Α</strong></span> 
     </span>
    </p>
   </div>
   <div class='ocr_carea' id='block_1_4' title="bbox 1694 141 1764 171">
    <p class='ocr_par' dir='ltr' id='par_1_5' title="bbox 1694 141 1764 171">
     <span class='ocr_line' id='line_1_18' title="bbox 1694 141 1764 171; baseline -0.014 0"><span class='ocrx_word' id='word_1_115' title='bbox 1694 141 1764 171; x_wconf 67' lang='lat'><strong>¹0¹8</strong></span> 
     </span>
    </p>
   </div>
   <div class='ocr_carea' id='block_1_5' title="bbox 971 197 1771 607">
    <p class='ocr_par' dir='ltr' id='par_1_6' title="bbox 1236 197 1495 274">
     <span class='ocr_line' id='line_1_19' title="bbox 1260 197 1495 227; baseline 0 -1"><span class='ocrx_word' id='word_1_116' title='bbox 1260 197 1374 227; x_wconf 74' lang='lat' dir='ltr'><strong>CAPUT</strong></span> <span class='ocrx_word' id='word_1_117' title='bbox 1391 198 1495 227; x_wconf 78' lang='lat' dir='ltr'><strong>vatt.</strong></span> 
     </span>
     <span class='ocr_line' id='line_1_20' title="bbox 1236 244 1484 274; baseline 0.008 -3"><span class='ocrx_word' id='word_1_118' title='bbox 1236 244 1275 272; x_wconf 87' lang='lat' dir='ltr'><strong>De</strong></span> <span class='ocrx_word' id='word_1_119' title='bbox 1289 250 1374 273; x_wconf 83' lang='lat' dir='ltr'><strong>monte</strong></span> <span class='ocrx_word' id='word_1_120' title='bbox 1388 245 1484 274; x_wconf 87' lang='lat' dir='ltr'><strong>AE&#39;tua.</strong></span> 
     </span>
    </p>

    <p class='ocr_par' dir='ltr' id='par_1_7' title="bbox 971 290 1771 607">
     <span class='ocr_line' id='line_1_21' title="bbox 1007 290 1766 324; baseline 0.007 -6"><span class='ocrx_word' id='word_1_121' title='bbox 1007 290 1034 318; x_wconf 79' lang='grc'><strong>1.</strong></span> <span class='ocrx_word' id='word_1_122' title='bbox 1047 290 1086 318; x_wconf 87' lang='lat' dir='ltr'><strong>De</strong></span> <span class='ocrx_word' id='word_1_123' title='bbox 1100 295 1189 319; x_wconf 84' lang='lat' dir='ltr'><strong>monte</strong></span> <span class='ocrx_word' id='word_1_124' title='bbox 1211 296 1300 320; x_wconf 87' lang='lat' dir='ltr'><strong>autem</strong></span> <span class='ocrx_word' id='word_1_125' title='bbox 1317 292 1386 320; x_wconf 84' lang='lat' dir='ltr'><strong>Etna</strong></span> <span class='ocrx_word' id='word_1_126' title='bbox 1410 292 1531 321; x_wconf 81' lang='lat' dir='ltr'><strong>Justinus</strong></span> <span class='ocrx_word' id='word_1_127' title='bbox 1545 292 1573 321; x_wconf 90' lang='lat' dir='ltr'><strong>in</strong></span> <span class='ocrx_word' id='word_1_128' title='bbox 1595 292 1664 322; x_wconf 85' lang='lat' dir='ltr'><strong>libro</strong></span> <span class='ocrx_word' id='word_1_129' title='bbox 1677 294 1766 324; x_wconf 56' lang='lat' dir='ltr'><strong>ilistoa</strong></span> 
     </span>
     <span class='ocr_line' id='line_1_22' title="bbox 971 337 1768 376; baseline 0.006 -12"><span class='ocrx_word' id='word_1_130' title='bbox 971 337 1072 365; x_wconf 90' lang='lat' dir='ltr'><strong>riarum</strong></span> <span class='ocrx_word' id='word_1_131' title='bbox 1085 337 1119 365; x_wconf 79' lang='lat' dir='ltr'><strong>itti</strong></span> <span class='ocrx_word' id='word_1_132' title='bbox 1129 338 1233 371; x_wconf 79' lang='lat' dir='ltr'><strong>scribit,</strong></span> <span class='ocrx_word' id='word_1_133' title='bbox 1243 338 1335 366; x_wconf 82' lang='lat' dir='ltr'><strong>dicens</strong></span> <span class='ocrx_word' id='word_1_134' title='bbox 1346 347 1353 366; x_wconf 91' lang='lat'>:</span> <span class='ocrx_word' id='word_1_135' title='bbox 1367 339 1466 367; x_wconf 73' lang='lat' dir='ltr'><strong>Siciliae</strong></span> <span class='ocrx_word' id='word_1_136' title='bbox 1477 339 1552 366; x_wconf 69' lang='lat' dir='ltr'><strong>tellus</strong></span> <span class='ocrx_word' id='word_1_137' title='bbox 1563 340 1658 374; x_wconf 73' lang='lat' dir='ltr'><strong>tenuis,</strong></span> <span class='ocrx_word' id='word_1_138' title='bbox 1669 348 1699 368; x_wconf 84' lang='lat' dir='ltr'><strong>ac</strong></span> <span class='ocrx_word' id='word_1_139' title='bbox 1713 342 1768 376; x_wconf 71' lang='lat' dir='ltr'><strong>{re-</strong></span> 
     </span>
     <span class='ocr_line' id='line_1_23' title="bbox 973 384 1770 422; baseline 0.006 -12"><span class='ocrx_word' id='word_1_140' title='bbox 973 384 1043 419; x_wconf 75' lang='lat' dir='ltr'><strong>9ilis,</strong></span> <span class='ocrx_word' id='word_1_141' title='bbox 1056 388 1080 410; x_wconf 88' lang='lat' dir='ltr'><strong>et</strong></span> <span class='ocrx_word' id='word_1_142' title='bbox 1095 385 1208 411; x_wconf 75' lang='lat' dir='ltr'><strong>cavei-nu</strong></span> <span class='ocrx_word' id='word_1_143' title='bbox 1222 384 1386 418; x_wconf 72' lang='lat' dir='ltr'><strong>quibusdam,</strong></span> <span class='ocrx_word' id='word_1_144' title='bbox 1395 385 1447 420; x_wconf 71' lang='lat'><strong>61</strong></span> <span class='ocrx_word' id='word_1_145' title='bbox 1457 385 1599 420; x_wconf 64' lang='lat' dir='ltr'><strong>fistulisque</strong></span> <span class='ocrx_word' id='word_1_146' title='bbox 1608 386 1644 413; x_wconf 83' lang='lat' dir='ltr'><strong>ita</strong></span> <span class='ocrx_word' id='word_1_147' title='bbox 1655 391 1770 422; x_wconf 77' lang='lat' dir='ltr'><strong>penetra⁴</strong></span> 
     </span>
     <span class='ocr_line' id='line_1_24' title="bbox 974 425 1770 467; baseline 0.005 -11"><span class='ocrx_word' id='word_1_148' title='bbox 974 430 1040 463; x_wconf 66' lang='lat' dir='ltr'><strong>bilis,</strong></span> <span class='ocrx_word' id='word_1_149' title='bbox 1053 433 1080 456; x_wconf 90' lang='lat' dir='ltr'><strong>ut</strong></span> <span class='ocrx_word' id='word_1_150' title='bbox 1102 434 1234 457; x_wconf 79' lang='lat' dir='ltr'><strong>ventorum</strong></span> <span class='ocrx_word' id='word_1_151' title='bbox 1248 435 1300 458; x_wconf 84' lang='lat' dir='ltr'><strong>toto</strong></span> <span class='ocrx_word' id='word_1_152' title='bbox 1314 431 1392 465; x_wconf 65' lang='lat' dir='ltr'><strong>ferme</strong></span> <span class='ocrx_word' id='word_1_153' title='bbox 1406 425 1511 466; x_wconf 74' lang='lat' dir='ltr'><strong>flatibus</strong></span> <span class='ocrx_word' id='word_1_154' title='bbox 1525 435 1621 467; x_wconf 81' lang='lat' dir='ltr'><strong>pateat,</strong></span> <span class='ocrx_word' id='word_1_155' title='bbox 1635 440 1732 460; x_wconf 74' lang='lat' dir='ltr'><strong>necnon</strong></span> <span class='ocrx_word' id='word_1_156' title='bbox 1746 437 1770 460; x_wconf 80' lang='lat' dir='ltr'><strong>et</strong></span> 
     </span>
     <span class='ocr_line' id='line_1_25' title="bbox 972 470 1771 515; baseline 0.004 -11"><span class='ocrx_word' id='word_1_157' title='bbox 972 478 1074 514; x_wconf 66' lang='lat' dir='ltr'><strong>ignibus</strong></span> <span class='ocrx_word' id='word_1_158' title='bbox 1094 479 1246 514; x_wconf 67' lang='lat' dir='ltr'><strong>generandis</strong></span> <span class='ocrx_word' id='word_1_159' title='bbox 1259 479 1451 514; x_wconf 67' lang='lat' dir='ltr'><strong>nutriendisque</strong></span> <span class='ocrx_word' id='word_1_160' title='bbox 1473 479 1522 506; x_wconf 71' lang='lat' dir='ltr'><strong>soli</strong></span> <span class='ocrx_word' id='word_1_161' title='bbox 1543 480 1624 515; x_wconf 67' lang='lat' dir='ltr'><strong>ipsius</strong></span> <span class='ocrx_word' id='word_1_162' title='bbox 1644 470 1771 508; x_wconf 73' lang='lat' dir='ltr'><strong>naturalis</strong></span> 
     </span>
     <span class='ocr_line' id='line_1_26' title="bbox 974 524 1771 560; baseline 0.004 -10"><span class='ocrx_word' id='word_1_163' title='bbox 974 524 1092 558; x_wconf 81' lang='lat' dir='ltr'><strong>niateria,</strong></span> <span class='ocrx_word' id='word_1_164' title='bbox 1107 524 1202 559; x_wconf 78' lang='lat' dir='ltr'><strong>quippe</strong></span> <span class='ocrx_word' id='word_1_165' title='bbox 1216 525 1370 551; x_wconf 67' lang='lat' dir='ltr'><strong>intrinsecus</strong></span> <span class='ocrx_word' id='word_1_166' title='bbox 1381 529 1462 552; x_wconf 76' lang='lat' dir='ltr'><strong>strata</strong></span> <span class='ocrx_word' id='word_1_167' title='bbox 1475 525 1599 560; x_wconf 76' lang='lat' dir='ltr'><strong>sulphure</strong></span> <span class='ocrx_word' id='word_1_168' title='bbox 1611 530 1634 552; x_wconf 92' lang='lat' dir='ltr'><strong>et</strong></span> <span class='ocrx_word' id='word_1_169' title='bbox 1649 526 1771 553; x_wconf 79' lang='lat' dir='ltr'><strong>bitumine</strong></span> 
     </span>
     <span class='ocr_line' id='line_1_27' title="bbox 976 571 1770 607; baseline 0.003 -10"><span class='ocrx_word' id='word_1_170' title='bbox 976 571 1098 597; x_wconf 83' lang='lat' dir='ltr'><strong>traditur.</strong></span> <span class='ocrx_word' id='word_1_171' title='bbox 1116 571 1179 603; x_wconf 83' lang='lat' dir='ltr'><strong>Quoe</strong></span> <span class='ocrx_word' id='word_1_172' title='bbox 1196 579 1234 597; x_wconf 77' lang='lat' dir='ltr'><strong>res</strong></span> <span class='ocrx_word' id='word_1_173' title='bbox 1257 571 1318 606; x_wconf 68' lang='lat' dir='ltr'><strong>facit</strong></span> <span class='ocrx_word' id='word_1_174' title='bbox 1343 574 1371 597; x_wconf 86' lang='lat' dir='ltr'><strong>ut</strong></span> <span class='ocrx_word' id='word_1_175' title='bbox 1393 571 1486 605; x_wconf 68' lang='lat' dir='ltr'><strong>spiritu</strong></span> <span class='ocrx_word' id='word_1_176' title='bbox 1500 579 1558 598; x_wconf 90' lang='lat' dir='ltr'><strong>cum</strong></span> <span class='ocrx_word' id='word_1_177' title='bbox 1572 572 1632 607; x_wconf 73' lang='lat' dir='ltr'><strong>ique</strong></span> <span class='ocrx_word' id='word_1_178' title='bbox 1644 572 1770 599; x_wconf 71' lang='lat' dir='ltr'><strong>introrsus</strong></span> 
     </span>
    </p>
   </div>
   <div class='ocr_carea' id='block_1_6' title="bbox 976 615 1769 695">
    <p class='ocr_par' dir='ltr' id='par_1_8' title="bbox 976 615 1769 695">
     <span class='ocr_line' id='line_1_28' title="bbox 976 615 1769 651; baseline 0.001 -8"><span class='ocrx_word' id='word_1_179' title='bbox 976 616 1128 643; x_wconf 74' lang='lat' dir='ltr'><strong>colluctante</strong></span> <span class='ocrx_word' id='word_1_180' title='bbox 1136 618 1278 651; x_wconf 74' lang='lat' dir='ltr'><strong>frequenter</strong></span> <span class='ocrx_word' id='word_1_181' title='bbox 1286 619 1309 642; x_wconf 87' lang='lat' dir='ltr'><strong>et</strong></span> <span class='ocrx_word' id='word_1_182' title='bbox 1316 615 1489 650; x_wconf 72' lang='lat' dir='ltr'><strong>compluribus</strong></span> <span class='ocrx_word' id='word_1_183' title='bbox 1500 615 1562 643; x_wconf 71' lang='lat' dir='ltr'><strong>locis</strong></span> <span class='ocrx_word' id='word_1_184' title='bbox 1575 624 1643 643; x_wconf 83' lang='lat' dir='ltr'><strong>nunc</strong></span> <span class='ocrx_word' id='word_1_185' title='bbox 1652 624 1769 651; x_wconf 71' lang='lat' dir='ltr'><strong>vapores,</strong></span> 
     </span>
     <span class='ocr_line' id='line_1_29' title="bbox 977 662 1288 695; baseline -0.003 -7"><span class='ocrx_word' id='word_1_186' title='bbox 977 669 1044 688; x_wconf 87' lang='lat' dir='ltr'><strong>nunc</strong></span> <span class='ocrx_word' id='word_1_187' title='bbox 1065 662 1163 695; x_wconf 77' lang='lat' dir='ltr'><strong>sumum</strong></span> <span class='ocrx_word' id='word_1_188' title='bbox 1183 665 1288 688; x_wconf 85' lang='lat' dir='ltr'><strong>eructet.</strong></span> 
     </span>
    </p>
   </div>
   <div class='ocr_carea' id='block_1_7' title="bbox 978 706 1774 879">
    <p class='ocr_par' dir='ltr' id='par_1_9' title="bbox 978 706 1774 879">
     <span class='ocr_line' id='line_1_30' title="bbox 1011 706 1772 742; baseline 0 -9"><span class='ocrx_word' id='word_1_189' title='bbox 1011 707 1040 735; x_wconf 73' lang='lat'><strong>2.</strong></span> <span class='ocrx_word' id='word_1_190' title='bbox 1057 706 1123 734; x_wconf 83' lang='lat' dir='ltr'><strong>Inde</strong></span> <span class='ocrx_word' id='word_1_191' title='bbox 1137 707 1244 742; x_wconf 79' lang='lat' dir='ltr'><strong>denique</strong></span> <span class='ocrx_word' id='word_1_192' title='bbox 1259 706 1349 734; x_wconf 79' lang='lat' dir='ltr'><strong>AElnoe</strong></span> <span class='ocrx_word' id='word_1_193' title='bbox 1363 707 1456 734; x_wconf 72' lang='lat' dir='ltr'><strong>montis</strong></span> <span class='ocrx_word' id='word_1_194' title='bbox 1477 715 1522 742; x_wconf 83' lang='lat' dir='ltr'><strong>per·</strong></span> <span class='ocrx_word' id='word_1_195' title='bbox 1536 710 1571 734; x_wconf 88' lang='lat' dir='ltr'><strong>tot</strong></span> <span class='ocrx_word' id='word_1_196' title='bbox 1585 707 1679 734; x_wconf 80' lang='lat' dir='ltr'><strong>soecula</strong></span> <span class='ocrx_word' id='word_1_197' title='bbox 1694 707 1772 734; x_wconf 82' lang='lat' dir='ltr'><strong>durat</strong></span> 
     </span>
     <span class='ocr_line' id='line_1_31' title="bbox 978 753 1773 787; baseline 0 -8"><span class='ocrx_word' id='word_1_198' title='bbox 978 753 1142 786; x_wconf 81' lang='lat' dir='ltr'><strong>incendium,</strong></span> <span class='ocrx_word' id='word_1_199' title='bbox 1158 757 1180 780; x_wconf 83' lang='lat' dir='ltr'><strong>et</strong></span> <span class='ocrx_word' id='word_1_200' title='bbox 1196 753 1240 779; x_wconf 83' lang='lat' dir='ltr'><strong>ubi</strong></span> <span class='ocrx_word' id='word_1_201' title='bbox 1260 753 1344 779; x_wconf 73' lang='lat' dir='ltr'><strong>acrior</strong></span> <span class='ocrx_word' id='word_1_202' title='bbox 1368 760 1414 786; x_wconf 84' lang='lat' dir='ltr'><strong>per</strong></span> <span class='ocrx_word' id='word_1_203' title='bbox 1431 753 1587 787; x_wconf 73' lang='lat' dir='ltr'><strong>spiramenta</strong></span> <span class='ocrx_word' id='word_1_204' title='bbox 1609 761 1773 780; x_wconf 78' lang='lat' dir='ltr'><strong>cavernarum</strong></span> 
     </span>
     <span class='ocr_line' id='line_1_32' title="bbox 979 799 1773 834; baseline 0 -9"><span class='ocrx_word' id='word_1_205' title='bbox 979 804 1067 826; x_wconf 83' lang='lat' dir='ltr'><strong>ventus</strong></span> <span class='ocrx_word' id='word_1_206' title='bbox 1089 799 1214 832; x_wconf 79' lang='lat' dir='ltr'><strong>incubuit,</strong></span> <span class='ocrx_word' id='word_1_207' title='bbox 1240 807 1377 826; x_wconf 79' lang='lat' dir='ltr'><strong>arenarum</strong></span> <span class='ocrx_word' id='word_1_208' title='bbox 1398 799 1476 826; x_wconf 75' lang='lat' dir='ltr'><strong>moles</strong></span> <span class='ocrx_word' id='word_1_209' title='bbox 1503 803 1618 834; x_wconf 75' lang='lat' dir='ltr'><strong>eyerunt.</strong></span> <span class='ocrx_word' id='word_1_210' title='bbox 1643 799 1773 826; x_wconf 80' lang='lat' dir='ltr'><strong>Accedunt</strong></span> 
     </span>
     <span class='ocr_line' id='line_1_33' title="bbox 979 843 1774 879; baseline 0.001 -9"><span class='ocrx_word' id='word_1_211' title='bbox 979 849 1003 871; x_wconf 88' lang='lat' dir='ltr'><strong>et</strong></span> <span class='ocrx_word' id='word_1_212' title='bbox 1018 849 1138 879; x_wconf 87' lang='lat' dir='ltr'><strong>perpetua</strong></span> <span class='ocrx_word' id='word_1_213' title='bbox 1153 846 1266 879; x_wconf 69' lang='lat' dir='ltr'><strong>[omenta</strong></span> <span class='ocrx_word' id='word_1_214' title='bbox 1284 844 1431 871; x_wconf 80' lang='lat' dir='ltr'><strong>insularum</strong></span> <span class='ocrx_word' id='word_1_215' title='bbox 1450 843 1599 877; x_wconf 81' lang='lat' dir='ltr'><strong>AE&#39;olidum,</strong></span> <span class='ocrx_word' id='word_1_216' title='bbox 1621 844 1697 871; x_wconf 82' lang='lat' dir='ltr'><strong>veluti</strong></span> <span class='ocrx_word' id='word_1_217' title='bbox 1711 844 1774 879; x_wconf 75' lang='lat' dir='ltr'><strong>ipsis</strong></span> 
     </span>
    </p>
   </div>
   <div class='ocr_carea' id='block_1_8' title="bbox 132 885 1774 933">
    <p class='ocr_par' dir='ltr' id='par_1_10' title="bbox 132 885 1774 933">
     <span class='ocr_line' id='line_1_34' title="bbox 132 885 1774 933; baseline 0.001 -8"><span class='ocrx_word' id='word_1_218' title='bbox 132 899 284 925; x_wconf 78' lang='lat' dir='ltr'><strong>mortalium</strong></span> <span class='ocrx_word' id='word_1_219' title='bbox 300 899 369 926; x_wconf 86' lang='lat' dir='ltr'><strong>scire</strong></span> <span class='ocrx_word' id='word_1_220' title='bbox 386 899 424 925; x_wconf 79' lang='lat' dir='ltr'><strong>tas</strong></span> <span class='ocrx_word' id='word_1_221' title='bbox 436 903 487 931; x_wconf 84' lang='lat' dir='ltr'><strong>cst,</strong></span> <span class='ocrx_word' id='word_1_222' title='bbox 500 906 550 926; x_wconf 85' lang='lat' dir='ltr'><strong>nec</strong></span> <span class='ocrx_word' id='word_1_223' title='bbox 563 899 639 926; x_wconf 85' lang='lat' dir='ltr'><strong>nobis</strong></span> <span class='ocrx_word' id='word_1_224' title='bbox 653 899 795 932; x_wconf 84' lang='lat' dir='ltr'><strong>discutere,</strong></span> <span class='ocrx_word' id='word_1_225' title='bbox 809 903 854 925; x_wconf 86' lang='lat' dir='ltr'><strong>aut</strong></span> <span class='ocrx_word' id='word_1_226' title='bbox 868 906 928 933; x_wconf 90' lang='lat' dir='ltr'><strong>per-</strong></span> <span class='ocrx_word' id='word_1_227' title='bbox 942 885 966 915; x_wconf 77' lang='grc' dir='ltr'>Β</span> <span class='ocrx_word' id='word_1_228' title='bbox 981 891 1058 917; x_wconf 61' lang='lat' dir='ltr'><strong>“ndi-⁵</strong></span> <span class='ocrx_word' id='word_1_229' title='bbox 1083 890 1169 917; x_wconf 63' lang='lat' dir='ltr'><strong>“lawr</strong></span> <span class='ocrx_word' id='word_1_230' title='bbox 1183 890 1343 923; x_wconf 59' lang='lat' dir='ltr'><strong>incendium,</strong></span> <span class='ocrx_word' id='word_1_231' title='bbox 1367 898 1445 925; x_wconf 64' lang='lat' dir='ltr'><strong>”eque</strong></span> <span class='ocrx_word' id='word_1_232' title='bbox 1467 891 1534 916; x_wconf 66' lang='lat'><strong>‘&#39;¹57&#39;‘</strong></span> <span class='ocrx_word' id='word_1_233' title='bbox 1549 891 1575 916; x_wconf 62' lang='grc' dir='ltr'><em>Μ</em></span> <span class='ocrx_word' id='word_1_234' title='bbox 1589 894 1641 916; x_wconf 68' lang='lat' dir='ltr'><strong>mm</strong></span> <span class='ocrx_word' id='word_1_235' title='bbox 1659 890 1774 924; x_wconf 55' lang='lat' dir='ltr'><strong>“utin-5¹¹3</strong></span> 
     </span>
    </p>
   </div>
   <div class='ocr_carea' id='block_1_9' title="bbox 132 945 931 1210">
    <p class='ocr_par' dir='ltr' id='par_1_11' title="bbox 132 945 931 1210">
     <span class='ocr_line' id='line_1_35' title="bbox 133 945 929 980; baseline -0.001 -7"><span class='ocrx_word' id='word_1_236' title='bbox 133 946 246 973; x_wconf 83' lang='lat' dir='ltr'><strong>scrutari</strong></span> <span class='ocrx_word' id='word_1_237' title='bbox 264 946 324 972; x_wconf 88' lang='lat' dir='ltr'><strong>licet</strong></span> <span class='ocrx_word' id='word_1_238' title='bbox 340 946 463 980; x_wconf 80' lang='lat' dir='ltr'><strong>cuiquam</strong></span> <span class='ocrx_word' id='word_1_239' title='bbox 479 951 578 972; x_wconf 87' lang='lat' dir='ltr'><strong>tantam</strong></span> <span class='ocrx_word' id='word_1_240' title='bbox 594 946 692 972; x_wconf 77' lang='lat' dir='ltr'><strong>divinae</strong></span> <span class='ocrx_word' id='word_1_241' title='bbox 708 946 774 973; x_wconf 86' lang='lat' dir='ltr'><strong>artis</strong></span> <span class='ocrx_word' id='word_1_242' title='bbox 795 945 929 973; x_wconf 88' lang='lat' dir='ltr'><strong>excellen-</strong></span> 
     </span>
     <span class='ocr_line' id='line_1_36' title="bbox 132 991 930 1026; baseline 0.003 -10"><span class='ocrx_word' id='word_1_243' title='bbox 132 991 211 1023; x_wconf 83' lang='lat' dir='ltr'><strong>tiam,</strong></span> <span class='ocrx_word' id='word_1_244' title='bbox 228 992 290 1017; x_wconf 84' lang='lat' dir='ltr'><strong>(inm</strong></span> <span class='ocrx_word' id='word_1_245' title='bbox 306 995 412 1018; x_wconf 76' lang='lat' dir='ltr'><strong>constet</strong></span> <span class='ocrx_word' id='word_1_246' title='bbox 424 999 482 1018; x_wconf 86' lang='lat' dir='ltr'><strong>eam</strong></span> <span class='ocrx_word' id='word_1_247' title='bbox 494 991 552 1025; x_wconf 77' lang='lat' dir='ltr'><strong>lege</strong></span> <span class='ocrx_word' id='word_1_248' title='bbox 562 991 713 1026; x_wconf 86' lang='lat' dir='ltr'><strong>majestatis</strong></span> <span class='ocrx_word' id='word_1_249' title='bbox 729 992 774 1018; x_wconf 90' lang='lat' dir='ltr'><strong>Dei</strong></span> <span class='ocrx_word' id='word_1_250' title='bbox 789 996 835 1018; x_wconf 85' lang='lat' dir='ltr'><strong>aut</strong></span> <span class='ocrx_word' id='word_1_251' title='bbox 850 998 930 1025; x_wconf 86' lang='lat' dir='ltr'><strong>super</strong></span> 
     </span>
     <span class='ocr_line' id='line_1_37' title="bbox 133 1037 927 1072; baseline 0.003 -11"><span class='ocrx_word' id='word_1_252' title='bbox 133 1043 227 1070; x_wconf 68' lang='grc' dir='ltr'><strong>ιημιιις,</strong></span> <span class='ocrx_word' id='word_1_253' title='bbox 237 1041 281 1062; x_wconf 80' lang='lat' dir='ltr'><strong>ant</strong></span> <span class='ocrx_word' id='word_1_254' title='bbox 291 1044 370 1070; x_wconf 79' lang='lat' dir='ltr'><strong>snper</strong></span> <span class='ocrx_word' id='word_1_255' title='bbox 380 1037 461 1063; x_wconf 83' lang='lat' dir='ltr'><strong>nubes</strong></span> <span class='ocrx_word' id='word_1_256' title='bbox 473 1037 593 1064; x_wconf 86' lang='lat' dir='ltr'><strong>stabilem</strong></span> <span class='ocrx_word' id='word_1_257' title='bbox 603 1045 769 1072; x_wconf 86' lang='lat' dir='ltr'><strong>permanere.</strong></span> <span class='ocrx_word' id='word_1_258' title='bbox 780 1038 844 1070; x_wconf 85' lang='lat' dir='ltr'><strong>Quis</strong></span> <span class='ocrx_word' id='word_1_259' title='bbox 852 1039 927 1070; x_wconf 83' lang='lat' dir='ltr'><strong>enim,</strong></span> 
     </span>
     <span class='ocr_line' id='line_1_38' title="bbox 134 1083 929 1118; baseline 0.003 -10"><span class='ocrx_word' id='word_1_260' title='bbox 134 1083 229 1116; x_wconf 83' lang='lat' dir='ltr'><strong>inquit,</strong></span> <span class='ocrx_word' id='word_1_261' title='bbox 246 1083 382 1115; x_wconf 80' lang='lat' dir='ltr'><strong>Salomon,</strong></span> <span class='ocrx_word' id='word_1_262' title='bbox 398 1084 493 1118; x_wconf 80' lang='lat' dir='ltr'><strong>sufficit</strong></span> <span class='ocrx_word' id='word_1_263' title='bbox 511 1092 617 1110; x_wconf 84' lang='lat' dir='ltr'><strong>narrare</strong></span> <span class='ocrx_word' id='word_1_264' title='bbox 630 1092 707 1118; x_wconf 85' lang='lat' dir='ltr'><strong>opera</strong></span> <span class='ocrx_word' id='word_1_265' title='bbox 720 1083 800 1116; x_wconf 84' lang='lat' dir='ltr'><strong>illius,</strong></span> <span class='ocrx_word' id='word_1_266' title='bbox 815 1089 858 1110; x_wconf 87' lang='lat' dir='ltr'><strong>aut</strong></span> <span class='ocrx_word' id='word_1_267' title='bbox 873 1085 929 1118; x_wconf 79' lang='lat' dir='ltr'><strong>quis</strong></span> 
     </span>
     <span class='ocr_line' id='line_1_39' title="bbox 133 1128 931 1165; baseline 0.004 -12"><span class='ocrx_word' id='word_1_268' title='bbox 133 1128 290 1162; x_wconf 62' lang='lat' dir='ltr'><strong>investigabit</strong></span> <span class='ocrx_word' id='word_1_269' title='bbox 306 1130 435 1163; x_wconf 73' lang='lat' dir='ltr'><strong>maqnolia</strong></span> <span class='ocrx_word' id='word_1_270' title='bbox 456 1129 532 1165; x_wconf 86' lang='lat' dir='ltr'><strong>ejus?</strong></span> <span class='ocrx_word' id='word_1_271' title='bbox 545 1129 615 1163; x_wconf 85' lang='lat' dir='ltr'><strong>Ergo</strong></span> <span class='ocrx_word' id='word_1_272' title='bbox 626 1129 695 1163; x_wconf 87' lang='lat' dir='ltr'><strong>quod</strong></span> <span class='ocrx_word' id='word_1_273' title='bbox 711 1129 863 1156; x_wconf 81' lang='lat' dir='ltr'><strong>mortalium</strong></span> <span class='ocrx_word' id='word_1_274' title='bbox 883 1137 931 1156; x_wconf 85' lang='lat' dir='ltr'><strong>na·</strong></span> 
     </span>
     <span class='ocr_line' id='line_1_40' title="bbox 134 1175 927 1210; baseline 0.005 -11"><span class='ocrx_word' id='word_1_275' title='bbox 134 1178 200 1200; x_wconf 85' lang='lat' dir='ltr'><strong>turae</strong></span> <span class='ocrx_word' id='word_1_276' title='bbox 211 1178 345 1201; x_wconf 78' lang='lat' dir='ltr'><strong>secretum</strong></span> <span class='ocrx_word' id='word_1_277' title='bbox 354 1179 404 1207; x_wconf 83' lang='lat' dir='ltr'><strong>est,</strong></span> <span class='ocrx_word' id='word_1_278' title='bbox 417 1175 513 1201; x_wconf 73' lang='lat' dir='ltr'><strong>divinre</strong></span> <span class='ocrx_word' id='word_1_279' title='bbox 521 1175 647 1208; x_wconf 68' lang='lat' dir='ltr'><strong>potentiae</strong></span> <span class='ocrx_word' id='word_1_280' title='bbox 659 1175 863 1210; x_wconf 82' lang='lat' dir='ltr'><strong>relinquendum</strong></span> <span class='ocrx_word' id='word_1_281' title='bbox 875 1179 927 1204; x_wconf 89' lang='lat' dir='ltr'><strong>est.</strong></span> 
     </span>
    </p>
   </div>
   <div class='ocr_carea' id='block_1_10' title="bbox 134 1230 930 1542">
    <p class='ocr_par' dir='ltr' id='par_1_12' title="bbox 380 1230 678 1304">
     <span class='ocr_line' id='line_1_41' title="bbox 380 1230 678 1266; baseline 0 -8"><span class='ocrx_word' id='word_1_282' title='bbox 380 1231 435 1266; x_wconf 77' lang='grc'><strong>60</strong></span> <span class='ocrx_word' id='word_1_283' title='bbox 454 1230 566 1258; x_wconf 78' lang='lat' dir='ltr'><strong>CAPUT</strong></span> <span class='ocrx_word' id='word_1_284' title='bbox 587 1230 678 1258; x_wconf 81' lang='lat' dir='ltr'><strong>XLVl.</strong></span> 
     </span>
     <span class='ocr_line' id='line_1_42' title="bbox 428 1277 635 1304; baseline 0 -1"><span class='ocrx_word' id='word_1_285' title='bbox 428 1277 466 1303; x_wconf 93' lang='lat' dir='ltr'><strong>De</strong></span> <span class='ocrx_word' id='word_1_286' title='bbox 479 1281 635 1304; x_wconf 82' lang='lat' dir='ltr'><strong>terroemotu.</strong></span> 
     </span>
    </p>

    <p class='ocr_par' dir='ltr' id='par_1_13' title="bbox 134 1323 930 1542">
     <span class='ocr_line' id='line_1_43' title="bbox 169 1323 929 1359; baseline 0.004 -10"><span class='ocrx_word' id='word_1_287' title='bbox 169 1323 195 1349; x_wconf 80' lang='lat' dir='ltr'><strong>t.</strong></span> <span class='ocrx_word' id='word_1_288' title='bbox 222 1323 361 1357; x_wconf 80' lang='lat' dir='ltr'><strong>Sapientes</strong></span> <span class='ocrx_word' id='word_1_289' title='bbox 383 1323 474 1350; x_wconf 85' lang='lat' dir='ltr'><strong>dieunt</strong></span> <span class='ocrx_word' id='word_1_290' title='bbox 498 1328 611 1351; x_wconf 84' lang='lat' dir='ltr'><strong>terram·</strong></span> <span class='ocrx_word' id='word_1_291' title='bbox 630 1323 656 1351; x_wconf 92' lang='lat' dir='ltr'><strong>in</strong></span> <span class='ocrx_word' id='word_1_292' title='bbox 680 1324 789 1351; x_wconf 89' lang='lat' dir='ltr'><strong>modum</strong></span> <span class='ocrx_word' id='word_1_293' title='bbox 806 1324 929 1359; x_wconf 78' lang='lat' dir='ltr'><strong>&#39;spongiae</strong></span> 
     </span>
     <span class='ocr_line' id='line_1_44' title="bbox 134 1370 929 1405; baseline 0.003 -9"><span class='ocrx_word' id='word_1_294' title='bbox 134 1377 206 1402; x_wconf 82' lang='lat' dir='ltr'><strong>esse,</strong></span> <span class='ocrx_word' id='word_1_295' title='bbox 221 1374 433 1404; x_wconf 84' lang='lat' dir='ltr'><strong>conceptumque</strong></span> <span class='ocrx_word' id='word_1_296' title='bbox 448 1373 558 1396; x_wconf 86' lang='lat' dir='ltr'><strong>ventum</strong></span> <span class='ocrx_word' id='word_1_297' title='bbox 573 1370 666 1402; x_wconf 90' lang='lat' dir='ltr'><strong>rotari,</strong></span> <span class='ocrx_word' id='word_1_298' title='bbox 682 1375 710 1398; x_wconf 90' lang='lat' dir='ltr'><strong>et</strong></span> <span class='ocrx_word' id='word_1_299' title='bbox 725 1371 764 1398; x_wconf 92' lang='lat' dir='ltr'><strong>ire</strong></span> <span class='ocrx_word' id='word_1_300' title='bbox 776 1378 824 1405; x_wconf 87' lang='lat' dir='ltr'><strong>per</strong></span> <span class='ocrx_word' id='word_1_301' title='bbox 836 1378 929 1398; x_wconf 87' lang='lat' dir='ltr'><strong>caver-</strong></span> 
     </span>
     <span class='ocr_line' id='line_1_45' title="bbox 136 1414 929 1451; baseline 0.004 -10"><span class='ocrx_word' id='word_1_302' title='bbox 136 1423 193 1442; x_wconf 84' lang='lat' dir='ltr'><strong>nas.</strong></span> <span class='ocrx_word' id='word_1_303' title='bbox 206 1414 325 1450; x_wconf 83' lang='lat' dir='ltr'><strong>Cumque</strong></span> <span class='ocrx_word' id='word_1_304' title='bbox 337 1420 438 1442; x_wconf 86' lang='lat' dir='ltr'><strong>tantum</strong></span> <span class='ocrx_word' id='word_1_305' title='bbox 451 1415 521 1447; x_wconf 87' lang='lat' dir='ltr'><strong>ierit,</strong></span> <span class='ocrx_word' id='word_1_306' title='bbox 537 1420 665 1449; x_wconf 84' lang='lat' dir='ltr'><strong>quantum</strong></span> <span class='ocrx_word' id='word_1_307' title='bbox 680 1421 750 1443; x_wconf 89' lang='lat' dir='ltr'><strong>terra</strong></span> <span class='ocrx_word' id='word_1_308' title='bbox 766 1424 861 1451; x_wconf 82' lang='lat' dir='ltr'><strong>capere</strong></span> <span class='ocrx_word' id='word_1_309' title='bbox 876 1424 929 1444; x_wconf 91' lang='lat' dir='ltr'><strong>non</strong></span> 
     </span>
     <span class='ocr_line' id='line_1_46' title="bbox 134 1461 930 1496; baseline 0.001 -8"><span class='ocrx_word' id='word_1_310' title='bbox 134 1462 230 1495; x_wconf 87' lang='lat' dir='ltr'><strong>possit,</strong></span> <span class='ocrx_word' id='word_1_311' title='bbox 248 1461 300 1488; x_wconf 87' lang='lat' dir='ltr'><strong>huc</strong></span> <span class='ocrx_word' id='word_1_312' title='bbox 315 1465 394 1496; x_wconf 86' lang='lat' dir='ltr'><strong>atque</strong></span> <span class='ocrx_word' id='word_1_313' title='bbox 409 1461 472 1488; x_wconf 90' lang='lat' dir='ltr'><strong>illuc</strong></span> <span class='ocrx_word' id='word_1_314' title='bbox 487 1466 584 1488; x_wconf 88' lang='lat' dir='ltr'><strong>ventus</strong></span> <span class='ocrx_word' id='word_1_315' title='bbox 598 1461 734 1489; x_wconf 73' lang='lat' dir='ltr'><strong>fremitum</strong></span> <span class='ocrx_word' id='word_1_316' title='bbox 750 1466 776 1489; x_wconf 89' lang='lat' dir='ltr'><strong>et</strong></span> <span class='ocrx_word' id='word_1_317' title='bbox 790 1469 930 1489; x_wconf 86' lang='lat' dir='ltr'><strong>murmura</strong></span> 
     </span>
     <span class='ocr_line' id='line_1_47' title="bbox 136 1507 928 1542; baseline 0 -8"><span class='ocrx_word' id='word_1_318' title='bbox 136 1508 226 1535; x_wconf 87' lang='lat' dir='ltr'><strong>mittit.</strong></span> <span class='ocrx_word' id='word_1_319' title='bbox 254 1507 355 1534; x_wconf 86' lang='lat' dir='ltr'><strong>Dehinc</strong></span> <span class='ocrx_word' id='word_1_320' title='bbox 379 1507 522 1542; x_wconf 75' lang='lat' dir='ltr'><strong>quaerentis</strong></span> <span class='ocrx_word' id='word_1_321' title='bbox 549 1507 576 1534; x_wconf 86' lang='lat' dir='ltr'><strong>vi</strong></span> <span class='ocrx_word' id='word_1_322' title='bbox 599 1507 670 1534; x_wconf 85' lang='lat' dir='ltr'><strong>viam</strong></span> <span class='ocrx_word' id='word_1_323' title='bbox 695 1507 841 1541; x_wconf 84' lang='lat' dir='ltr'><strong>evadendi,</strong></span> <span class='ocrx_word' id='word_1_324' title='bbox 866 1507 928 1534; x_wconf 87' lang='lat' dir='ltr'><strong>dum</strong></span> 
     </span>
    </p>
   </div>
   <div class='ocr_carea' id='block_1_11' title="bbox 136 1545 965 1593">
    <p class='ocr_par' dir='ltr' id='par_1_14' title="bbox 136 1545 965 1593">
     <span class='ocr_line' id='line_1_48' title="bbox 136 1545 965 1593; baseline 0 -12"><span class='ocrx_word' id='word_1_325' title='bbox 136 1554 267 1581; x_wconf 80' lang='lat' dir='ltr'><strong>sustinere</strong></span> <span class='ocrx_word' id='word_1_326' title='bbox 292 1562 352 1581; x_wconf 90' lang='lat' dir='ltr'><strong>eum</strong></span> <span class='ocrx_word' id='word_1_327' title='bbox 378 1558 448 1580; x_wconf 89' lang='lat' dir='ltr'><strong>terra</strong></span> <span class='ocrx_word' id='word_1_328' title='bbox 471 1561 524 1581; x_wconf 92' lang='lat' dir='ltr'><strong>non</strong></span> <span class='ocrx_word' id='word_1_329' title='bbox 546 1545 678 1588; x_wconf 71' lang='lat' dir='ltr'><strong>potuer&#39;it,</strong></span> <span class='ocrx_word' id='word_1_330' title='bbox 701 1558 746 1581; x_wconf 83' lang='lat' dir='ltr'><strong>aut</strong></span> <span class='ocrx_word' id='word_1_331' title='bbox 761 1555 867 1587; x_wconf 84' lang='lat' dir='ltr'><strong>tremit,</strong></span> <span class='ocrx_word' id='word_1_332' title='bbox 885 1559 930 1582; x_wconf 89' lang='lat' dir='ltr'><strong>aut</strong></span> <span class='ocrx_word' id='word_1_333' title='bbox 944 1562 965 1593; x_wconf 78' lang='lat' dir='ltr'>C</span> 
     </span>
    </p>
   </div>
   <div class='ocr_carea' id='block_1_12' title="bbox 137 1598 934 1900">
    <p class='ocr_par' dir='ltr' id='par_1_15' title="bbox 137 1598 929 1677">
     <span class='ocr_line' id='line_1_49' title="bbox 137 1598 929 1633; baseline 0.001 -7"><span class='ocrx_word' id='word_1_334' title='bbox 137 1600 268 1633; x_wconf 85' lang='lat' dir='ltr'><strong>dehiscit,</strong></span> <span class='ocrx_word' id='word_1_335' title='bbox 285 1604 314 1626; x_wconf 92' lang='lat' dir='ltr'><strong>ut</strong></span> <span class='ocrx_word' id='word_1_336' title='bbox 335 1604 443 1626; x_wconf 88' lang='lat' dir='ltr'><strong>ventum</strong></span> <span class='ocrx_word' id='word_1_337' title='bbox 459 1604 560 1633; x_wconf 82' lang='lat' dir='ltr'><strong>egerat.</strong></span> <span class='ocrx_word' id='word_1_338' title='bbox 579 1598 643 1626; x_wconf 89' lang='lat' dir='ltr'><strong>lnde</strong></span> <span class='ocrx_word' id='word_1_339' title='bbox 657 1603 745 1626; x_wconf 90' lang='lat' dir='ltr'><strong>autem</strong></span> <span class='ocrx_word' id='word_1_340' title='bbox 762 1599 818 1626; x_wconf 83' lang='lat' dir='ltr'><strong>lieri</strong></span> <span class='ocrx_word' id='word_1_341' title='bbox 836 1603 929 1627; x_wconf 82' lang='lat' dir='ltr'><strong>terrae-</strong></span> 
     </span>
     <span class='ocr_line' id='line_1_50' title="bbox 138 1644 929 1677; baseline 0 -5"><span class='ocrx_word' id='word_1_342' title='bbox 138 1650 238 1672; x_wconf 89' lang='lat' dir='ltr'><strong>motum</strong></span> <span class='ocrx_word' id='word_1_343' title='bbox 253 1666 259 1677; x_wconf 93' lang='lat'><strong>,</strong></span> <span class='ocrx_word' id='word_1_344' title='bbox 286 1645 348 1671; x_wconf 79' lang='lat' dir='ltr'><strong>dunt</strong></span> <span class='ocrx_word' id='word_1_345' title='bbox 377 1645 501 1671; x_wconf 87' lang='lat' dir='ltr'><strong>universa</strong></span> <span class='ocrx_word' id='word_1_346' title='bbox 535 1650 630 1671; x_wconf 88' lang='lat' dir='ltr'><strong>ventus</strong></span> <span class='ocrx_word' id='word_1_347' title='bbox 659 1644 776 1671; x_wconf 87' lang='lat' dir='ltr'><strong>inclusus</strong></span> <span class='ocrx_word' id='word_1_348' title='bbox 801 1646 929 1672; x_wconf 80' lang='lat' dir='ltr'><strong>concutit.</strong></span> 
     </span>
    </p>

    <p class='ocr_par' dir='ltr' id='par_1_16' title="bbox 138 1689 934 1900">
     <span class='ocr_line' id='line_1_51' title="bbox 172 1689 932 1724; baseline 0.003 -8"><span class='ocrx_word' id='word_1_349' title='bbox 172 1691 200 1718; x_wconf 65' lang='grc' dir='ltr'><strong>Ξ.</strong></span> <span class='ocrx_word' id='word_1_350' title='bbox 221 1690 296 1717; x_wconf 89' lang='lat' dir='ltr'><strong>Unde</strong></span> <span class='ocrx_word' id='word_1_351' title='bbox 308 1694 335 1717; x_wconf 88' lang='lat' dir='ltr'><strong>et</strong></span> <span class='ocrx_word' id='word_1_352' title='bbox 348 1689 504 1717; x_wconf 81' lang='lat' dir='ltr'><strong>Sallustius:</strong></span> <span class='ocrx_word' id='word_1_353' title='bbox 518 1689 604 1723; x_wconf 81' lang='lat' dir='ltr'><strong>Venti,</strong></span> <span class='ocrx_word' id='word_1_354' title='bbox 616 1690 712 1724; x_wconf 83' lang='lat' dir='ltr'><strong>inquit,</strong></span> <span class='ocrx_word' id='word_1_355' title='bbox 729 1698 773 1724; x_wconf 81' lang='lat' dir='ltr'><strong>per</strong></span> <span class='ocrx_word' id='word_1_356' title='bbox 784 1698 846 1716; x_wconf 83' lang='lat' dir='ltr'><strong>cava</strong></span> <span class='ocrx_word' id='word_1_357' title='bbox 858 1695 932 1718; x_wconf 83' lang='lat' dir='ltr'><strong>terrae</strong></span> 
     </span>
     <span class='ocr_line' id='line_1_52' title="bbox 139 1734 931 1770; baseline 0.001 -8"><span class='ocrx_word' id='word_1_358' title='bbox 139 1735 309 1770; x_wconf 75' lang='lat' dir='ltr'><strong>pt&#39;oecipitati,</strong></span> <span class='ocrx_word' id='word_1_359' title='bbox 324 1736 393 1769; x_wconf 84' lang='lat' dir='ltr'><strong>rupti</strong></span> <span class='ocrx_word' id='word_1_360' title='bbox 417 1734 514 1768; x_wconf 82' lang='lat' dir='ltr'><strong>aliquot</strong></span> <span class='ocrx_word' id='word_1_361' title='bbox 538 1739 644 1768; x_wconf 78' lang='lat' dir='ltr'><strong>montes,</strong></span> <span class='ocrx_word' id='word_1_362' title='bbox 671 1736 812 1770; x_wconf 86' lang='lat' dir='ltr'><strong>tumulique</strong></span> <span class='ocrx_word' id='word_1_363' title='bbox 835 1737 931 1764; x_wconf 79' lang='lat' dir='ltr'><strong>sedere.</strong></span> 
     </span>
     <span class='ocr_line' id='line_1_53' title="bbox 139 1781 933 1816; baseline 0.003 -9"><span class='ocrx_word' id='word_1_364' title='bbox 139 1782 220 1816; x_wconf 75' lang='lat' dir='ltr'><strong>Ergo,</strong></span> <span class='ocrx_word' id='word_1_365' title='bbox 235 1781 399 1813; x_wconf 76' lang='lat' dir='ltr'><strong>utdiximus,</strong></span> <span class='ocrx_word' id='word_1_366' title='bbox 415 1786 514 1808; x_wconf 89' lang='lat' dir='ltr'><strong>tremor</strong></span> <span class='ocrx_word' id='word_1_367' title='bbox 527 1785 616 1814; x_wconf 78' lang='lat' dir='ltr'><strong>terrae,</strong></span> <span class='ocrx_word' id='word_1_368' title='bbox 631 1781 673 1808; x_wconf 86' lang='lat' dir='ltr'><strong>vel</strong></span> <span class='ocrx_word' id='word_1_369' title='bbox 689 1782 786 1816; x_wconf 87' lang='lat' dir='ltr'><strong>spiritu</strong></span> <span class='ocrx_word' id='word_1_370' title='bbox 798 1782 870 1809; x_wconf 86' lang='lat' dir='ltr'><strong>venti</strong></span> <span class='ocrx_word' id='word_1_371' title='bbox 886 1789 933 1816; x_wconf 87' lang='lat' dir='ltr'><strong>per</strong></span> 
     </span>
     <span class='ocr_line' id='line_1_54' title="bbox 138 1827 934 1862; baseline 0.003 -9"><span class='ocrx_word' id='word_1_372' title='bbox 138 1835 202 1853; x_wconf 74' lang='lat' dir='ltr'><strong>cava</strong></span> <span class='ocrx_word' id='word_1_373' title='bbox 227 1833 322 1859; x_wconf 82' lang='lat' dir='ltr'><strong>terrae,</strong></span> <span class='ocrx_word' id='word_1_374' title='bbox 346 1828 388 1854; x_wconf 88' lang='lat' dir='ltr'><strong>vel</strong></span> <span class='ocrx_word' id='word_1_375' title='bbox 413 1827 489 1854; x_wconf 87' lang='lat' dir='ltr'><strong>ruina</strong></span> <span class='ocrx_word' id='word_1_376' title='bbox 510 1827 677 1859; x_wconf 79' lang='lat' dir='ltr'><strong>inferiorum,</strong></span> <span class='ocrx_word' id='word_1_377' title='bbox 706 1831 834 1862; x_wconf 84' lang='lat' dir='ltr'><strong>motuque</strong></span> <span class='ocrx_word' id='word_1_378' title='bbox 855 1828 934 1855; x_wconf 81' lang='lat' dir='ltr'><strong>undae</strong></span> 
     </span>
     <span class='ocr_line' id='line_1_55' title="bbox 139 1872 636 1900; baseline 0.002 -2"><span class='ocrx_word' id='word_1_379' title='bbox 139 1873 240 1899; x_wconf 69' lang='lat' dir='ltr'><strong>existit.</strong></span> <span class='ocrx_word' id='word_1_380' title='bbox 258 1872 301 1900; x_wconf 85' lang='lat' dir='ltr'><strong>Sic</strong></span> <span class='ocrx_word' id='word_1_381' title='bbox 315 1873 384 1899; x_wconf 90' lang='lat' dir='ltr'><strong>enim</strong></span> <span class='ocrx_word' id='word_1_382' title='bbox 397 1877 425 1900; x_wconf 88' lang='lat' dir='ltr'><strong>et</strong></span> <span class='ocrx_word' id='word_1_383' title='bbox 439 1873 562 1900; x_wconf 73' lang='lat' dir='ltr'><strong>Lucanus</strong></span> <span class='ocrx_word' id='word_1_384' title='bbox 576 1873 613 1900; x_wconf 80' lang='lat' dir='ltr'><strong>ait</strong></span> <span class='ocrx_word' id='word_1_385' title='bbox 629 1882 636 1899; x_wconf 91' lang='lat'>:</span> 
     </span>
    </p>
   </div>
   <div class='ocr_carea' id='block_1_13' title="bbox 250 1918 809 1981">
    <p class='ocr_par' dir='ltr' id='par_1_17' title="bbox 250 1918 809 1981">
     <span class='ocr_line' id='line_1_56' title="bbox 527 1918 809 1949; baseline 0.007 -7"><span class='ocrx_word' id='word_1_386' title='bbox 527 1918 653 1949; x_wconf 81' lang='lat' dir='ltr'><strong>Terraque</strong></span> <span class='ocrx_word' id='word_1_387' title='bbox 665 1918 809 1944; x_wconf 81' lang='lat' dir='ltr'><strong>dehiscente</strong></span> 
     </span>
     <span class='ocr_line' id='line_1_57' title="bbox 250 1948 798 1981; baseline 0.004 -8"><span class='ocrx_word' id='word_1_388' title='bbox 250 1948 405 1973; x_wconf 77' lang='lat' dir='ltr'><strong>Insolitis.....</strong></span> <span class='ocrx_word' id='word_1_389' title='bbox 418 1951 574 1974; x_wconf 84' lang='lat' dir='ltr'><strong>tremuerunt</strong></span> <span class='ocrx_word' id='word_1_390' title='bbox 592 1950 697 1975; x_wconf 65' lang='lat' dir='ltr'><strong>motibus</strong></span> <span class='ocrx_word' id='word_1_391' title='bbox 714 1951 798 1981; x_wconf 77' lang='lat' dir='ltr'><strong>Alpes.</strong></span> 
     </span>
    </p>
   </div>
   <div class='ocr_carea' id='block_1_14' title="bbox 141 1990 938 2392">
    <p class='ocr_par' dir='ltr' id='par_1_18' title="bbox 141 1990 938 2392">
     <span class='ocr_line' id='line_1_58' title="bbox 177 1990 935 2024; baseline 0.003 -7"><span class='ocrx_word' id='word_1_392' title='bbox 177 1991 202 2018; x_wconf 73' lang='lat'><strong>5.</strong></span> <span class='ocrx_word' id='word_1_393' title='bbox 215 1990 407 2017; x_wconf 79' lang='lat' dir='ltr'><strong>Terraemotum</strong></span> <span class='ocrx_word' id='word_1_394' title='bbox 435 1996 522 2017; x_wconf 86' lang='lat' dir='ltr'><strong>autem</strong></span> <span class='ocrx_word' id='word_1_395' title='bbox 539 1991 591 2017; x_wconf 86' lang='lat' dir='ltr'><strong>illic</strong></span> <span class='ocrx_word' id='word_1_396' title='bbox 606 1991 713 2018; x_wconf 82' lang='lat' dir='ltr'><strong>assidue</strong></span> <span class='ocrx_word' id='word_1_397' title='bbox 727 1991 798 2024; x_wconf 80' lang='lat' dir='ltr'><strong>lieri,</strong></span> <span class='ocrx_word' id='word_1_398' title='bbox 814 1991 858 2019; x_wconf 90' lang='lat' dir='ltr'><strong>ubi</strong></span> <span class='ocrx_word' id='word_1_399' title='bbox 870 1999 935 2019; x_wconf 82' lang='lat' dir='ltr'><strong>cava</strong></span> 
     </span>
     <span class='ocr_line' id='line_1_59' title="bbox 141 2037 936 2072; baseline 0.004 -10"><span class='ocrx_word' id='word_1_400' title='bbox 141 2042 272 2064; x_wconf 86' lang='lat' dir='ltr'><strong>terrarum</strong></span> <span class='ocrx_word' id='word_1_401' title='bbox 296 2041 369 2069; x_wconf 87' lang='lat' dir='ltr'><strong>sunt,</strong></span> <span class='ocrx_word' id='word_1_402' title='bbox 390 2038 416 2064; x_wconf 92' lang='lat' dir='ltr'><strong>in</strong></span> <span class='ocrx_word' id='word_1_403' title='bbox 437 2037 534 2071; x_wconf 89' lang='lat' dir='ltr'><strong>quibus</strong></span> <span class='ocrx_word' id='word_1_404' title='bbox 549 2038 619 2064; x_wconf 84' lang='lat' dir='ltr'><strong>venti</strong></span> <span class='ocrx_word' id='word_1_405' title='bbox 634 2037 827 2072; x_wconf 83' lang='lat' dir='ltr'><strong>ingrediuntur,</strong></span> <span class='ocrx_word' id='word_1_406' title='bbox 845 2042 871 2066; x_wconf 87' lang='lat' dir='ltr'><strong>et</strong></span> <span class='ocrx_word' id='word_1_407' title='bbox 892 2039 936 2065; x_wconf 80' lang='lat' dir='ltr'><strong>fa-</strong></span> 
     </span>
     <span class='ocr_line' id='line_1_60' title="bbox 141 2083 934 2117; baseline 0 -7"><span class='ocrx_word' id='word_1_408' title='bbox 141 2084 215 2110; x_wconf 86' lang='lat' dir='ltr'><strong>ciunt</strong></span> <span class='ocrx_word' id='word_1_409' title='bbox 229 2089 420 2111; x_wconf 76' lang='lat' dir='ltr'><strong>terraemotum.</strong></span> <span class='ocrx_word' id='word_1_410' title='bbox 438 2083 503 2110; x_wconf 84' lang='lat' dir='ltr'><strong>Nam</strong></span> <span class='ocrx_word' id='word_1_411' title='bbox 517 2083 561 2110; x_wconf 88' lang='lat' dir='ltr'><strong>ubi</strong></span> <span class='ocrx_word' id='word_1_412' title='bbox 577 2090 719 2110; x_wconf 86' lang='lat' dir='ltr'><strong>arenosum</strong></span> <span class='ocrx_word' id='word_1_413' title='bbox 732 2087 782 2117; x_wconf 80' lang='lat' dir='ltr'><strong>est,</strong></span> <span class='ocrx_word' id='word_1_414' title='bbox 794 2088 840 2110; x_wconf 84' lang='lat' dir='ltr'><strong>aut</strong></span> <span class='ocrx_word' id='word_1_415' title='bbox 850 2083 934 2110; x_wconf 89' lang='lat' dir='ltr'><strong>solida</strong></span> 
     </span>
     <span class='ocr_line' id='line_1_61' title="bbox 141 2128 937 2161; baseline 0.001 -6"><span class='ocrx_word' id='word_1_416' title='bbox 141 2134 182 2155; x_wconf 80' lang='lat' dir='ltr'><strong>ost</strong></span> <span class='ocrx_word' id='word_1_417' title='bbox 194 2134 272 2161; x_wconf 87' lang='lat' dir='ltr'><strong>terra,</strong></span> <span class='ocrx_word' id='word_1_418' title='bbox 288 2137 340 2155; x_wconf 92' lang='lat' dir='ltr'><strong>non</strong></span> <span class='ocrx_word' id='word_1_419' title='bbox 357 2129 392 2155; x_wconf 92' lang='lat' dir='ltr'><strong>ibi</strong></span> <span class='ocrx_word' id='word_1_420' title='bbox 408 2128 437 2155; x_wconf 83' lang='lat' dir='ltr'><strong>lit</strong></span> <span class='ocrx_word' id='word_1_421' title='bbox 453 2133 628 2156; x_wconf 85' lang='lat' dir='ltr'><strong>terraemotns.</strong></span> <span class='ocrx_word' id='word_1_422' title='bbox 643 2129 735 2156; x_wconf 81' lang='lat' dir='ltr'><strong>Terrae</strong></span> <span class='ocrx_word' id='word_1_423' title='bbox 748 2133 836 2156; x_wconf 88' lang='lat' dir='ltr'><strong>autem</strong></span> <span class='ocrx_word' id='word_1_424' title='bbox 853 2130 937 2157; x_wconf 90' lang='lat' dir='ltr'><strong>motio</strong></span> 
     </span>
     <span class='ocr_line' id='line_1_62' title="bbox 144 2173 936 2208; baseline 0.004 -9"><span class='ocrx_word' id='word_1_425' title='bbox 144 2174 258 2207; x_wconf 76' lang='lat' dir='ltr'><strong>pertinet</strong></span> <span class='ocrx_word' id='word_1_426' title='bbox 273 2174 306 2199; x_wconf 86' lang='lat' dir='ltr'><strong>ad</strong></span> <span class='ocrx_word' id='word_1_427' title='bbox 324 2173 463 2208; x_wconf 85' lang='lat' dir='ltr'><strong>judicium,</strong></span> <span class='ocrx_word' id='word_1_428' title='bbox 479 2174 586 2207; x_wconf 79' lang='lat' dir='ltr'><strong>quando</strong></span> <span class='ocrx_word' id='word_1_429' title='bbox 606 2178 760 2208; x_wconf 87' lang='lat' dir='ltr'><strong>peccatores</strong></span> <span class='ocrx_word' id='word_1_430' title='bbox 783 2178 811 2201; x_wconf 91' lang='lat' dir='ltr'><strong>et</strong></span> <span class='ocrx_word' id='word_1_431' title='bbox 835 2175 936 2202; x_wconf 87' lang='lat' dir='ltr'><strong>terreni</strong></span> 
     </span>
     <span class='ocr_line' id='line_1_63' title="bbox 147 2219 934 2253; baseline 0.005 -8"><span class='ocrx_word' id='word_1_432' title='bbox 147 2220 268 2247; x_wconf 77' lang='lat' dir='ltr'><strong>homines</strong></span> <span class='ocrx_word' id='word_1_433' title='bbox 287 2219 382 2253; x_wconf 88' lang='lat' dir='ltr'><strong>spiritu</strong></span> <span class='ocrx_word' id='word_1_434' title='bbox 405 2220 460 2247; x_wconf 89' lang='lat' dir='ltr'><strong>oris</strong></span> <span class='ocrx_word' id='word_1_435' title='bbox 474 2220 521 2247; x_wconf 83' lang='lat' dir='ltr'><strong>Dei</strong></span> <span class='ocrx_word' id='word_1_436' title='bbox 535 2220 659 2247; x_wconf 81' lang='lat' dir='ltr'><strong>concussi</strong></span> <span class='ocrx_word' id='word_1_437' title='bbox 683 2222 934 2249; x_wconf 88' lang='lat' dir='ltr'><strong>commovebuntur.</strong></span> 
     </span>
     <span class='ocr_line' id='line_1_64' title="bbox 145 2264 937 2298; baseline 0.004 -7"><span class='ocrx_word' id='word_1_438' title='bbox 145 2266 209 2292; x_wconf 80' lang='lat' dir='ltr'><strong>item</strong></span> <span class='ocrx_word' id='word_1_439' title='bbox 228 2270 306 2292; x_wconf 79' lang='lat' dir='ltr'><strong>terrae</strong></span> <span class='ocrx_word' id='word_1_440' title='bbox 320 2265 466 2291; x_wconf 85' lang='lat' dir='ltr'><strong>commotio</strong></span> <span class='ocrx_word' id='word_1_441' title='bbox 486 2264 623 2291; x_wconf 89' lang='lat' dir='ltr'><strong>hominum</strong></span> <span class='ocrx_word' id='word_1_442' title='bbox 643 2269 811 2292; x_wconf 88' lang='lat' dir='ltr'><strong>terrenorum</strong></span> <span class='ocrx_word' id='word_1_443' title='bbox 827 2271 879 2298; x_wconf 79' lang='lat' dir='ltr'><strong>est,</strong></span> <span class='ocrx_word' id='word_1_444' title='bbox 904 2267 937 2294; x_wconf 87' lang='lat' dir='ltr'><strong>ad</strong></span> 
     </span>
     <span class='ocr_line' id='line_1_65' title="bbox 144 2310 938 2345; baseline 0.003 -8"><span class='ocrx_word' id='word_1_445' title='bbox 144 2312 223 2337; x_wconf 78' lang='lat' dir='ltr'><strong>iidem</strong></span> <span class='ocrx_word' id='word_1_446' title='bbox 246 2310 397 2338; x_wconf 85' lang='lat' dir='ltr'><strong>conversio.</strong></span> <span class='ocrx_word' id='word_1_447' title='bbox 416 2310 490 2337; x_wconf 89' lang='lat' dir='ltr'><strong>Unde</strong></span> <span class='ocrx_word' id='word_1_448' title='bbox 504 2310 632 2344; x_wconf 88' lang='lat' dir='ltr'><strong>scriptum</strong></span> <span class='ocrx_word' id='word_1_449' title='bbox 647 2315 689 2338; x_wconf 86' lang='lat' dir='ltr'><strong>est</strong></span> <span class='ocrx_word' id='word_1_450' title='bbox 702 2319 710 2337; x_wconf 85' lang='grc'>;</span> <span class='ocrx_word' id='word_1_451' title='bbox 725 2310 805 2338; x_wconf 81' lang='lat' dir='ltr'><strong>Pedes</strong></span> <span class='ocrx_word' id='word_1_452' title='bbox 819 2312 875 2345; x_wconf 71' lang='lat' dir='ltr'><strong>ejus</strong></span> <span class='ocrx_word' id='word_1_453' title='bbox 889 2317 938 2339; x_wconf 83' lang='lat' dir='ltr'><strong>ste-</strong></span> 
     </span>
     <span class='ocr_line' id='line_1_66' title="bbox 145 2357 845 2392; baseline 0.003 -9"><span class='ocrx_word' id='word_1_454' title='bbox 145 2363 238 2390; x_wconf 81' lang='lat' dir='ltr'><strong>terunt,</strong></span> <span class='ocrx_word' id='word_1_455' title='bbox 256 2362 278 2384; x_wconf 85' lang='lat' dir='ltr'><strong>et</strong></span> <span class='ocrx_word' id='word_1_456' title='bbox 292 2361 359 2384; x_wconf 81' lang='lat' dir='ltr'><strong>mota</strong></span> <span class='ocrx_word' id='word_1_457' title='bbox 374 2361 410 2384; x_wconf 72' lang='lat' dir='ltr'><strong>est</strong></span> <span class='ocrx_word' id='word_1_458' title='bbox 424 2361 503 2391; x_wconf 82' lang='lat' dir='ltr'><strong>terra,</strong></span> <span class='ocrx_word' id='word_1_459' title='bbox 522 2357 613 2392; x_wconf 84' lang='lat' dir='ltr'><strong>utique</strong></span> <span class='ocrx_word' id='word_1_460' title='bbox 627 2357 660 2384; x_wconf 87' lang='lat' dir='ltr'><strong>ad</strong></span> <span class='ocrx_word' id='word_1_461' title='bbox 670 2357 845 2385; x_wconf 83' lang='lat' dir='ltr'><strong>credendum.</strong></span> 
     </span>
    </p>
   </div>
   <div class='ocr_carea' id='block_1_15' title="bbox 147 2438 956 2930">
    <p class='ocr_par' dir='ltr' id='par_1_19' title="bbox 147 2438 937 2509">
     <span class='ocr_line' id='line_1_67' title="bbox 182 2438 937 2474; baseline -0.004 -6"><span class='ocrx_word' id='word_1_462' title='bbox 182 2439 246 2468; x_wconf 69' lang='lat' dir='ltr'><strong>Cn.</strong></span> <span class='ocrx_word' id='word_1_463' title='bbox 261 2448 335 2468; x_wconf 68' lang='lat' dir='ltr'><strong>xrvr.</strong></span> <span class='ocrx_word' id='word_1_464' title='bbox 350 2455 386 2460; x_wconf 83' lang='lat'>—</span> <span class='ocrx_word' id='word_1_465' title='bbox 398 2438 431 2466; x_wconf 88' lang='lat' dir='ltr'><strong>N.</strong></span> <span class='ocrx_word' id='word_1_466' title='bbox 447 2439 473 2467; x_wconf 75' lang='lat'><strong>¹.</strong></span> <span class='ocrx_word' id='word_1_467' title='bbox 489 2439 574 2473; x_wconf 79' lang='lat' dir='ltr'><strong>nujus</strong></span> <span class='ocrx_word' id='word_1_468' title='bbox 587 2445 692 2474; x_wconf 81' lang='lat' dir='ltr'><strong>quoque</strong></span> <span class='ocrx_word' id='word_1_469' title='bbox 716 2438 812 2472; x_wconf 84' lang='lat' dir='ltr'><strong>capitis</strong></span> <span class='ocrx_word' id='word_1_470' title='bbox 827 2443 937 2466; x_wconf 82' lang='lat' dir='ltr'><strong>senten·</strong></span> 
     </span>
     <span class='ocr_line' id='line_1_68' title="bbox 147 2475 568 2509; baseline -0.007 -6"><span class='ocrx_word' id='word_1_471' title='bbox 147 2475 182 2503; x_wconf 87' lang='lat' dir='ltr'><strong>tia</strong></span> <span class='ocrx_word' id='word_1_472' title='bbox 198 2484 213 2502; x_wconf 86' lang='lat' dir='ltr'><strong>e</strong></span> <span class='ocrx_word' id='word_1_473' title='bbox 227 2481 303 2503; x_wconf 83' lang='lat' dir='ltr'><strong>sexto</strong></span> <span class='ocrx_word' id='word_1_474' title='bbox 323 2475 438 2502; x_wconf 88' lang='lat' dir='ltr'><strong>Lucretii</strong></span> <span class='ocrx_word' id='word_1_475' title='bbox 453 2479 568 2509; x_wconf 81' lang='lat' dir='ltr'><strong>sumpta.</strong></span> 
     </span>
    </p>

    <p class='ocr_par' dir='ltr' id='par_1_20' title="bbox 147 2508 938 2609">
     <span class='ocr_line' id='line_1_69' title="bbox 182 2508 937 2543; baseline -0.001 -6"><span class='ocrx_word' id='word_1_476' title='bbox 182 2510 252 2537; x_wconf 71' lang='lat' dir='ltr'><strong>thiu.</strong></span> <span class='ocrx_word' id='word_1_477' title='bbox 265 2511 407 2543; x_wconf 68' lang='lat' dir='ltr'><strong>Quaerentis</strong></span> <span class='ocrx_word' id='word_1_478' title='bbox 414 2510 439 2536; x_wconf 81' lang='lat' dir='ltr'><strong>vi</strong></span> <span class='ocrx_word' id='word_1_479' title='bbox 448 2510 513 2537; x_wconf 76' lang='lat' dir='ltr'><strong>viam</strong></span> <span class='ocrx_word' id='word_1_480' title='bbox 528 2509 659 2536; x_wconf 81' lang='lat' dir='ltr'><strong>evadendi.</strong></span> <span class='ocrx_word' id='word_1_481' title='bbox 670 2508 823 2536; x_wconf 83' lang='lat' dir='ltr'><strong>omiserant</strong></span> <span class='ocrx_word' id='word_1_482' title='bbox 836 2509 937 2536; x_wconf 78' lang='lat' dir='ltr'><strong>librarii</strong></span> 
     </span>
     <span class='ocr_line' id='line_1_70' title="bbox 147 2544 938 2580; baseline 0 -7"><span class='ocrx_word' id='word_1_483' title='bbox 147 2547 212 2574; x_wconf 89' lang='lat' dir='ltr'><strong>illud</strong></span> <span class='ocrx_word' id='word_1_484' title='bbox 223 2547 246 2573; x_wconf 82' lang='lat' dir='ltr'><strong>vi</strong></span> <span class='ocrx_word' id='word_1_485' title='bbox 257 2547 392 2580; x_wconf 79' lang='lat' dir='ltr'><strong>sequentis</strong></span> <span class='ocrx_word' id='word_1_486' title='bbox 405 2546 515 2572; x_wconf 82' lang='lat' dir='ltr'><strong>alterius</strong></span> <span class='ocrx_word' id='word_1_487' title='bbox 536 2546 646 2580; x_wconf 79' lang='lat' dir='ltr'><strong>syllabae</strong></span> <span class='ocrx_word' id='word_1_488' title='bbox 661 2545 685 2572; x_wconf 79' lang='lat' dir='ltr'><strong>vi</strong></span> <span class='ocrx_word' id='word_1_489' title='bbox 700 2544 876 2572; x_wconf 83' lang='lat' dir='ltr'><strong>similitudine</strong></span> <span class='ocrx_word' id='word_1_490' title='bbox 889 2544 938 2573; x_wconf 82' lang='lat' dir='ltr'><strong>de·</strong></span> 
     </span>
     <span class='ocr_line' id='line_1_71' title="bbox 148 2580 581 2609; baseline -0.002 -1"><span class='ocrx_word' id='word_1_491' title='bbox 148 2582 208 2609; x_wconf 85' lang='lat' dir='ltr'><strong>lusi.</strong></span> <span class='ocrx_word' id='word_1_492' title='bbox 226 2581 321 2608; x_wconf 84' lang='lat' dir='ltr'><strong>Notum</strong></span> <span class='ocrx_word' id='word_1_493' title='bbox 335 2580 400 2608; x_wconf 86' lang='lat' dir='ltr'><strong>illud</strong></span> <span class='ocrx_word' id='word_1_494' title='bbox 414 2589 421 2607; x_wconf 72' lang='grc' dir='ltr'>ε</span> <span class='ocrx_word' id='word_1_495' title='bbox 438 2580 481 2607; x_wconf 83' lang='lat' dir='ltr'><strong>Fit</strong></span> <span class='ocrx_word' id='word_1_496' title='bbox 493 2581 533 2607; x_wconf 79' lang='lat' dir='ltr'><strong>uia</strong></span> <span class='ocrx_word' id='word_1_497' title='bbox 547 2580 581 2607; x_wconf 82' lang='lat' dir='ltr'><strong>vi.</strong></span> 
     </span>
    </p>

    <p class='ocr_par' dir='ltr' id='par_1_21' title="bbox 149 2614 937 2719">
     <span class='ocr_line' id='line_1_72' title="bbox 183 2614 937 2651; baseline -0.001 -9"><span class='ocrx_word' id='word_1_498' title='bbox 183 2616 211 2645; x_wconf 74' lang='lat'><strong>2.</strong></span> <span class='ocrx_word' id='word_1_499' title='bbox 229 2615 301 2643; x_wconf 76' lang='lat' dir='ltr'><strong>Unde</strong></span> <span class='ocrx_word' id='word_1_500' title='bbox 313 2620 336 2643; x_wconf 85' lang='lat' dir='ltr'><strong>et</strong></span> <span class='ocrx_word' id='word_1_501' title='bbox 353 2615 462 2643; x_wconf 74' lang='lat' dir='ltr'><strong>Sallust.</strong></span> <span class='ocrx_word' id='word_1_502' title='bbox 481 2615 556 2643; x_wconf 83' lang='lat' dir='ltr'><strong>Venti</strong></span> <span class='ocrx_word' id='word_1_503' title='bbox 568 2615 605 2651; x_wconf 91' lang='lat' dir='ltr'><strong>(in</strong></span> <span class='ocrx_word' id='word_1_504' title='bbox 625 2614 672 2650; x_wconf 81' lang='lat' dir='ltr'><strong>uit)</strong></span> <span class='ocrx_word' id='word_1_505' title='bbox 684 2623 728 2649; x_wconf 78' lang='lat' dir='ltr'><strong>per</strong></span> <span class='ocrx_word' id='word_1_506' title='bbox 742 2622 804 2642; x_wconf 82' lang='lat' dir='ltr'><strong>caua</strong></span> <span class='ocrx_word' id='word_1_507' title='bbox 817 2619 878 2642; x_wconf 79' lang='lat' dir='ltr'><strong>terr.</strong></span> <span class='ocrx_word' id='word_1_508' title='bbox 892 2614 937 2642; x_wconf 90' lang='lat' dir='ltr'><strong>Ci-</strong></span> 
     </span>
     <span class='ocr_line' id='line_1_73' title="bbox 149 2651 935 2685; baseline -0.003 -7"><span class='ocrx_word' id='word_1_509' title='bbox 149 2655 239 2678; x_wconf 79' lang='lat' dir='ltr'><strong>tantur</strong></span> <span class='ocrx_word' id='word_1_510' title='bbox 251 2652 343 2678; x_wconf 84' lang='lat' dir='ltr'><strong>eadem</strong></span> <span class='ocrx_word' id='word_1_511' title='bbox 355 2651 435 2678; x_wconf 85' lang='lat' dir='ltr'><strong>verba</strong></span> <span class='ocrx_word' id='word_1_512' title='bbox 450 2651 524 2678; x_wconf 86' lang='lat' dir='ltr'><strong>initio</strong></span> <span class='ocrx_word' id='word_1_513' title='bbox 539 2659 582 2678; x_wconf 83' lang='lat' dir='ltr'><strong>xiv</strong></span> <span class='ocrx_word' id='word_1_514' title='bbox 621 2651 759 2685; x_wconf 68' lang='lat' dir='ltr'><strong>tymolog„</strong></span> <span class='ocrx_word' id='word_1_515' title='bbox 775 2654 803 2678; x_wconf 91' lang='lat' dir='ltr'><strong>et</strong></span> <span class='ocrx_word' id='word_1_516' title='bbox 817 2658 831 2677; x_wconf 80' lang='lat' dir='ltr'><strong>a</strong></span> <span class='ocrx_word' id='word_1_517' title='bbox 847 2651 935 2684; x_wconf 85' lang='lat' dir='ltr'><strong>Serv.,</strong></span> 
     </span>
     <span class='ocr_line' id='line_1_74' title="bbox 150 2685 723 2719; baseline -0.002 -6"><span class='ocrx_word' id='word_1_518' title='bbox 150 2687 246 2719; x_wconf 73' lang='lat' dir='ltr'><strong>Geor-g.</strong></span> <span class='ocrx_word' id='word_1_519' title='bbox 260 2693 278 2713; x_wconf 84' lang='grc' dir='ltr'><strong>ιι</strong></span> <span class='ocrx_word' id='word_1_520' title='bbox 293 2686 326 2713; x_wconf 86' lang='lat' dir='ltr'><strong>ad</strong></span> <span class='ocrx_word' id='word_1_521' title='bbox 339 2693 401 2713; x_wconf 85' lang='lat' dir='ltr'><strong>vers</strong></span> <span class='ocrx_word' id='word_1_522' title='bbox 417 2694 424 2712; x_wconf 89' lang='lat'>:</span> <span class='ocrx_word' id='word_1_523' title='bbox 442 2685 516 2713; x_wconf 82' lang='lat' dir='ltr'><strong>Unde</strong></span> <span class='ocrx_word' id='word_1_524' title='bbox 529 2690 623 2713; x_wconf 86' lang='lat' dir='ltr'><strong>tremor</strong></span> <span class='ocrx_word' id='word_1_525' title='bbox 637 2685 723 2713; x_wconf 73' lang='lat' dir='ltr'><strong>terris.</strong></span> 
     </span>
    </p>

    <p class='ocr_par' dir='ltr' id='par_1_22' title="bbox 187 2720 675 2756">
     <span class='ocr_line' id='line_1_75' title="bbox 187 2720 675 2756; baseline 0.002 -9"><span class='ocrx_word' id='word_1_526' title='bbox 187 2720 256 2748; x_wconf 71' lang='lat' dir='ltr'><strong>ibid.</strong></span> <span class='ocrx_word' id='word_1_527' title='bbox 273 2720 396 2756; x_wconf 62' lang='lat' dir='ltr'><strong>fletuque</strong></span> <span class='ocrx_word' id='word_1_528' title='bbox 410 2721 497 2749; x_wconf 77' lang='lat' dir='ltr'><strong>undoe.</strong></span> <span class='ocrx_word' id='word_1_529' title='bbox 515 2721 653 2748; x_wconf 76' lang='lat' dir='ltr'><strong>Lucretius</strong></span> <span class='ocrx_word' id='word_1_530' title='bbox 668 2730 675 2748; x_wconf 71' lang='grc' dir='ltr'>ι</span> 
     </span>
    </p>

    <p class='ocr_par' dir='ltr' id='par_1_23' title="bbox 159 2765 944 2930">
     <span class='ocr_line' id='line_1_76' title="bbox 212 2765 912 2832; baseline 0.001 -11"><span class='ocrx_word' id='word_1_531' title='bbox 212 2765 912 2832; x_wconf 52' lang='lat' dir='ltr'><strong>litt&amp;⁰:¹1:333¹.aetttsst”„²stffizttt¹t⁵.t⁰.2.¹?⁰⁰·“⁸</strong></span> 
     </span>
     <span class='ocr_line' id='line_1_77' title="bbox 215 2826 881 2860; baseline 0.005 -10"><span class='ocrx_word' id='word_1_532' title='bbox 215 2826 248 2850; x_wconf 71' lang='lat' dir='ltr'><strong>ili.</strong></span> <span class='ocrx_word' id='word_1_533' title='bbox 257 2830 363 2857; x_wconf 61' lang='lat' dir='ltr'><strong>iactetur</strong></span> <span class='ocrx_word' id='word_1_534' title='bbox 373 2834 444 2859; x_wconf 83' lang='lat' dir='ltr'><strong>aqua,</strong></span> <span class='ocrx_word' id='word_1_535' title='bbox 455 2831 482 2853; x_wconf 87' lang='lat' dir='ltr'><strong>et</strong></span> <span class='ocrx_word' id='word_1_536' title='bbox 492 2827 567 2853; x_wconf 81' lang='lat' dir='ltr'><strong>fluctu</strong></span> <span class='ocrx_word' id='word_1_537' title='bbox 579 2835 678 2860; x_wconf 77' lang='lat' dir='ltr'><strong>quoque</strong></span> <span class='ocrx_word' id='word_1_538' title='bbox 696 2832 762 2853; x_wconf 76' lang='lat' dir='ltr'><strong>terra</strong></span> <span class='ocrx_word' id='word_1_539' title='bbox 776 2826 881 2853; x_wconf 65' lang='lat' dir='ltr'><strong>nullist-</strong></span> 
     </span>
     <span class='ocr_line' id='line_1_78' title="bbox 159 2866 944 2930; baseline 0.001 -36"><span class='ocrx_word' id='word_1_540' title='bbox 159 2903 176 2930; x_wconf 71' lang='lat' dir='ltr'><strong>d</strong></span> <span class='ocrx_word' id='word_1_541' title='bbox 188 2866 265 2929; x_wconf 69' lang='grc' dir='ltr'><strong>ΙδὶιιΑ.</strong></span> <span class='ocrx_word' id='word_1_542' title='bbox 278 2866 454 2903; x_wconf 52' lang='lat' dir='ltr'><strong>Praecipuae.-</strong></span> <span class='ocrx_word' id='word_1_543' title='bbox 471 2868 558 2904; x_wconf 70' lang='grc' dir='ltr'><strong>ωηο.</strong></span> <span class='ocrx_word' id='word_1_544' title='bbox 578 2868 749 2904; x_wconf 63' lang='lat' dir='ltr'><strong>prmiaitari,</strong></span> <span class='ocrx_word' id='word_1_545' title='bbox 772 2872 803 2896; x_wconf 75' lang='lat' dir='ltr'><strong>ut</strong></span> <span class='ocrx_word' id='word_1_546' title='bbox 819 2874 883 2896; x_wconf 82' lang='lat' dir='ltr'><strong>mox</strong></span> <span class='ocrx_word' id='word_1_547' title='bbox 903 2874 944 2895; x_wconf 74' lang='lat' dir='ltr'><strong>uo-</strong></span> 
     </span>
    </p>

    <p class='ocr_par' dir='ltr' id='par_1_24' title="bbox 177 2909 956 2930">
     <span class='ocr_line' id='line_1_79' title="bbox 177 2909 956 2930; baseline -0.017 0"><span class='ocrx_word' id='word_1_548' title='bbox 177 2909 230 2930; x_wconf 82' lang='lat' dir='ltr'><strong>ere.</strong></span> <span class='ocrx_word' id='word_1_549' title='bbox 269 2909 330 2928; x_wconf 66' lang='grc' dir='ltr'><strong>κεν.</strong></span> <span class='ocrx_word' id='word_1_550' title='bbox 954 2911 956 2917; x_wconf 77' lang='grc'>,</span> 
     </span>
    </p>
   </div>
   <div class='ocr_carea' id='block_1_16' title="bbox 980 935 1784 2392">
    <p class='ocr_par' dir='ltr' id='par_1_25' title="bbox 981 935 1773 1009">
     <span class='ocr_line' id='line_1_80' title="bbox 982 935 1773 970; baseline 0 -8"><span class='ocrx_word' id='word_1_551' title='bbox 982 936 1095 962; x_wconf 85' lang='lat' dir='ltr'><strong>terminis</strong></span> <span class='ocrx_word' id='word_1_552' title='bbox 1107 936 1180 962; x_wconf 89' lang='lat' dir='ltr'><strong>aliter</strong></span> <span class='ocrx_word' id='word_1_553' title='bbox 1194 936 1288 962; x_wconf 84' lang='lat' dir='ltr'><strong>durare</strong></span> <span class='ocrx_word' id='word_1_554' title='bbox 1302 940 1337 962; x_wconf 86' lang='lat' dir='ltr'><strong>tot</strong></span> <span class='ocrx_word' id='word_1_555' title='bbox 1351 936 1446 963; x_wconf 79' lang='lat' dir='ltr'><strong>soecula</strong></span> <span class='ocrx_word' id='word_1_556' title='bbox 1457 940 1542 963; x_wconf 72' lang='lat' dir='ltr'><strong>tantus</strong></span> <span class='ocrx_word' id='word_1_557' title='bbox 1557 935 1624 970; x_wconf 74' lang='lat' dir='ltr'><strong>iqnis</strong></span> <span class='ocrx_word' id='word_1_558' title='bbox 1639 936 1773 970; x_wconf 69' lang='lat' dir='ltr'><strong>potuisset,</strong></span> 
     </span>
     <span class='ocr_line' id='line_1_81' title="bbox 981 982 1504 1009; baseline -0.002 0"><span class='ocrx_word' id='word_1_559' title='bbox 981 983 1030 1009; x_wconf 87' lang='lat' dir='ltr'><strong>nisi</strong></span> <span class='ocrx_word' id='word_1_560' title='bbox 1044 987 1067 1009; x_wconf 85' lang='lat' dir='ltr'><strong>et</strong></span> <span class='ocrx_word' id='word_1_561' title='bbox 1081 982 1195 1009; x_wconf 73' lang='lat' dir='ltr'><strong>humoris</strong></span> <span class='ocrx_word' id='word_1_562' title='bbox 1208 982 1370 1009; x_wconf 80' lang='lat' dir='ltr'><strong>nutrimentis</strong></span> <span class='ocrx_word' id='word_1_563' title='bbox 1384 983 1504 1009; x_wconf 81' lang='lat' dir='ltr'><strong>aleretur.</strong></span> 
     </span>
    </p>

    <p class='ocr_par' dir='ltr' id='par_1_26' title="bbox 980 1027 1778 1433">
     <span class='ocr_line' id='line_1_82' title="bbox 1016 1027 1771 1064; baseline 0.003 -10"><span class='ocrx_word' id='word_1_564' title='bbox 1016 1029 1042 1056; x_wconf 85' lang='lat'><strong>5.</strong></span> <span class='ocrx_word' id='word_1_565' title='bbox 1064 1029 1130 1056; x_wconf 84' lang='lat' dir='ltr'><strong>Hinc</strong></span> <span class='ocrx_word' id='word_1_566' title='bbox 1146 1029 1225 1062; x_wconf 81' lang='lat' dir='ltr'><strong>igitur</strong></span> <span class='ocrx_word' id='word_1_567' title='bbox 1239 1028 1335 1055; x_wconf 80' lang='lat' dir='ltr'><strong>sabuloe</strong></span> <span class='ocrx_word' id='word_1_568' title='bbox 1349 1028 1464 1063; x_wconf 86' lang='lat' dir='ltr'><strong>Scyllam</strong></span> <span class='ocrx_word' id='word_1_569' title='bbox 1475 1033 1502 1055; x_wconf 89' lang='lat' dir='ltr'><strong>et</strong></span> <span class='ocrx_word' id='word_1_570' title='bbox 1516 1027 1677 1063; x_wconf 85' lang='lat' dir='ltr'><strong>Charybdim</strong></span> <span class='ocrx_word' id='word_1_571' title='bbox 1688 1035 1771 1064; x_wconf 83' lang='lat' dir='ltr'><strong>pepe-</strong></span> 
     </span>
     <span class='ocr_line' id='line_1_83' title="bbox 981 1073 1773 1107; baseline 0.001 -6"><span class='ocrx_word' id='word_1_572' title='bbox 981 1081 1051 1101; x_wconf 85' lang='lat' dir='ltr'><strong>rere.</strong></span> <span class='ocrx_word' id='word_1_573' title='bbox 1064 1074 1131 1101; x_wconf 80' lang='lat' dir='ltr'><strong>fline</strong></span> <span class='ocrx_word' id='word_1_574' title='bbox 1141 1074 1251 1101; x_wconf 87' lang='lat' dir='ltr'><strong>latratus</strong></span> <span class='ocrx_word' id='word_1_575' title='bbox 1260 1073 1376 1106; x_wconf 81' lang='lat' dir='ltr'><strong>auditus,</strong></span> <span class='ocrx_word' id='word_1_576' title='bbox 1388 1074 1449 1100; x_wconf 85' lang='lat' dir='ltr'><strong>hinc</strong></span> <span class='ocrx_word' id='word_1_577' title='bbox 1458 1079 1588 1107; x_wconf 83' lang='lat' dir='ltr'><strong>monstra.</strong></span> <span class='ocrx_word' id='word_1_578' title='bbox 1600 1074 1662 1101; x_wconf 84' lang='lat' dir='ltr'><strong>hinc</strong></span> <span class='ocrx_word' id='word_1_579' title='bbox 1669 1075 1773 1102; x_wconf 85' lang='lat' dir='ltr'><strong>reddita</strong></span> 
     </span>
     <span class='ocr_line' id='line_1_84' title="bbox 980 1120 1772 1156; baseline 0.001 -8"><span class='ocrx_word' id='word_1_580' title='bbox 980 1121 1136 1152; x_wconf 87' lang='lat' dir='ltr'><strong>simulacra,</strong></span> <span class='ocrx_word' id='word_1_581' title='bbox 1149 1120 1211 1147; x_wconf 92' lang='lat' dir='ltr'><strong>dum</strong></span> <span class='ocrx_word' id='word_1_582' title='bbox 1227 1121 1392 1155; x_wconf 79' lang='lat' dir='ltr'><strong>navigantes,</strong></span> <span class='ocrx_word' id='word_1_583' title='bbox 1414 1121 1515 1154; x_wconf 85' lang='lat' dir='ltr'><strong>magnis</strong></span> <span class='ocrx_word' id='word_1_584' title='bbox 1526 1120 1671 1148; x_wconf 85' lang='lat' dir='ltr'><strong>vorticibus</strong></span> <span class='ocrx_word' id='word_1_585' title='bbox 1686 1122 1772 1156; x_wconf 77' lang='lat' dir='ltr'><strong>pelagi</strong></span> 
     </span>
     <span class='ocr_line' id='line_1_85' title="bbox 980 1165 1772 1201; baseline 0.004 -10"><span class='ocrx_word' id='word_1_586' title='bbox 980 1165 1148 1198; x_wconf 87' lang='lat' dir='ltr'><strong>dissidentis,</strong></span> <span class='ocrx_word' id='word_1_587' title='bbox 1163 1165 1294 1198; x_wconf 82' lang='lat' dir='ltr'><strong>exterriti,</strong></span> <span class='ocrx_word' id='word_1_588' title='bbox 1308 1165 1404 1193; x_wconf 85' lang='lat' dir='ltr'><strong>latrare</strong></span> <span class='ocrx_word' id='word_1_589' title='bbox 1415 1169 1508 1199; x_wconf 84' lang='lat' dir='ltr'><strong>putant</strong></span> <span class='ocrx_word' id='word_1_590' title='bbox 1523 1165 1621 1199; x_wconf 86' lang='lat' dir='ltr'><strong>undas,</strong></span> <span class='ocrx_word' id='word_1_591' title='bbox 1632 1173 1698 1201; x_wconf 83' lang='lat' dir='ltr'><strong>quas</strong></span> <span class='ocrx_word' id='word_1_592' title='bbox 1711 1173 1772 1194; x_wconf 89' lang='lat' dir='ltr'><strong>sor-</strong></span> 
     </span>
     <span class='ocr_line' id='line_1_86' title="bbox 980 1213 1775 1247; baseline 0.003 -7"><span class='ocrx_word' id='word_1_593' title='bbox 980 1213 1068 1240; x_wconf 77' lang='lat' dir='ltr'><strong>bentiS</strong></span> <span class='ocrx_word' id='word_1_594' title='bbox 1080 1217 1161 1240; x_wconf 79' lang='lat' dir='ltr'><strong>aestus</strong></span> <span class='ocrx_word' id='word_1_595' title='bbox 1173 1220 1272 1247; x_wconf 84' lang='lat' dir='ltr'><strong>vorago</strong></span> <span class='ocrx_word' id='word_1_596' title='bbox 1286 1213 1400 1241; x_wconf 89' lang='lat' dir='ltr'><strong>collidit.</strong></span> <span class='ocrx_word' id='word_1_597' title='bbox 1412 1213 1512 1241; x_wconf 84' lang='lat' dir='ltr'><strong>Eadem</strong></span> <span class='ocrx_word' id='word_1_598' title='bbox 1526 1220 1606 1241; x_wconf 86' lang='lat' dir='ltr'><strong>causa</strong></span> <span class='ocrx_word' id='word_1_599' title='bbox 1619 1215 1700 1241; x_wconf 88' lang='lat' dir='ltr'><strong>etiam</strong></span> <span class='ocrx_word' id='word_1_600' title='bbox 1714 1214 1775 1242; x_wconf 86' lang='lat' dir='ltr'><strong>AEt-</strong></span> 
     </span>
     <span class='ocr_line' id='line_1_87' title="bbox 980 1260 1776 1296; baseline 0.001 -9"><span class='ocrx_word' id='word_1_601' title='bbox 980 1267 1022 1287; x_wconf 82' lang='lat' dir='ltr'><strong>nae</strong></span> <span class='ocrx_word' id='word_1_602' title='bbox 1036 1260 1134 1287; x_wconf 87' lang='lat' dir='ltr'><strong>montis</strong></span> <span class='ocrx_word' id='word_1_603' title='bbox 1149 1264 1293 1294; x_wconf 78' lang='lat' dir='ltr'><strong>perpetuos</strong></span> <span class='ocrx_word' id='word_1_604' title='bbox 1313 1260 1387 1294; x_wconf 86' lang='lat' dir='ltr'><strong>ignes</strong></span> <span class='ocrx_word' id='word_1_605' title='bbox 1402 1261 1473 1288; x_wconf 74' lang='lat' dir='ltr'><strong>facit.</strong></span> <span class='ocrx_word' id='word_1_606' title='bbox 1489 1260 1555 1287; x_wconf 90' lang='lat' dir='ltr'><strong>Nam</strong></span> <span class='ocrx_word' id='word_1_607' title='bbox 1579 1267 1707 1296; x_wconf 84' lang='lat' dir='ltr'><strong>aquarum</strong></span> <span class='ocrx_word' id='word_1_608' title='bbox 1731 1261 1776 1289; x_wconf 90' lang='lat' dir='ltr'><strong>ille</strong></span> 
     </span>
     <span class='ocr_line' id='line_1_88' title="bbox 980 1307 1775 1341; baseline 0.001 -8"><span class='ocrx_word' id='word_1_609' title='bbox 980 1313 1126 1334; x_wconf 83' lang='lat' dir='ltr'><strong>concursus</strong></span> <span class='ocrx_word' id='word_1_610' title='bbox 1141 1311 1246 1341; x_wconf 89' lang='lat' dir='ltr'><strong>raptum</strong></span> <span class='ocrx_word' id='word_1_611' title='bbox 1273 1314 1364 1334; x_wconf 85' lang='lat' dir='ltr'><strong>secum</strong></span> <span class='ocrx_word' id='word_1_612' title='bbox 1382 1307 1504 1341; x_wconf 86' lang='lat' dir='ltr'><strong>spiritum</strong></span> <span class='ocrx_word' id='word_1_613' title='bbox 1519 1307 1547 1334; x_wconf 90' lang='lat' dir='ltr'><strong>in</strong></span> <span class='ocrx_word' id='word_1_614' title='bbox 1567 1308 1648 1334; x_wconf 93' lang='lat' dir='ltr'><strong>imum</strong></span> <span class='ocrx_word' id='word_1_615' title='bbox 1665 1307 1775 1335; x_wconf 79' lang='lat' dir='ltr'><strong>fundum</strong></span> 
     </span>
     <span class='ocr_line' id='line_1_89' title="bbox 980 1353 1778 1388; baseline 0.003 -8"><span class='ocrx_word' id='word_1_616' title='bbox 980 1353 1071 1386; x_wconf 84' lang='lat' dir='ltr'><strong>trahit,</strong></span> <span class='ocrx_word' id='word_1_617' title='bbox 1086 1358 1165 1388; x_wconf 66' lang='lat' dir='ltr'><strong>atque</strong></span> <span class='ocrx_word' id='word_1_618' title='bbox 1178 1353 1213 1380; x_wconf 88' lang='lat' dir='ltr'><strong>ibi</strong></span> <span class='ocrx_word' id='word_1_619' title='bbox 1225 1353 1382 1380; x_wconf 77' lang='lat' dir='ltr'><strong>suffocatum</strong></span> <span class='ocrx_word' id='word_1_620' title='bbox 1403 1354 1495 1380; x_wconf 87' lang='lat' dir='ltr'><strong>tandiu</strong></span> <span class='ocrx_word' id='word_1_621' title='bbox 1516 1358 1599 1388; x_wconf 84' lang='lat' dir='ltr'><strong>tenet,</strong></span> <span class='ocrx_word' id='word_1_622' title='bbox 1614 1353 1712 1386; x_wconf 90' lang='lat' dir='ltr'><strong>donec,</strong></span> <span class='ocrx_word' id='word_1_623' title='bbox 1730 1361 1778 1388; x_wconf 86' lang='lat' dir='ltr'><strong>per</strong></span> 
     </span>
     <span class='ocr_line' id='line_1_90' title="bbox 980 1397 1776 1433; baseline 0.001 -8"><span class='ocrx_word' id='word_1_624' title='bbox 980 1399 1145 1432; x_wconf 83' lang='lat' dir='ltr'><strong>spiramenta</strong></span> <span class='ocrx_word' id='word_1_625' title='bbox 1156 1402 1237 1425; x_wconf 83' lang='lat' dir='ltr'><strong>terrae</strong></span> <span class='ocrx_word' id='word_1_626' title='bbox 1247 1397 1369 1430; x_wconf 78' lang='lat' dir='ltr'><strong>diffusus,</strong></span> <span class='ocrx_word' id='word_1_627' title='bbox 1385 1399 1547 1426; x_wconf 88' lang='lat' dir='ltr'><strong>nutrimenta</strong></span> <span class='ocrx_word' id='word_1_628' title='bbox 1561 1399 1629 1433; x_wconf 78' lang='lat' dir='ltr'><strong>ignis</strong></span> <span class='ocrx_word' id='word_1_629' title='bbox 1639 1399 1776 1426; x_wconf 89' lang='lat' dir='ltr'><strong>incendat.</strong></span> 
     </span>
    </p>

    <p class='ocr_par' dir='ltr' id='par_1_27' title="bbox 981 1443 1779 1755">
     <span class='ocr_line' id='line_1_91' title="bbox 1016 1443 1778 1481; baseline 0.003 -10"><span class='ocrx_word' id='word_1_630' title='bbox 1016 1445 1043 1471; x_wconf 72' lang='lat'><strong>⁴.</strong></span> <span class='ocrx_word' id='word_1_631' title='bbox 1059 1443 1170 1471; x_wconf 86' lang='lat' dir='ltr'><strong>Constat</strong></span> <span class='ocrx_word' id='word_1_632' title='bbox 1190 1448 1277 1471; x_wconf 86' lang='lat' dir='ltr'><strong>autem</strong></span> <span class='ocrx_word' id='word_1_633' title='bbox 1299 1444 1333 1471; x_wconf 89' lang='lat' dir='ltr'><strong>ad</strong></span> <span class='ocrx_word' id='word_1_634' title='bbox 1356 1445 1507 1479; x_wconf 84' lang='lat' dir='ltr'><strong>exemplum</strong></span> <span class='ocrx_word' id='word_1_635' title='bbox 1533 1446 1674 1479; x_wconf 75' lang='lat' dir='ltr'><strong>gehennae,</strong></span> <span class='ocrx_word' id='word_1_636' title='bbox 1701 1446 1778 1481; x_wconf 83' lang='lat' dir='ltr'><strong>cujus</strong></span> 
     </span>
     <span class='ocr_line' id='line_1_92' title="bbox 981 1489 1779 1524; baseline 0.001 -7"><span class='ocrx_word' id='word_1_637' title='bbox 981 1490 1048 1524; x_wconf 86' lang='lat' dir='ltr'><strong>ignis</strong></span> <span class='ocrx_word' id='word_1_638' title='bbox 1078 1493 1207 1524; x_wconf 83' lang='lat' dir='ltr'><strong>perpetua</strong></span> <span class='ocrx_word' id='word_1_639' title='bbox 1240 1489 1362 1516; x_wconf 87' lang='lat' dir='ltr'><strong>incendia</strong></span> <span class='ocrx_word' id='word_1_640' title='bbox 1396 1490 1536 1524; x_wconf 88' lang='lat' dir='ltr'><strong>spirabunt</strong></span> <span class='ocrx_word' id='word_1_641' title='bbox 1566 1489 1599 1517; x_wconf 85' lang='lat' dir='ltr'><strong>ad</strong></span> <span class='ocrx_word' id='word_1_642' title='bbox 1631 1490 1779 1524; x_wconf 89' lang='lat' dir='ltr'><strong>puniendos</strong></span> 
     </span>
     <span class='ocr_line' id='line_1_93' title="bbox 983 1535 1778 1571; baseline 0.001 -8"><span class='ocrx_word' id='word_1_643' title='bbox 983 1540 1149 1571; x_wconf 81' lang='lat' dir='ltr'><strong>peccatores,</strong></span> <span class='ocrx_word' id='word_1_644' title='bbox 1173 1536 1219 1570; x_wconf 87' lang='lat' dir='ltr'><strong>qui</strong></span> <span class='ocrx_word' id='word_1_645' title='bbox 1241 1536 1432 1563; x_wconf 85' lang='lat' dir='ltr'><strong>cruciabuntur</strong></span> <span class='ocrx_word' id='word_1_646' title='bbox 1445 1537 1472 1563; x_wconf 89' lang='lat' dir='ltr'><strong>in</strong></span> <span class='ocrx_word' id='word_1_647' title='bbox 1493 1535 1590 1563; x_wconf 81' lang='lat' dir='ltr'><strong>saeeula</strong></span> <span class='ocrx_word' id='word_1_648' title='bbox 1606 1536 1778 1564; x_wconf 78' lang='lat' dir='ltr'><strong>saeculorum.</strong></span> 
     </span>
     <span class='ocr_line' id='line_1_94' title="bbox 982 1581 1779 1616; baseline 0.001 -8"><span class='ocrx_word' id='word_1_649' title='bbox 982 1581 1050 1609; x_wconf 89' lang='lat' dir='ltr'><strong>Nam</strong></span> <span class='ocrx_word' id='word_1_650' title='bbox 1063 1582 1132 1608; x_wconf 87' lang='lat' dir='ltr'><strong>sicut</strong></span> <span class='ocrx_word' id='word_1_651' title='bbox 1147 1581 1191 1608; x_wconf 88' lang='lat' dir='ltr'><strong>isti</strong></span> <span class='ocrx_word' id='word_1_652' title='bbox 1206 1586 1311 1608; x_wconf 85' lang='lat' dir='ltr'><strong>montes</strong></span> <span class='ocrx_word' id='word_1_653' title='bbox 1329 1581 1356 1608; x_wconf 92' lang='lat' dir='ltr'><strong>in</strong></span> <span class='ocrx_word' id='word_1_654' title='bbox 1371 1586 1443 1608; x_wconf 89' lang='lat' dir='ltr'><strong>tanta</strong></span> <span class='ocrx_word' id='word_1_655' title='bbox 1459 1582 1589 1616; x_wconf 86' lang='lat' dir='ltr'><strong>temporis</strong></span> <span class='ocrx_word' id='word_1_656' title='bbox 1605 1581 1779 1610; x_wconf 84' lang='lat' dir='ltr'><strong>diuturnitate</strong></span> 
     </span>
     <span class='ocr_line' id='line_1_95' title="bbox 982 1627 1776 1663; baseline -0.001 -7"><span class='ocrx_word' id='word_1_657' title='bbox 982 1636 1066 1663; x_wconf 80' lang='lat' dir='ltr'><strong>usque</strong></span> <span class='ocrx_word' id='word_1_658' title='bbox 1082 1635 1151 1655; x_wconf 91' lang='lat' dir='ltr'><strong>nunc</strong></span> <span class='ocrx_word' id='word_1_659' title='bbox 1164 1627 1279 1655; x_wconf 83' lang='lat' dir='ltr'><strong>flammis</strong></span> <span class='ocrx_word' id='word_1_660' title='bbox 1305 1628 1480 1655; x_wconf 83' lang='lat' dir='ltr'><strong>aestuantibus</strong></span> <span class='ocrx_word' id='word_1_661' title='bbox 1495 1632 1680 1663; x_wconf 80' lang='lat' dir='ltr'><strong>perseverant,</strong></span> <span class='ocrx_word' id='word_1_662' title='bbox 1696 1629 1731 1655; x_wconf 91' lang='lat' dir='ltr'><strong>ita</strong></span> <span class='ocrx_word' id='word_1_663' title='bbox 1747 1632 1776 1655; x_wconf 90' lang='lat' dir='ltr'><strong>ut</strong></span> 
     </span>
     <span class='ocr_line' id='line_1_96' title="bbox 983 1673 1777 1708; baseline 0.001 -8"><span class='ocrx_word' id='word_1_664' title='bbox 983 1681 1118 1708; x_wconf 84' lang='lat' dir='ltr'><strong>nunquam</strong></span> <span class='ocrx_word' id='word_1_665' title='bbox 1128 1673 1261 1708; x_wconf 83' lang='lat' dir='ltr'><strong>exstingui</strong></span> <span class='ocrx_word' id='word_1_666' title='bbox 1273 1673 1385 1707; x_wconf 85' lang='lat' dir='ltr'><strong>possint,</strong></span> <span class='ocrx_word' id='word_1_667' title='bbox 1399 1673 1437 1700; x_wconf 90' lang='lat' dir='ltr'><strong>sic</strong></span> <span class='ocrx_word' id='word_1_668' title='bbox 1448 1674 1516 1708; x_wconf 79' lang='lat' dir='ltr'><strong>ignis</strong></span> <span class='ocrx_word' id='word_1_669' title='bbox 1531 1673 1577 1701; x_wconf 90' lang='lat' dir='ltr'><strong>ille</strong></span> <span class='ocrx_word' id='word_1_670' title='bbox 1587 1673 1619 1700; x_wconf 83' lang='lat' dir='ltr'><strong>ad</strong></span> <span class='ocrx_word' id='word_1_671' title='bbox 1633 1673 1777 1701; x_wconf 79' lang='lat' dir='ltr'><strong>crucianda</strong></span> 
     </span>
     <span class='ocr_line' id='line_1_97' title="bbox 982 1718 1773 1755; baseline -0.003 -7"><span class='ocrx_word' id='word_1_672' title='bbox 982 1727 1095 1755; x_wconf 87' lang='lat' dir='ltr'><strong>corpora</strong></span> <span class='ocrx_word' id='word_1_673' title='bbox 1116 1719 1303 1746; x_wconf 85' lang='lat' dir='ltr'><strong>damnatorum</strong></span> <span class='ocrx_word' id='word_1_674' title='bbox 1319 1719 1398 1746; x_wconf 82' lang='lat' dir='ltr'><strong>finem</strong></span> <span class='ocrx_word' id='word_1_675' title='bbox 1414 1726 1547 1753; x_wconf 86' lang='lat' dir='ltr'><strong>nunquam</strong></span> <span class='ocrx_word' id='word_1_676' title='bbox 1561 1723 1603 1746; x_wconf 86' lang='lat' dir='ltr'><strong>est</strong></span> <span class='ocrx_word' id='word_1_677' title='bbox 1625 1718 1773 1747; x_wconf 85' lang='lat' dir='ltr'><strong>habiturus.</strong></span> 
     </span>
    </p>

    <p class='ocr_par' dir='ltr' id='par_1_28' title="bbox 1245 1774 1520 1846">
     <span class='ocr_line' id='line_1_98' title="bbox 1254 1774 1502 1802; baseline -0.004 0"><span class='ocrx_word' id='word_1_678' title='bbox 1254 1775 1368 1802; x_wconf 81' lang='lat' dir='ltr'><strong>CAPUT</strong></span> <span class='ocrx_word' id='word_1_679' title='bbox 1387 1774 1502 1802; x_wconf 83' lang='lat' dir='ltr'><strong>XLVlll.</strong></span> 
     </span>
     <span class='ocr_line' id='line_1_99' title="bbox 1245 1810 1520 1846; baseline -0.004 -9"><span class='ocrx_word' id='word_1_680' title='bbox 1245 1810 1285 1837; x_wconf 89' lang='lat' dir='ltr'><strong>De</strong></span> <span class='ocrx_word' id='word_1_681' title='bbox 1295 1810 1411 1846; x_wconf 68' lang='lat' dir='ltr'><strong>partibus</strong></span> <span class='ocrx_word' id='word_1_682' title='bbox 1433 1814 1520 1838; x_wconf 74' lang='lat' dir='ltr'><strong>terrae.</strong></span> 
     </span>
    </p>

    <p class='ocr_par' dir='ltr' id='par_1_29' title="bbox 985 1856 1781 2204">
     <span class='ocr_line' id='line_1_100' title="bbox 1020 1856 1781 1890; baseline 0 -6"><span class='ocrx_word' id='word_1_683' title='bbox 1020 1858 1046 1884; x_wconf 76' lang='lat' dir='ltr'><strong>t.</strong></span> <span class='ocrx_word' id='word_1_684' title='bbox 1067 1857 1142 1884; x_wconf 82' lang='lat' dir='ltr'><strong>Nune</strong></span> <span class='ocrx_word' id='word_1_685' title='bbox 1168 1860 1249 1884; x_wconf 84' lang='lat' dir='ltr'><strong>terrae</strong></span> <span class='ocrx_word' id='word_1_686' title='bbox 1279 1857 1440 1890; x_wconf 84' lang='lat' dir='ltr'><strong>positionem</strong></span> <span class='ocrx_word' id='word_1_687' title='bbox 1467 1856 1635 1888; x_wconf 81' lang='lat' dir='ltr'><strong>definiemus,</strong></span> <span class='ocrx_word' id='word_1_688' title='bbox 1651 1860 1679 1883; x_wconf 90' lang='lat' dir='ltr'><strong>et</strong></span> <span class='ocrx_word' id='word_1_689' title='bbox 1705 1863 1781 1884; x_wconf 79' lang='lat' dir='ltr'><strong>mare</strong></span> 
     </span>
     <span class='ocr_line' id='line_1_101' title="bbox 985 1901 1780 1938; baseline -0.003 -8"><span class='ocrx_word' id='word_1_690' title='bbox 985 1903 1080 1937; x_wconf 83' lang='lat' dir='ltr'><strong>quibus</strong></span> <span class='ocrx_word' id='word_1_691' title='bbox 1095 1902 1162 1930; x_wconf 85' lang='lat' dir='ltr'><strong>loeis</strong></span> <span class='ocrx_word' id='word_1_692' title='bbox 1176 1901 1336 1930; x_wconf 81' lang='lat' dir='ltr'><strong>interfusum</strong></span> <span class='ocrx_word' id='word_1_693' title='bbox 1360 1902 1414 1938; x_wconf 67' lang='lat'><strong>⁶2</strong></span> <span class='ocrx_word' id='word_1_694' title='bbox 1440 1901 1571 1934; x_wconf 83' lang='lat' dir='ltr'><strong>videatur,</strong></span> <span class='ocrx_word' id='word_1_695' title='bbox 1587 1902 1682 1929; x_wconf 87' lang='lat' dir='ltr'><strong>ordine</strong></span> <span class='ocrx_word' id='word_1_696' title='bbox 1696 1908 1780 1936; x_wconf 88' lang='lat' dir='ltr'><strong>expo-</strong></span> 
     </span>
     <span class='ocr_line' id='line_1_102' title="bbox 986 1946 1777 1982; baseline -0.001 -7"><span class='ocrx_word' id='word_1_697' title='bbox 986 1955 1089 1975; x_wconf 85' lang='lat' dir='ltr'><strong>nemus.</strong></span> <span class='ocrx_word' id='word_1_698' title='bbox 1105 1948 1201 1980; x_wconf 75' lang='lat' dir='ltr'><strong>&#39;rei-ra,</strong></span> <span class='ocrx_word' id='word_1_699' title='bbox 1217 1951 1246 1974; x_wconf 90' lang='lat' dir='ltr'><strong>ut</strong></span> <span class='ocrx_word' id='word_1_700' title='bbox 1276 1951 1387 1974; x_wconf 87' lang='lat' dir='ltr'><strong>testatur</strong></span> <span class='ocrx_word' id='word_1_701' title='bbox 1415 1946 1545 1982; x_wconf 83' lang='lat' dir='ltr'><strong>Hyginus,</strong></span> <span class='ocrx_word' id='word_1_702' title='bbox 1574 1947 1666 1974; x_wconf 89' lang='lat' dir='ltr'><strong>mundi</strong></span> <span class='ocrx_word' id='word_1_703' title='bbox 1690 1947 1777 1974; x_wconf 86' lang='lat' dir='ltr'><strong>media</strong></span> 
     </span>
     <span class='ocr_line' id='line_1_103' title="bbox 986 1992 1780 2028; baseline -0.001 -7"><span class='ocrx_word' id='word_1_704' title='bbox 986 1994 1097 2028; x_wconf 88' lang='lat' dir='ltr'><strong>regione</strong></span> <span class='ocrx_word' id='word_1_705' title='bbox 1110 1994 1253 2027; x_wconf 85' lang='lat' dir='ltr'><strong>collocata,</strong></span> <span class='ocrx_word' id='word_1_706' title='bbox 1268 1993 1394 2020; x_wconf 90' lang='lat' dir='ltr'><strong>omnibus</strong></span> <span class='ocrx_word' id='word_1_707' title='bbox 1406 1993 1528 2027; x_wconf 84' lang='lat' dir='ltr'><strong>partibus</strong></span> <span class='ocrx_word' id='word_1_708' title='bbox 1547 1993 1608 2020; x_wconf 87' lang='lat' dir='ltr'><strong>coeli</strong></span> <span class='ocrx_word' id='word_1_709' title='bbox 1619 1992 1713 2027; x_wconf 83' lang='lat' dir='ltr'><strong>aequali</strong></span> <span class='ocrx_word' id='word_1_710' title='bbox 1723 1992 1780 2020; x_wconf 81' lang='lat' dir='ltr'><strong>dis-</strong></span> 
     </span>
     <span class='ocr_line' id='line_1_104' title="bbox 989 2038 1780 2067; baseline -0.003 0"><span class='ocrx_word' id='word_1_711' title='bbox 989 2040 1080 2067; x_wconf 88' lang='lat' dir='ltr'><strong>sidens</strong></span> <span class='ocrx_word' id='word_1_712' title='bbox 1108 2039 1250 2066; x_wconf 86' lang='lat' dir='ltr'><strong>intervallo</strong></span> <span class='ocrx_word' id='word_1_713' title='bbox 1273 2042 1395 2066; x_wconf 89' lang='lat' dir='ltr'><strong>centrum</strong></span> <span class='ocrx_word' id='word_1_714' title='bbox 1413 2038 1527 2066; x_wconf 88' lang='lat' dir='ltr'><strong>obtinet.</strong></span> <span class='ocrx_word' id='word_1_715' title='bbox 1543 2038 1666 2066; x_wconf 83' lang='lat' dir='ltr'><strong>Oceanus</strong></span> <span class='ocrx_word' id='word_1_716' title='bbox 1691 2043 1780 2066; x_wconf 85' lang='lat' dir='ltr'><strong>autern</strong></span> 
     </span>
     <span class='ocr_line' id='line_1_105' title="bbox 986 2084 1781 2120; baseline 0 -8"><span class='ocrx_word' id='word_1_717' title='bbox 986 2085 1096 2120; x_wconf 86' lang='lat' dir='ltr'><strong>regione</strong></span> <span class='ocrx_word' id='word_1_718' title='bbox 1108 2084 1346 2112; x_wconf 81' lang='lat' dir='ltr'><strong>circumductionis</strong></span> <span class='ocrx_word' id='word_1_719' title='bbox 1357 2084 1471 2118; x_wconf 79' lang='lat' dir='ltr'><strong>sphaeroe</strong></span> <span class='ocrx_word' id='word_1_720' title='bbox 1486 2084 1620 2119; x_wconf 75' lang='lat' dir='ltr'><strong>profusus,</strong></span> <span class='ocrx_word' id='word_1_721' title='bbox 1634 2091 1719 2120; x_wconf 80' lang='lat' dir='ltr'><strong>prope</strong></span> <span class='ocrx_word' id='word_1_722' title='bbox 1733 2089 1781 2112; x_wconf 88' lang='lat' dir='ltr'><strong>to-</strong></span> 
     </span>
     <span class='ocr_line' id='line_1_106' title="bbox 988 2130 1778 2166; baseline 0 -8"><span class='ocrx_word' id='word_1_723' title='bbox 988 2132 1040 2159; x_wconf 91' lang='lat' dir='ltr'><strong>tius</strong></span> <span class='ocrx_word' id='word_1_724' title='bbox 1050 2132 1125 2159; x_wconf 83' lang='lat' dir='ltr'><strong>orbis</strong></span> <span class='ocrx_word' id='word_1_725' title='bbox 1139 2131 1216 2158; x_wconf 86' lang='lat' dir='ltr'><strong>alluit</strong></span> <span class='ocrx_word' id='word_1_726' title='bbox 1228 2131 1305 2158; x_wconf 83' lang='lat' dir='ltr'><strong>lines.</strong></span> <span class='ocrx_word' id='word_1_727' title='bbox 1320 2131 1412 2166; x_wconf 85' lang='lat' dir='ltr'><strong>ltaque</strong></span> <span class='ocrx_word' id='word_1_728' title='bbox 1427 2136 1455 2158; x_wconf 91' lang='lat' dir='ltr'><strong>et</strong></span> <span class='ocrx_word' id='word_1_729' title='bbox 1478 2131 1597 2158; x_wconf 90' lang='lat' dir='ltr'><strong>siderum</strong></span> <span class='ocrx_word' id='word_1_730' title='bbox 1612 2131 1686 2166; x_wconf 71' lang='lat' dir='ltr'><strong>signa</strong></span> <span class='ocrx_word' id='word_1_731' title='bbox 1703 2130 1778 2158; x_wconf 88' lang='lat' dir='ltr'><strong>occi-</strong></span> 
     </span>
     <span class='ocr_line' id='line_1_107' title="bbox 987 2176 1515 2204; baseline -0.002 0"><span class='ocrx_word' id='word_1_732' title='bbox 987 2176 1080 2204; x_wconf 85' lang='lat' dir='ltr'><strong>dentia</strong></span> <span class='ocrx_word' id='word_1_733' title='bbox 1091 2178 1117 2204; x_wconf 86' lang='lat' dir='ltr'><strong>in</strong></span> <span class='ocrx_word' id='word_1_734' title='bbox 1130 2184 1191 2204; x_wconf 86' lang='lat' dir='ltr'><strong>eum</strong></span> <span class='ocrx_word' id='word_1_735' title='bbox 1207 2176 1303 2204; x_wconf 84' lang='lat' dir='ltr'><strong>cadere</strong></span> <span class='ocrx_word' id='word_1_736' title='bbox 1314 2176 1515 2204; x_wconf 86' lang='lat' dir='ltr'><strong>existimantur.</strong></span> 
     </span>
    </p>

    <p class='ocr_par' dir='ltr' id='par_1_30' title="bbox 992 2220 1784 2392">
     <span class='ocr_line' id='line_1_108' title="bbox 1024 2220 1784 2257; baseline -0.001 -9"><span class='ocrx_word' id='word_1_737' title='bbox 1024 2221 1052 2249; x_wconf 70' lang='lat'><strong>2.</strong></span> <span class='ocrx_word' id='word_1_738' title='bbox 1064 2221 1148 2257; x_wconf 77' lang='lat' dir='ltr'><strong>Regio</strong></span> <span class='ocrx_word' id='word_1_739' title='bbox 1164 2226 1254 2249; x_wconf 90' lang='lat' dir='ltr'><strong>autem</strong></span> <span class='ocrx_word' id='word_1_740' title='bbox 1271 2225 1349 2248; x_wconf 63' lang='lat' dir='ltr'><strong>terrie</strong></span> <span class='ocrx_word' id='word_1_741' title='bbox 1365 2220 1493 2248; x_wconf 88' lang='lat' dir='ltr'><strong>dividitur</strong></span> <span class='ocrx_word' id='word_1_742' title='bbox 1504 2221 1645 2254; x_wconf 75' lang='lat' dir='ltr'><strong>trifariam,</strong></span> <span class='ocrx_word' id='word_1_743' title='bbox 1656 2228 1672 2249; x_wconf 87' lang='lat' dir='ltr'><strong>e</strong></span> <span class='ocrx_word' id='word_1_744' title='bbox 1687 2221 1784 2256; x_wconf 82' lang='lat' dir='ltr'><strong>quibus</strong></span> 
     </span>
     <span class='ocr_line' id='line_1_109' title="bbox 992 2260 1780 2302; baseline -0.001 -8"><span class='ocrx_word' id='word_1_745' title='bbox 992 2275 1045 2295; x_wconf 85' lang='lat' dir='ltr'><strong>una</strong></span> <span class='ocrx_word' id='word_1_746' title='bbox 1059 2275 1121 2301; x_wconf 88' lang='lat' dir='ltr'><strong>pars</strong></span> <span class='ocrx_word' id='word_1_747' title='bbox 1137 2268 1253 2302; x_wconf 81' lang='lat' dir='ltr'><strong>Europa.</strong></span> <span class='ocrx_word' id='word_1_748' title='bbox 1269 2268 1353 2294; x_wconf 83' lang='lat' dir='ltr'><strong>attera</strong></span> <span class='ocrx_word' id='word_1_749' title='bbox 1368 2266 1444 2299; x_wconf 73' lang='lat' dir='ltr'><strong>Asin,</strong></span> <span class='ocrx_word' id='word_1_750' title='bbox 1461 2260 1538 2294; x_wconf 77' lang='lat' dir='ltr'><strong>tertia</strong></span> <span class='ocrx_word' id='word_1_751' title='bbox 1551 2266 1640 2293; x_wconf 73' lang='lat' dir='ltr'><strong>Africa</strong></span> <span class='ocrx_word' id='word_1_752' title='bbox 1655 2271 1780 2293; x_wconf 80' lang='lat' dir='ltr'><strong>vocatur.</strong></span> 
     </span>
     <span class='ocr_line' id='line_1_110' title="bbox 992 2311 1782 2348; baseline -0.003 -8"><span class='ocrx_word' id='word_1_753' title='bbox 992 2313 1126 2348; x_wconf 83' lang='lat' dir='ltr'><strong>Europam</strong></span> <span class='ocrx_word' id='word_1_754' title='bbox 1142 2314 1222 2348; x_wconf 80' lang='lat' dir='ltr'><strong>igitur</strong></span> <span class='ocrx_word' id='word_1_755' title='bbox 1233 2313 1267 2341; x_wconf 77' lang='lat' dir='ltr'><strong>ab</strong></span> <span class='ocrx_word' id='word_1_756' title='bbox 1290 2311 1381 2340; x_wconf 77' lang='lat' dir='ltr'><strong>Africa</strong></span> <span class='ocrx_word' id='word_1_757' title='bbox 1394 2312 1490 2340; x_wconf 83' lang='lat' dir='ltr'><strong>dividit</strong></span> <span class='ocrx_word' id='word_1_758' title='bbox 1503 2319 1578 2340; x_wconf 83' lang='lat' dir='ltr'><strong>mare</strong></span> <span class='ocrx_word' id='word_1_759' title='bbox 1591 2312 1625 2339; x_wconf 85' lang='lat' dir='ltr'><strong>ab</strong></span> <span class='ocrx_word' id='word_1_760' title='bbox 1651 2312 1782 2339; x_wconf 79' lang='lat' dir='ltr'><strong>extremis</strong></span> 
     </span>
     <span class='ocr_line' id='line_1_111' title="bbox 992 2357 1782 2392; baseline -0.003 -4"><span class='ocrx_word' id='word_1_761' title='bbox 992 2359 1087 2388; x_wconf 81' lang='lat' dir='ltr'><strong>oceani</strong></span> <span class='ocrx_word' id='word_1_762' title='bbox 1101 2359 1209 2392; x_wconf 82' lang='lat' dir='ltr'><strong>finibus,</strong></span> <span class='ocrx_word' id='word_1_763' title='bbox 1224 2363 1253 2387; x_wconf 83' lang='lat' dir='ltr'><strong>et</strong></span> <span class='ocrx_word' id='word_1_764' title='bbox 1271 2358 1378 2386; x_wconf 75' lang='lat' dir='ltr'><strong>Herculi</strong></span> <span class='ocrx_word' id='word_1_765' title='bbox 1401 2358 1544 2386; x_wconf 86' lang='lat' dir='ltr'><strong>columnis.</strong></span> <span class='ocrx_word' id='word_1_766' title='bbox 1557 2357 1651 2385; x_wconf 78' lang='lat' dir='ltr'><strong>Asiam</strong></span> <span class='ocrx_word' id='word_1_767' title='bbox 1677 2361 1782 2392; x_wconf 79' lang='lat' dir='ltr'><strong>autem,</strong></span> 
     </span>
    </p>
   </div>
   <div class='ocr_carea' id='block_1_17' title="bbox 990 2438 1789 2940">
    <p class='ocr_par' dir='ltr' id='par_1_31' title="bbox 990 2438 1780 2510">
     <span class='ocr_line' id='line_1_112' title="bbox 1025 2438 1780 2476; baseline 0 -8"><span class='ocrx_word' id='word_1_768' title='bbox 1025 2441 1091 2468; x_wconf 67' lang='lat' dir='ltr'><strong>Cn.</strong></span> <span class='ocrx_word' id='word_1_769' title='bbox 1111 2440 1195 2468; x_wconf 62' lang='lat' dir='ltr'><strong>xcvii.</strong></span> <span class='ocrx_word' id='word_1_770' title='bbox 1210 2453 1244 2461; x_wconf 83' lang='lat'><em>-</em></span> <span class='ocrx_word' id='word_1_771' title='bbox 1258 2439 1290 2467; x_wconf 85' lang='lat' dir='ltr'><strong>N.</strong></span> <span class='ocrx_word' id='word_1_772' title='bbox 1311 2440 1337 2467; x_wconf 82' lang='lat' dir='ltr'><strong>t.</strong></span> <span class='ocrx_word' id='word_1_773' title='bbox 1363 2438 1492 2467; x_wconf 71' lang='lat' dir='ltr'><strong>Justinus.</strong></span> <span class='ocrx_word' id='word_1_774' title='bbox 1513 2439 1592 2467; x_wconf 89' lang='lat' dir='ltr'><strong>lnitio</strong></span> <span class='ocrx_word' id='word_1_775' title='bbox 1605 2439 1667 2468; x_wconf 82' lang='lat' dir='ltr'><strong>libri</strong></span> <span class='ocrx_word' id='word_1_776' title='bbox 1681 2442 1780 2476; x_wconf 82' lang='lat' dir='ltr'><strong>quarti,</strong></span> 
     </span>
     <span class='ocr_line' id='line_1_113' title="bbox 990 2475 1612 2510; baseline 0 -7"><span class='ocrx_word' id='word_1_777' title='bbox 990 2475 1061 2503; x_wconf 84' lang='lat' dir='ltr'><strong>unde</strong></span> <span class='ocrx_word' id='word_1_778' title='bbox 1071 2481 1134 2503; x_wconf 89' lang='lat' dir='ltr'><strong>sunt</strong></span> <span class='ocrx_word' id='word_1_779' title='bbox 1145 2476 1202 2503; x_wconf 80' lang='lat' dir='ltr'><strong>haec</strong></span> <span class='ocrx_word' id='word_1_780' title='bbox 1211 2475 1300 2503; x_wconf 81' lang='lat' dir='ltr'><strong>omnia</strong></span> <span class='ocrx_word' id='word_1_781' title='bbox 1317 2482 1402 2510; x_wconf 80' lang='lat' dir='ltr'><strong>usque</strong></span> <span class='ocrx_word' id='word_1_782' title='bbox 1415 2475 1448 2502; x_wconf 85' lang='lat' dir='ltr'><strong>ad</strong></span> <span class='ocrx_word' id='word_1_783' title='bbox 1458 2475 1612 2510; x_wconf 78' lang='lat' dir='ltr'><strong>allegorica.</strong></span> 
     </span>
    </p>

    <p class='ocr_par' dir='ltr' id='par_1_32' title="bbox 991 2509 1785 2581">
     <span class='ocr_line' id='line_1_114' title="bbox 1025 2509 1785 2546; baseline 0.001 -8"><span class='ocrx_word' id='word_1_784' title='bbox 1025 2511 1053 2538; x_wconf 76' lang='lat' dir='ltr'><strong>t.</strong></span> <span class='ocrx_word' id='word_1_785' title='bbox 1070 2510 1144 2546; x_wconf 64' lang='lat' dir='ltr'><strong>Ignis</strong></span> <span class='ocrx_word' id='word_1_786' title='bbox 1155 2510 1211 2537; x_wconf 81' lang='lat' dir='ltr'><strong>ille.</strong></span> <span class='ocrx_word' id='word_1_787' title='bbox 1235 2510 1290 2542; x_wconf 74' lang='lat' dir='ltr'><strong>At„</strong></span> <span class='ocrx_word' id='word_1_788' title='bbox 1315 2510 1382 2545; x_wconf 72' lang='lat' dir='ltr'><strong>iqnis</strong></span> <span class='ocrx_word' id='word_1_789' title='bbox 1402 2510 1446 2537; x_wconf 89' lang='lat' dir='ltr'><strong>ille</strong></span> <span class='ocrx_word' id='word_1_790' title='bbox 1460 2515 1581 2543; x_wconf 75' lang='lat' dir='ltr'><strong>oeternus,</strong></span> <span class='ocrx_word' id='word_1_791' title='bbox 1595 2509 1638 2538; x_wconf 77' lang='lat' dir='ltr'><strong>vel</strong></span> <span class='ocrx_word' id='word_1_792' title='bbox 1652 2510 1719 2546; x_wconf 59' lang='lat' dir='ltr'><strong>ignit</strong></span> <span class='ocrx_word' id='word_1_793' title='bbox 1740 2510 1785 2539; x_wconf 74' lang='lat' dir='ltr'><strong>itte</strong></span> 
     </span>
     <span class='ocr_line' id='line_1_115' title="bbox 991 2546 1225 2581; baseline 0 -9"><span class='ocrx_word' id='word_1_794' title='bbox 991 2546 1122 2581; x_wconf 75' lang='lat' dir='ltr'><strong>yehennoe.</strong></span> <span class='ocrx_word' id='word_1_795' title='bbox 1138 2546 1225 2573; x_wconf 71' lang='lat' dir='ltr'><strong>Ant-w.</strong></span> 
     </span>
    </p>

    <p class='ocr_par' dir='ltr' id='par_1_33' title="bbox 991 2584 1789 2940">
     <span class='ocr_line' id='line_1_116' title="bbox 1025 2584 1783 2620; baseline 0.001 -8"><span class='ocrx_word' id='word_1_796' title='bbox 1025 2584 1089 2612; x_wconf 60' lang='lat' dir='ltr'><strong>Cae.</strong></span> <span class='ocrx_word' id='word_1_797' title='bbox 1107 2593 1200 2612; x_wconf 67' lang='lat' dir='ltr'><strong>xnvnt.</strong></span> <span class='ocrx_word' id='word_1_798' title='bbox 1215 2585 1248 2613; x_wconf 78' lang='lat' dir='ltr'><strong>N.</strong></span> <span class='ocrx_word' id='word_1_799' title='bbox 1273 2586 1298 2613; x_wconf 77' lang='grc' dir='ltr'><strong>Ι.</strong></span> <span class='ocrx_word' id='word_1_800' title='bbox 1323 2585 1379 2613; x_wconf 78' lang='lat' dir='ltr'><strong>Hoc</strong></span> <span class='ocrx_word' id='word_1_801' title='bbox 1402 2589 1482 2620; x_wconf 81' lang='lat' dir='ltr'><strong>caput</strong></span> <span class='ocrx_word' id='word_1_802' title='bbox 1496 2585 1524 2612; x_wconf 87' lang='lat' dir='ltr'><strong>in</strong></span> <span class='ocrx_word' id='word_1_803' title='bbox 1541 2585 1667 2614; x_wconf 77' lang='lat' dir='ltr'><strong>Editione</strong></span> <span class='ocrx_word' id='word_1_804' title='bbox 1690 2584 1783 2614; x_wconf 79' lang='lat' dir='ltr'><strong>Grialii</strong></span> 
     </span>
     <span class='ocr_line' id='line_1_117' title="bbox 991 2620 1783 2662; baseline 0.001 -14"><span class='ocrx_word' id='word_1_805' title='bbox 991 2622 1199 2654; x_wconf 81' lang='lat' dir='ltr'><strong>praetermissum</strong></span> <span class='ocrx_word' id='word_1_806' title='bbox 1229 2620 1278 2648; x_wconf 83' lang='lat' dir='ltr'><strong>tuit</strong></span> <span class='ocrx_word' id='word_1_807' title='bbox 1294 2628 1341 2655; x_wconf 85' lang='lat' dir='ltr'><strong>per</strong></span> <span class='ocrx_word' id='word_1_808' title='bbox 1363 2620 1539 2656; x_wconf 76' lang='lat' dir='ltr'><strong>exscriptoris</strong></span> <span class='ocrx_word' id='word_1_809' title='bbox 1560 2625 1607 2648; x_wconf 77' lang='lat' dir='ltr'><strong>aut</strong></span> <span class='ocrx_word' id='word_1_810' title='bbox 1625 2625 1734 2662; x_wconf 72' lang='lat' dir='ltr'><strong>typogra</strong></span> <span class='ocrx_word' id='word_1_811' title='bbox 1757 2621 1783 2649; x_wconf 82' lang='lat' dir='ltr'><strong>tn</strong></span> 
     </span>
     <span class='ocr_line' id='line_1_118' title="bbox 993 2655 1785 2719; baseline 0 -1"><span class='ocrx_word' id='word_1_812' title='bbox 993 2655 1191 2718; x_wconf 37' lang='lat' dir='ltr'><strong>taliata·</strong></span> <span class='ocrx_word' id='word_1_813' title='bbox 1207 2655 1425 2718; x_wconf 56' lang='lat' dir='ltr'><strong>&#39;iifilusslffi‘iffli&#39;z</strong></span> <span class='ocrx_word' id='word_1_814' title='bbox 1437 2655 1785 2719; x_wconf 46' lang='lat' dir='ltr'><strong>missitatas&amp;</strong></span> 
     </span>
     <span class='ocr_line' id='line_1_119' title="bbox 995 2700 1788 2766; baseline 0.001 -12"><span class='ocrx_word' id='word_1_815' title='bbox 995 2733 1053 2754; x_wconf 84' lang='lat' dir='ltr'><strong>rem</strong></span> <span class='ocrx_word' id='word_1_816' title='bbox 1065 2700 1223 2760; x_wconf 53' lang='lat' dir='ltr'><strong>scriptur‘ii&#39;m</strong></span> <span class='ocrx_word' id='word_1_817' title='bbox 1246 2710 1412 2753; x_wconf 52' lang='lat' dir='ltr'><strong>concinnai&#39;ri.</strong></span> <span class='ocrx_word' id='word_1_818' title='bbox 1428 2711 1543 2760; x_wconf 63' lang='lat' dir='ltr'><strong>nisaeus</strong></span> <span class='ocrx_word' id='word_1_819' title='bbox 1553 2747 1561 2761; x_wconf 92' lang='lat'><strong>,</strong></span> <span class='ocrx_word' id='word_1_820' title='bbox 1576 2724 1762 2760; x_wconf 32' lang='lat' dir='ltr'><strong>defininitus...</strong></span> <span class='ocrx_word' id='word_1_821' title='bbox 1774 2745 1788 2766; x_wconf 56' lang='lat'><strong>·.</strong></span> 
     </span>
     <span class='ocr_line' id='line_1_120' title="bbox 995 2760 1787 2802; baseline 0 -14"><span class='ocrx_word' id='word_1_822' title='bbox 995 2761 1158 2802; x_wconf 68' lang='lat' dir='ltr'><strong>interfusum.</strong></span> <span class='ocrx_word' id='word_1_823' title='bbox 1185 2760 1251 2788; x_wconf 83' lang='lat' dir='ltr'><strong>Inde</strong></span> <span class='ocrx_word' id='word_1_824' title='bbox 1264 2765 1349 2788; x_wconf 78' lang='lat' dir='ltr'><strong>autern</strong></span> <span class='ocrx_word' id='word_1_825' title='bbox 1361 2761 1478 2788; x_wconf 82' lang='lat' dir='ltr'><strong>ordinem</strong></span> <span class='ocrx_word' id='word_1_826' title='bbox 1490 2768 1656 2796; x_wconf 68' lang='lat' dir='ltr'><strong>exponimur.</strong></span> <span class='ocrx_word' id='word_1_827' title='bbox 1665 2766 1667 2769; x_wconf 87' lang='lat'>·</span> <span class='ocrx_word' id='word_1_828' title='bbox 1677 2760 1787 2788; x_wconf 54' lang='lat' dir='ltr'><strong>omittit*</strong></span> 
     </span>
     <span class='ocr_line' id='line_1_121' title="bbox 995 2796 1787 2873; baseline 0.004 -16"><span class='ocrx_word' id='word_1_829' title='bbox 995 2796 1140 2858; x_wconf 49' lang='lat' dir='ltr'><strong>ffiiieffi&#39;fft</strong></span> <span class='ocrx_word' id='word_1_830' title='bbox 1151 2832 1188 2858; x_wconf 74' lang='lat' dir='ltr'><strong>ait</strong></span> <span class='ocrx_word' id='word_1_831' title='bbox 1197 2838 1250 2873; x_wconf 76' lang='lat' dir='ltr'><strong>pro</strong></span> <span class='ocrx_word' id='word_1_832' title='bbox 1261 2831 1348 2860; x_wconf 72' lang='lat' dir='ltr'><strong>attuit.</strong></span> <span class='ocrx_word' id='word_1_833' title='bbox 1359 2830 1414 2859; x_wconf 68' lang='lat' dir='ltr'><strong>sed</strong></span> <span class='ocrx_word' id='word_1_834' title='bbox 1423 2830 1499 2858; x_wconf 72' lang='lat' dir='ltr'><strong>attan</strong></span> <span class='ocrx_word' id='word_1_835' title='bbox 1513 2830 1529 2872; x_wconf 44' lang='lat' dir='ltr'><strong>t·</strong></span> <span class='ocrx_word' id='word_1_836' title='bbox 1557 2830 1578 2859; x_wconf 85' lang='lat' dir='ltr'><strong>&#39;t</strong></span> <span class='ocrx_word' id='word_1_837' title='bbox 1594 2830 1679 2859; x_wconf 71' lang='lat' dir='ltr'><strong>etiam</strong></span> <span class='ocrx_word' id='word_1_838' title='bbox 1691 2828 1787 2860; x_wconf 49' lang='lat' dir='ltr'><strong>united</strong></span> 
     </span>
     <span class='ocr_line' id='line_1_122' title="bbox 996 2864 1783 2907; baseline 0 -13"><span class='ocrx_word' id='word_1_839' title='bbox 996 2865 1078 2894; x_wconf 77' lang='lat' dir='ltr'><strong>kerus</strong></span> <span class='ocrx_word' id='word_1_840' title='bbox 1090 2866 1123 2893; x_wconf 82' lang='lat' dir='ltr'><strong>ad</strong></span> <span class='ocrx_word' id='word_1_841' title='bbox 1139 2866 1282 2902; x_wconf 66' lang='lat' dir='ltr'><strong>Hyginum.</strong></span> <span class='ocrx_word' id='word_1_842' title='bbox 1308 2872 1371 2907; x_wconf 62' lang='grc' dir='ltr'><strong>Μ.</strong></span> <span class='ocrx_word' id='word_1_843' title='bbox 1393 2864 1458 2899; x_wconf 70' lang='lat'><strong>585,</strong></span> <span class='ocrx_word' id='word_1_844' title='bbox 1572 2864 1783 2907; x_wconf 49' lang='lat' dir='ltr'><strong>uenum-dm</strong></span> 
     </span>
     <span class='ocr_line' id='line_1_123' title="bbox 997 2898 1789 2940; baseline -0.005 -11"><span class='ocrx_word' id='word_1_845' title='bbox 997 2901 1084 2937; x_wconf 78' lang='lat' dir='ltr'><strong>capue</strong></span> <span class='ocrx_word' id='word_1_846' title='bbox 1094 2901 1111 2928; x_wconf 83' lang='lat'><strong>8</strong></span> <span class='ocrx_word' id='word_1_847' title='bbox 1120 2901 1275 2930; x_wconf 67' lang='lat' dir='ltr'><strong>Aaronom·</strong></span> <span class='ocrx_word' id='word_1_848' title='bbox 1286 2899 1390 2936; x_wconf 66' lang='lat' dir='ltr'><strong>Poetn-</strong></span> <span class='ocrx_word' id='word_1_849' title='bbox 1398 2899 1438 2936; x_wconf 65' lang='lat' dir='ltr'><strong>fl,</strong></span> <span class='ocrx_word' id='word_1_850' title='bbox 1500 2898 1555 2934; x_wconf 54' lang='lat' dir='ltr'><strong>fmus</strong></span> <span class='ocrx_word' id='word_1_851' title='bbox 1561 2898 1789 2940; x_wconf 42' lang='lat' dir='ltr'><strong>xm,</strong></span> 
     </span>
    </p>
   </div>
   <div class='ocr_carea' id='block_1_18' title="bbox 1183 2792 1832 2831">
    <p class='ocr_par' dir='ltr' id='par_1_34' title="bbox 1183 2792 1832 2831">
     <span class='ocr_line' id='line_1_124' title="bbox 1183 2792 1832 2831; baseline 0.002 -8"><span class='ocrx_word' id='word_1_852' title='bbox 1183 2796 1275 2830; x_wconf 68' lang='lat' dir='ltr'><strong>rubus,</strong></span> <span class='ocrx_word' id='word_1_853' title='bbox 1291 2801 1319 2824; x_wconf 84' lang='lat' dir='ltr'><strong>et</strong></span> <span class='ocrx_word' id='word_1_854' title='bbox 1331 2796 1444 2823; x_wconf 59' lang='lat' dir='ltr'><strong>»idam</strong></span> <span class='ocrx_word' id='word_1_855' title='bbox 1463 2798 1528 2824; x_wconf 75' lang='lat' dir='ltr'><strong>nte</strong></span> <span class='ocrx_word' id='word_1_856' title='bbox 1548 2797 1633 2831; x_wconf 66' lang='lat' dir='ltr'><strong>etym.</strong></span> <span class='ocrx_word' id='word_1_857' title='bbox 1659 2793 1785 2824; x_wconf 76' lang='lat' dir='ltr'><strong>Nonnulli</strong></span> <span class='ocrx_word' id='word_1_858' title='bbox 1829 2792 1832 2793; x_wconf 48' lang='lat'><em>⁷</em></span> 
     </span>
    </p>
   </div>
  </div>
 </body>
</html>
