1832 3016
36 130 109 183 im

69 250 144 270 ersus
159 246 215 274 est;
231 247 257 268 et
271 243 337 270 iiiliil
354 245 578 277 quemadmodum
603 249 702 276 exinde
716 258 826 285 surgere

103 281 129 305 et
152 277 269 310 iuvenit;
283 285 383 312 suaque
412 280 437 305 iii
462 285 592 308 aeternum
608 283 734 312 libertate
747 287 825 314 dece-

69 321 109 343 iis.
126 313 203 346 liujus
228 313 311 340 ruinae
333 313 454 341 latuisset
470 322 615 350 oppressu,
625 319 675 346 nisi
689 327 749 346 eum
767 326 825 354 post

18 358 21 359 ⁷
39 347 136 377 Christi
151 355 199 382 pro
215 355 261 374 sua
276 348 362 382 gratia
385 349 535 377 relevasset
560 352 702 388 adventus,
719 357 762 390 qui
778 364 825 389 per

33 390 113 418 unovae
128 383 338 416 regenerationis
345 384 559 417 purificationem
570 395 649 415 omne
661 391 825 423 praeteritum

39 418 131 447 vitium
142 418 185 446 sui
198 418 369 454 baptismatis
382 419 488 448 lavacro
503 423 633 457 purgavit.
652 433 661 449 ι

175 474 238 502 Car.
255 474 394 503 xxlli.—
405 476 489 504 Nemo
501 478 581 506 bonus
591 489 636 514 per
646 489 684 508 se.

69 522 207 550 Neminem
222 529 282 549 esse
296 531 343 556 per
357 525 528 559 semetipsum
546 526 656 558 bonum,
677 528 728 554 nisi
742 529 825 562 parti-

35 557 194 593 cipationem
210 558 251 585 sui
263 558 307 585 ille
320 558 470 594 donaverit,
489 561 533 595 qui
546 562 619 589 solus
630 568 672 590 est
685 563 781 590 bonus.

98 614 161 641 Car.
175 613 272 641 XXIV.
283 629 319 634 -
331 614 527 642 Persevernntt'a
541 617 568 643 in
581 617 651 644 bonis
667 627 682 644 α
693 618 757 645 Deo.

32 686 38 692 ,
67 659 204 687 Neminem
218 662 297 687 etiam
314 661 481 695 baptismatis
495 664 579 696 gratia
595 670 749 691 renovatum
767 666 825 693 ido-

34 703 110 723 neum
126 703 185 722 esse
199 696 232 722 ad
247 697 411 730 superandas
429 698 527 725 diaboli
544 699 663 731 insidias,
680 705 706 727 et
720 701 753 727 ad
767 701 825 727 vin-

20 731 130 758 ·eendas
143 732 232 758 earnis
247 732 490 766 concupiscentias,
515 734 566 760 nisi
579 742 626 767 per
640 736 824 768 quotidianum

19 765 191 800 adjutorium
207 766 254 794 Dei
270 769 497 801 perseverantiam
519 769 598 796 bonae
613 771 825 798 conversationis

19 802 171 836 incoeperit.

170 849 235 876 Car.
252 849 335 876 XXV.
349 865 385 869 —
395 850 514 877 Liberum
528 852 672 879 arbitrium.

19 928 150 962 iarbiirio,
171 929 241 956 idem
257 930 385 963 magister
409 930 436 957 in
457 931 571 964 epistola
585 932 619 958 ad
640 933 821 961 Milevitanum

19 964 171 992 iconcilinm
187 965 247 991 data
264 965 401 998 praedicat,
418 966 509 993 dicens
523 976 527 992 :
544 977 554 993 ι
573 968 687 995 Adverte
704 969 821 1002 tandem,

19 1006 46 1026 ιο
61 1000 278 1033 pravissimarum
303 1002 430 1027 mentium
453 1002 586 1034 doctrina,
609 1003 680 1037 quod
706 1005 821 1037 primum

19 1033 164 1062 lhominem
178 1035 213 1061 ita
230 1035 339 1062 libertas
355 1036 413 1070 ipsa
428 1037 542 1070 decepit,
560 1043 588 1064 ut
599 1039 662 1065 dum
683 1039 823 1073 indulgen-

18 1069 80 1096 ttius
103 1069 187 1097 frenis
207 1070 265 1104 ejus
280 1072 362 1097 utitur
377 1071 402 1098 in
422 1073 670 1106 praevaricationem
691 1081 822 1107 praesum-

19 1105 120 1138 iptione
143 1105 284 1132 incideret.
313 1106 367 1133 Nec
385 1115 419 1134 ex
445 1107 493 1134 hae
518 1109 603 1141 potuit
630 1109 698 1141 erui,
724 1109 773 1135 nisi
796 1109 821 1136 ei

19 1140 194 1174 iprovideiitia
212 1142 421 1175 regenerationis
445 1146 542 1169 statum
568 1144 687 1177 pristina:
711 1144 820 1172 liberta-

20 1175 61 1203 ·tis
77 1175 175 1203 Christi
190 1176 296 1203 Domini
311 1178 483 1204 reformasset
497 1179 636 1206 adventus.
655 1188 664 1204 ι

251 1231 315 1259 (ΣΑΡ.
331 1231 426 1259 XXVI.
441 1247 475 1252 -—
488 1232 592 1261 Merita.

62 1277 137 1310 Quod
162 1278 250 1305 omnia
275 1277 372 1308 studia.
399 1283 426 1305 et
446 1279 535 1306 omnia
555 1287 646 1313 opera,
671 1287 703 1307 ac
725 1282 819 1308 merita

18 1317 180 1340 isanctorum
193 1313 226 1340 ad
245 1313 291 1340 nei
304 1313 414 1347 gloriam
430 1314 588 1348 laudemque
603 1315 744 1342 reserenda
754 1317 818 1348 sint,

18 1348 90 1382 ‹quia
106 1356 185 1375 nemo
205 1348 312 1375 aliunde
334 1349 358 1375 ei
374 1349 489 1382 placeat,
505 1349 556 1376 nisi
579 1358 611 1376 ex
630 1358 663 1377 eo
677 1351 747 1384 quod
762 1352 820 1385 ipse

19 1383 183 1416 »donaverim
199 1384 226 1410 in
241 1391 319 1417 quam
334 1391 383 1410 nos
401 1385 561 1411 sententiam
577 1385 669 1418 dirigit
680 1386 766 1413 beatae
776 1394 819 1413 re-

17 1418 190 1446 ‹cordationis
215 1426 291 1452 papae
315 1418 416 1445 Zosimi
439 1419 568 1453 regularis
590 1420 734 1447 auctoritas
757 1428 819 1447 cum

18 1453 147 1480 iscribeiis
161 1453 194 1480 ad
212 1453 291 1480 totius
306 1453 379 1480 orbis
402 1454 543 1488 episcopos
559 1455 596 1481 ait
611 1463 617 1481 :
637 1463 647 1480 t
661 1455 715 1481 Nos
729 1460 819 1482 autem

18 1489 153 1516 tinstinctu
166 1488 215 1515 Dei
231 1488 334 1524 (omnia
348 1489 419 1516 enim
443 1489 511 1516 bona
533 1489 566 1516 ad
582 1495 718 1517 auctorem
741 1498 818 1518 suum

18 1523 166 1551 ireserenda
181 1529 253 1556 sunt,
274 1525 345 1550 unde
367 1524 525 1558 nascuntur)
539 1525 572 1551 ad
593 1525 704 1552 fratrum
726 1530 752 1553 et
773 1534 819 1553 co-

17 1593 114 1621 llimus.
131 1604 140 1620 »
159 1594 235 1621 Hunc
257 1599 344 1621 autem
369 1602 520 1621 sermonem
542 1595 735 1623 sincerissimae
749 1596 817 1623 veri-

18 1630 89 1656 itatis
102 1630 162 1657 luce
175 1630 324 1657 radiantem
338 1634 411 1657 tanto
432 1630 488 1657 Afri
509 1631 627 1664 episcopi
653 1631 755 1658 honore
771 1639 817 1658 ve·

18 1665 111 1692 inerati
136 1669 207 1698 sunt,
233 1670 260 1692 ut
277 1665 312 1691 ita
328 1665 360 1691 ad
382 1665 505 1693 eumdem
533 1667 621 1692 virum
646 1667 814 1694 scriberent:

20 1708 40 1726 ιι
56 1700 122 1727 lllud
136 1708 211 1733 vero,
223 1700 294 1734 quod
308 1700 334 1727 in
349 1700 457 1733 litteris,
473 1708 539 1735 quas
557 1701 590 1728 ad
606 1702 743 1729 universas
758 1709 817 1736 pro-

18 1735 128 1763 wincias
153 1736 254 1763 curasti
277 1743 336 1762 esse
361 1736 515 1768 mittendas,
546 1737 668 1771 posuisti,
698 1737 814 1764 dicens:

28 1769 84 1797 Nos
99 1776 180 1798 tamen
194 1771 313 1798 instinctu
329 1771 389 1803 Dei,
412 1777 463 1797 etc.
481 1771 525 1798 Sic
540 1772 684 1805 accipimus
704 1772 815 1802 dictum,

18 1810 55 1832 iut
70 1806 130 1833 illos
150 1806 195 1839 qui
212 1811 304 1833 contra
318 1806 365 1834 Dei
385 1806 546 1840 adjutorium
561 1807 692 1834 extollunt
708 1808 816 1835 humani

18 1841 128 1868 iarbitrii
150 1841 319 1874 libertatem,
345 1842 466 1868 districto
490 1842 578 1875 gladio
603 1842 723 1869 veritatis
744 1843 817 1869 velut

17 1876 125 1903 ccursiui
142 1878 274 1904 transiens
296 1881 459 1910 amputares.
473 1877 540 1910 Quid
563 1877 634 1904 enim
653 1882 707 1904 tam
731 1878 816 1904 libero

18 1909 111 1938 trecisti
133 1911 255 1944 arbitrio,
271 1920 351 1946 qnam
371 1912 442 1945 quod
467 1913 591 1939 universa
605 1913 631 1939 in
655 1917 753 1939 nostrae
767 1913 818 1939 hu-

17 1947 145 1974 imilitatis
165 1947 356 1974 conscientiam
380 1947 512 1973 retulisti?
527 1951 554 1973 et
578 1951 665 1974 tamen
690 1947 817 1974 instinctu

18 1979 74 2008 inei
92 1981 190 2009 sactum
205 1990 266 2009 esse
280 1982 395 2008 fideliter
409 1982 598 2016 sapienterque
619 1982 719 2014 vidisti,
741 1991 818 2009 vera-

17 2017 93 2044 ·citer
108 2017 274 2051 fidenterque
297 2017 397 2044 dixisti.
414 2016 476 2043 luco
492 2017 594 2051 utique,
608 2018 669 2051 quia
685 2025 817 2051 praepara-

19 2055 71 2078 itur
81 2052 204 2080 voluntas
217 2060 232 2078 a
247 2052 369 2084 Domino,
383 2056 409 2078 et
423 2056 451 2078 ut
464 2052 528 2079 boni
549 2052 650 2086 aliquid
667 2057 754 2086 agant,
772 2059 818 2086 pa-

18 2087 109 2114 iternis
132 2087 351 2120 inspirationibus
373 2094 481 2114 suorum
506 2087 563 2121 ipse
588 2088 671 2122 tangit
686 2088 766 2114 corda
787 2087 817 2113 Ii-

17 2120 119 2148 iliorum
137 2121 272 2155 (Proverb.
288 2129 344 2153 viii,
361 2121 404 2152 25,
422 2130 471 2148 sec.
486 2121 583 2156 LXX).
595 2123 731 2155 Quotquot
744 2123 817 2149 enim

17 2155 127 2189 tSpiritu
140 2157 188 2183 Dei
200 2162 322 2191 aguntur,
335 2156 361 2183 hi
377 2157 424 2183 lilii
439 2157 485 2184 Dei
500 2158 663 2192 siiiit(1loni.
679 2165 736 2190 viii,
752 2157 815 2190 14);

17 2195 56 2218 ιιιι
79 2199 129 2218 nec
150 2197 273 2219 nostruin
295 2193 391 2219 deesse
415 2192 562 2219 sentiamus
585 2193 736 2226 arbitrium,
750 2193 817 2219 etin

16 2224 103 2254 ilionis
118 2227 267 2261 quibusque
291 2227 434 2254 voluntatis
457 2227 580 2254 humanae
604 2228 713 2262 singulis
739 2228 817 2254 moti-

17 2259 77 2289 lbus
89 2262 259 2301 magisvillius
274 2263 364 2290 valere
378 2270 431 2290 non
448 2262 599 2290 dubitemus
613 2263 752 2290 auxilium.
768 2272 779 2288 ι

140 2319 204 2346 CAP-
218 2317 324 2346 xxvii.
337 2333 372 2338 —
383 2318 512 2353 Quidquid
525 2318 582 2344 bom'
594 2325 626 2345 ex
639 2317 704 2346 Deo.

61 2363 99 2392 tta
115 2365 187 2392 Deus
202 2372 234 2392 ex
250 2365 374 2392 cordibus
393 2364 532 2392 hominum
546 2369 625 2397 atque
638 2365 664 2391 in
681 2365 739 2399 ipso
752 2365 818 2392 libe-

17 2407 59 2428 iro
78 2404 204 2434 operatur
218 2399 340 2432 arbitrio,
353 2403 382 2426 ιιι
402 2405 494 2427 sancta
508 2399 644 2434 cogitatio,
660 2400 731 2434 pium
754 2408 819 2427 con-

18 2435 126 2467 isilium,
143 2435 282 2469 omnisque
297 2439 384 2461 motus
407 2435 484 2462 bonae
498 2435 641 2462 voluntatis
655 2443 687 2462 ex
703 2435 757 2463 Deo
770 2436 816 2472 sit.

18 2471 88 2504 tquia
104 2478 150 2504 per
163 2470 239 2498 illum
254 2469 353 2504 aliquid
366 2468 428 2496 boni
443 2476 595 2504 possumuS,
616 2470 674 2498 sine
684 2479 738 2506 quo
753 2471 819 2498 nibil

19 2509 179 2541 mossuuius.

213 2551 278 2580 Cn.
292 2551 410 2579 xxviii.
423 2565 460 2572 —
469 2550 566 2580 Gratioe
578 2553 626 2581 vis.

34 2621 40 2628 ·
63 2609 146 2646 326
159 2609 315 2643 Quicunque
339 2609 436 2636 dixerit
448 2609 562 2644 gratiam
582 2609 640 2644 Dei,
654 2617 704 2644 qua
725 2608 819 2643 justisi-

17 2635 123 2673 tbitiut·
137 2652 184 2680 per
206 2645 297 2672 lesum
321 2643 457 2672 Christum
471 2643 613 2672 Dominum
636 2649 768 2677 nostrum,
784 2643 818 2671 ad

17 2679 114 2707 t'lhm
141 2680 327 2708 remissionem
354 2684 524 2714 peccatorum
557 2678 649 2706 valere
680 2687 740 2713 qaae
762 2679 818 2714 jam

118 2715 171 2743 issa
185 2719 257 2747 sunt,
273 2722 327 2742 non
341 2714 422 2742 etiam
436 2714 471 2741 ad
491 2713 654 2748 adiutorium
672 2714 776 2750 gnuae,
789 2717 819 2741 ιιι

99 2749 310 2782 committantur,
325 2749 465 2778 anathema
480 2749 525 2776 sit.

120 2836 130 2846 .
144 2826 223 2848 xxvi.
238 2818 362 2853 Placeat,-
373 2819 421 2852 al„
436 2819 536 2854 placet:
550 2822 579 2846 et
597 2818 759 2858 accepimus,-
769 2825 818 2859 pro

77 2854 228 2919 ganutun&
239 2855 309 2884 iufra
322 2855 438 2891 plurium
452 2861 564 2883 numero
585 2853 720 2888 mutum,
734 2853 817 2880 vidio-

408 154 550 182 APPEND.
569 156 638 184 Xlll.
659 173 693 178 —
712 159 756 187 DE
777 160 1050 198 EchEsiASTicis
1071 170 1296 200 noctiATiBuS.

40 195 122 246 §titur
135 206 223 240 bonis,
235 211 331 238 cadens
346 215 372 235 ιιι
395 210 621 242 praevaricationis
637 214 765 247 profunda
781 217 827 244 de·
839 219 865 248 A

17 1560 213 1594 «episcoporum
228 1564 381 1587 nostrorum
396 1559 588 1587 conscientiam
603 1562 727 1588 universa
745 1565 818 1587 retu-
830 1570 854 1601 C

1593 179 1659 208 12³⁴

990 224 1055 253 CAP-
1071 226 1169 255 xxm.
1177 243 1211 247 —
1222 228 1236 254 1
1240 229 1395 263 iitelli'qentia
1408 239 1440 258 ex
1449 238 1540 267 qratia.

913 267 1036 303 Quisquis
1051 270 1151 298 dixerit
1164 273 1275 306 gratiani
1291 273 1339 301 Dei
1357 282 1403 308 per
1418 276 1508 304 Jesum
1524 278 1659 308 Christum

877 307 984 341 propter
998 304 1047 344 hoc
1062 310 1162 333 tantum
1177 315 1225 334 nos
1239 308 1364 341 adjuvare
1376 309 1409 336 ad
1419 318 1472 338 noii
1485 314 1659 349 peccandum,

877 343 947 378 qnia·
959 345 1006 371 per
1025 347 1111 372 ipsum
1133 341 1209 368 nobis
1230 343 1373 378 revelatur,
1386 349 1414 371 et
1432 347 1549 377 aperitur
1562 348 1660 376 inteili-

876 375 1187 412 gei-itia-mandatorum,
1210 381 1238 404 ut
1259 378 1376 406 sciamus
1398 380 1460 413 quid
1483 387 1608 414 appetere
1630 387 1660 411 et

876 405 938 437 quid
958 411 1041 446 Vitare
1062 409 1217 443 debeamus.
1243 420 1296 439 non
1318 417 1407 440 autem
1426 420 1473 447 pei·
1487 415 1560 442 itiam
1583 418 1661 446 nobis

877 443 999 480 praestari
1014 446 1042 468 ιιι
1060 445 1130 476 quod
1155 444 1306 473 faciendum
1331 449 1503 482 cognovimus
1526 450 1607 478 etiam
1620 451 1661 480 fa-

877 480 939 501 cere
952 474 1091 510 diligamus
1106 483 1184 511 atque
1198 481 1346 515 valeamus,
1358 483 1499 510 anathema
1512 485 1555 511 sit.

1030 533 1093 561 CAP-
1109 533 1339 565 xxx—Preces
1354 541 1523 568 sacerdotum.

912 578 1132 618 Obsecrationum
1155 589 1261 616 quoque
1275 584 1482 612 sacerdotalium
1498 593 1663 616 sacramenta

878 620 1063 653 respiciamus,
1080 623 1139 648 quae
1152 617 1185 643 ab
1196 618 1323 650 apostolis
1334 620 1430 646 tradita
1442 620 1468 646 in
1485 624 1539 648 toto
1555 623 1663 656 mundo,

877 652 956 681 atque
977 657 1002 675 in
1022 650 1094 676 omni
1116 652 1246 678 catholica
1273 653 1391 681 Ecclesia
1415 655 1582 683 uniformiter
1595 658 1664 684 cele-

878 681 1000 724 brantur,
1015 689 1042 710 ut
1062 685 1147 717 legem
1168 687 1294 714 credendi
1315 689 1356 715 lex
1370 693 1468 717 statuat
1487 692 1662 724 supplicandi.

877 717 942 744 Cuin
958 726 1028 745 enim
1047 725 1196 747 sanctarum
1213 722 1326 753 plebium
1343 726 1469 754 praesules
1490 727 1612 753 mandata
1628 728 1665 754 si-

878 753 959 779 liiniet
972 754 1104 787 legatione
1120 755 1270 788 fungantur.
1282 758 1351 790 apud
1364 759 1480 786 divinam
1492 761 1661 789 clementiam

877 788 984 828 humani
1001 790 1107 823 generis
1131 796 1210 824 agunt
1231 800 1348 826 causam,
1368 799 1406 825 et,
1429 799 1482 822 tota
1506 803 1597 823 seeum
1612 796 1662 824 Ec-

876 823 955 849 clesm
971 825 1196 859 congemiscente,
1214 828 1357 860 postulant.
1371 833 1399 856 et
1411 835 1562 863 precantur,
1576 836 1605 858 ιιι
1619 831 1661 858 in·

877 858 1001 886 fidelibus
1012 860 1125 887 donetur
1135 861 1209 892 [ides.
1219 867 1244 888 ui
1254 863 1399 891 idololatrae
1406 865 1440 891 ab
1450 865 1593 898 impietatis
1603 874 1659 894 suae

64 894 140 926 Quod
162 901 241 921 nemo
257 895 307 921 nisi
323 902 371 928 per
385 894 519 922 Christum
546 897 629 924 libero
650 898 717 925 bene
734 902 822 925 utatur
838 892 862 922 B
876 893 1021 921 liberentur
1035 896 1181 928 erroribus,
1203 901 1231 923 ut
1250 897 1356 929 JUdaelS,
1382 899 1470 926 ablato
1484 900 1572 927 cordis
1586 902 1658 928 vela-

875 929 956 961 mine,
974 929 1020 956 lux
1036 931 1157 958 veritatis
1179 938 1314 966 appareat,
1331 938 1356 959 ut
1380 933 1497 962 bxeretici
1519 935 1658 964 catholicae

875 964 935 990 lidei
950 966 1118 998 perceptione
1132 967 1299 1000 resipiscant,
1316 972 1344 995 ut
1354 968 1516 997 schismatici
1536 970 1659 1003 spiritum

875 1000 1002 1026 redivivae
1019 1001 1156 1028 charitatis
1180 1003 1320 1035 accipiant,
1342 1008 1370 1030 ut
1392 1004 1474 1038 lapsis
1495 1005 1660 1038 pcenitentiae

874 1034 991 1061 remedia
1016 1036 1197 1068 conferantur.
1222 1043 1251 1064 ut
1272 1037 1386 1072 denique
1407 1040 1608 1068 catechumenis
1625 1041 1660 1068 ad

873 1071 1083 1102 regenerationis
1099 1077 1263 1099 sacramenta
1281 1073 1426 1107 perductis,
1450 1074 1567 1102 coelestis
1582 1076 1662 1103 mise-

873 1104 995 1131 ricordiae
1009 1106 1067 1132 aula
1083 1111 1226 1134 reseretur.
1244 1107 1306 1134 llaec
1319 1112 1406 1135 autem
1429 1116 1482 1136 non
1508 1109 1660 1142 perfuncto-

873 1139 923 1171 rie,
940 1147 1025 1173 neque
1046 1141 1160 1168 inaniter
1178 1150 1192 1168 a
1218 1142 1332 1169 Domino
1352 1144 1415 1177 peti,
1431 1151 1520 1171 reruni
1541 1145 1658 1178 ipsarum

873 1179 1001 1202 monstrat
1017 1176 1136 1209 cll'eetus,
1153 1177 1364 1212 quandoquidem
1387 1186 1420 1205 ex
1441 1179 1512 1206 omni
1536 1186 1659 1208 errorum

871 1216 970 1243 genere
986 1210 1113 1244 plurimos
1127 1212 1197 1239 Deus
1212 1213 1336 1248 dignatur
1348 1213 1493 1246 attrahere,
1515 1222 1582 1247 quos
1593 1222 1658 1242 ern-

873 1249 913 1271 tos
928 1245 962 1272 de
978 1250 1109 1280 potestate
1125 1248 1296 1275 tenebrarum
1314 1248 1455 1275 transferat
1466 1249 1492 1276 in
1505 1257 1615 1284 regnum
1627 1249 1659 1276 fi-

872 1279 900 1306 lii
915 1281 1051 1308 charitatis
1066 1289 1132 1314 suat.
1147 1288 1174 1310 et
1190 1291 1223 1310 ex
1236 1283 1306 1310 vasis
1322 1284 1367 1310 irae
1386 1283 1465 1310 saciat
1477 1291 1541 1311 vasa
1555 1285 1659 1312 miseri-

871 1316 978 1342 cordiae.
995 1316 1071 1349 Quod
1087 1317 1153 1344 adeo
1169 1322 1253 1344 totum
1278 1318 1359 1345 divini
1382 1319 1469 1351 operis
1494 1327 1554 1346 esse
1575 1320 1659 1347 senti-

872 1355 924 1382 tur,
941 1356 970 1377 ιιι
983 1351 1040 1379 lnec
1062 1352 1190 1380 efficienti
1210 1354 1265 1380 Deo
1287 1354 1433 1387 gratiarum
1456 1361 1562 1388 semper
1576 1355 1658 1386 actio.

871 1385 1010 1420 laudisque
1023 1387 1157 1415 consessio
1169 1396 1216 1423 pro
1229 1388 1425 1415 illuminatione
1439 1389 1531 1416 tatium
1546 1389 1590 1417 vel
1600 1396 1660 1417 cor—

871 1421 991 1449 roetione
1004 1422 1148 1450 referatur.

980 1477 1045 1504 (λιι).
1061 1476 1159 1504 xxxi.
1170 1493 1205 1497 —
1215 1478 1378 1506 Exorctsmus
1393 1483 1415 1506 et
1424 1481 1550 1514 sufflatio.

906 1521 973 1548 Illud
988 1522 1080 1555 etiam,
1101 1524 1172 1557 quod
1194 1525 1264 1551 circa
1289 1525 1460 1558 baptizandos
1482 1526 1511 1553 in
1536 1525 1660 1554 universo

873 1557 972 1584 mundo
984 1563 1074 1584 sancta
1091 1559 1209 1586 Ecclesia
1230 1559 1397 1587 uniformiter
1412 1561 1476 1594 agit,
1498 1569 1550 1588 non
1572 1562 1658 1588 otioso

870 1593 1083 1627 contemplamur
1094 1594 1201 1620 intuitu.
1218 1594 1282 1621 Cum
1296 1595 1352 1622 sive
1372 1596 1484 1628 parvuli,
1506 1596 1562 1622 sive
1583 1596 1658 1630 juve·

870 1634 917 1654 nes
940 1628 973 1654 ad
999 1629 1209 1662 regenerationis
1232 1629 1342 1656 veniunt
1364 1635 1576 1663 sacramentum,
1603 1638 1658 1658 non

871 1663 942 1695 prius
956 1662 1055 1689 sontem
1072 1663 1132 1690 vitae
1146 1664 1244 1690 adeant
1263 1672 1341 1697 quam
1357 1665 1514 1692 exorcismis
1530 1670 1557 1691 et
1572 1665 1657 1692 exsuf-

869 1697 1022 1724 flationibus
1034 1698 1194 1725 clericorum
1209 1699 1318 1732 spiritus
1329 1699 1362 1726 ab
1377 1699 1416 1726 eis
1432 1699 1584 1726 immundus
1598 1700 1657 1727 abi-

868 1738 954 1765 gatur,
971 1737 999 1759 ut
1013 1737 1075 1760 tunc
1088 1741 1151 1760 vere
1165 1739 1291 1768 appareat
1305 1734 1409 1768 quando
1424 1735 1545 1769 princeps
1565 1735 1657 1762 mundi

869 1767 948 1802 liujus
972 1769 1090 1795 mittatur
1117 1768 1188 1795 foras
1208 1768 1295 1803 (Joun.
1319 1776 1366 1801 xii,
1390 1768 1447 1804 51),
1472 1776 1498 1796 ct
1523 1770 1657 1803 quomodo

868 1804 942 1836 prius
956 1803 1079 1838 alligetur
1094 1803 1180 1833 sortis,
1202 1809 1227 1830 ct
1243 1804 1367 1836 deinceps
1382 1811 1444 1831 vasa
1455 1805 1513 1839 ejus
1530 1805 1657 1838 diripian-

870 1842 911 1864 tur
927 1838 1022 1872 (Marc.
1037 1846 1076 1869 ιιι,
1101 1838 1157 1871 ⁶37),
1175 1838 1201 1865 in
1220 1839 1416 1872 possessionem
1431 1840 1556 1866 translata
1573 1840 1658 1866 victo-

869 1873 915 1906 ris,
929 1874 972 1907 qui
988 1874 1117 1906 captivam
1130 1873 1203 1900 ducit
1216 1874 1406 1907 captivitatem,
1422 1879 1450 1902 et
1464 1875 1509 1902 dat
1523 1875 1593 1902 dona
1608 1875 1657 1902 ho-

869 1908 985 1935 minibus
1001 1908 1088 1939 (Paul.
1105 1916 1185 1942 vau,
1203 1908 1259 1942 19).

936 1965 999 1992 Citi‘.
1016 1964 1123 1991 xxxii.
1134 1978 1170 1984 -
1180 1964 1269 1991 Gratia
1283 1969 1306 1991 et
1320 1964 1429 1991 liberum
1442 1965 1587 1991 arbitrium.

903 2010 1026 2038 Omnium
1056 2011 1186 2037 bonorum
1210 2010 1360 2042 affectuum,
1384 2015 1462 2044 atque
1488 2017 1609 2043 operum,
1630 2015 1659 2037 et

869 2046 985 2072 omnium
1000 2045 1160 2078 studiorum,
1174 2046 1346 2079 omniumque
1361 2045 1498 2076 virtutum,
1514 2045 1609 2079 quibus
1623 2045 1657 2072 ab

868 2081 945 2107 initio
959 2080 1019 2107 [idei
1037 2080 1071 2107 ad
1095 2080 1179 2107 Deum
1195 2081 1320 2112 tenditur,
1337 2080 1420 2107 Deum
1442 2080 1599 2114 profitemur
1612 2086 1659 2119 διι-

868 2121 980 2142 ctorem.
1001 2115 1034 2142 Et
1057 2123 1109 2142 non
1126 2115 1277 2142 dubitamus
1299 2115 1333 2142 ab
1358 2115 1441 2149 ipsius
1461 2115 1545 2148 gratia
1567 2122 1658 2141 omnia

870 2151 985 2177 hominis
1008 2151 1103 2177 merita
1123 2151 1275 2184 praeveiiiri,
1291 2157 1338 2183 per
1358 2157 1435 2183 quem
1461 2151 1489 2175 tit
1515 2153 1544 2176 ut
1558 2149 1658 2183 aliquid

869 2186 931 2212 boni
946 2190 972 2212 et
988 2186 1055 2212 velle
1068 2185 1234 2218 incipiamus,
1250 2189 1278 2211 et
1291 2185 1388 2212 tacere.
1405 2185 1462 2217 Quo
1479 2185 1570 2224 utique
1583 2184 1658 2224 auxi-

869 2221 904 2247 lio
918 2226 944 2247 et
960 2228 1071 2247 munere
1086 2221 1143 2252 Dei,
1160 2228 1211 2246 non
1227 2220 1346 2246 aufertur
1370 2220 1480 2246 liberum
1506 2219 1656 2250 arbitrium,

869 2256 916 2283 sed
930 2255 1067 2287 liberatur.
1084 2260 1112 2281 ut
1135 2255 1168 2281 de
1195 2255 1335 2282 tenebroso
1359 2254 1487 2285 lucidum.
1514 2253 1548 2280 de
1562 2261 1658 2292 'pravo

871 2295 983 2322 rectum,
996 2290 1029 2316 de
1053 2290 1177 2324 languido
1191 2297 1295 2320 sanum.
1311 2289 1344 2315 de
1364 2289 1531 2323 imprudente
1546 2291 1581 2314 stt
1595 2295 1656 2320 pro-

869 2326 957 2352 vidum
970 2324 1099 2359 (Philipp.
1123 2332 1152 2356 ii,
1169 2325 1223 2358 15).
1238 2325 1323 2351 Tanta
1338 2324 1407 2350 enim
1423 2328 1464 2350 est
1480 2330 1549 2361 erga.
1563 2329 1656 2348 omnes

869 2361 990 2387 homines
1005 2360 1109 2387 bonitas
1126 2359 1170 2386 Dei
1192 2365 1220 2386 ut
1232 2363 1321 2385 nostra
1335 2358 1398 2384 velit.
1412 2364 1471 2384 csse
1485 2359 1579 2396 merita
1594 2364 1655 2390 quae

868 2400 930 2423 sunt
942 2396 1024 2430 ipsius
1046 2395 1125 2426 dona,
1140 2395 1218 2428 327
1230 2398 1257 2420 et
1271 2401 1319 2427 pro
1342 2393 1382 2432 liis
1405 2399 1464 2431 quae
1490 2391 1599 2431 largitus
1613 2396 1655 2430 est

869 2435 967 2458 :eterna
983 2430 1090 2465 praemia
1105 2430 1138 2456 sit
1159 2430 1314 2455 donaturus.
1333 2428 1393 2460 Agit
1407 2434 1505 2460 quippe
1518 2434 1553 2465 ‘in
1578 2425 1657 2452 nobis

870 2471 899 2494 ut
912 2467 980 2500 quod
998 2465 1052 2491 vult
1066 2468 1093 2491 et
1107 2464 1219 2490 velimus
1232 2466 1260 2489 et
1274 2468 1397 2495 agamus;
1414 2468 1463 2488 uec
1486 2465 1571 2500 otiosa
1594 2467 1656 2488 esse

870 2502 897 2530 in
919 2501 995 2528 nobis
1016 2501 1115 2533 patitur
1139 2505 1198 2532 quas
1220 2496 1378 2528 exercenda,
1405 2504 1458 2522 non
1484 2495 1654 2536 negligenda,

871 2537 985 2568 donavit,
1010 2541 1037 2560 ut
1056 2539 1081 2561 ct
1107 2541 1157 2560 nos
1177 2536 1365 2566 cooperatores
1389 2532 1472 2558 simus
1488 2534 1579 2566 gratiae
1590 2529 1653 2570 pei.

871 2572 907 2600 Ac
921 2571 943 2598 si
966 2569 1030 2604 quid
1045 2569 1071 2596 in
1086 2569 1162 2595 nobis
1183 2575 1215 2595 ex
1229 2570 1319 2594 nostra
1331 2565 1476 2593 viderimus
1491 2565 1653 2605 remissione

869 2608 1051 2642 languescere,
1070 2603 1104 2630 ad
1118 2604 1193 2630 illum
1214 2601 1330 2629 sollicite
1348 2607 1527 2634 recurramus,
1543 2607 1589 2640 qui
1610 2606 1655 2639 sa-

869 2647 916 2670 nat
927 2647 1020 2668 omnes
1041 2640 1182 2673 languores
1196 2641 1311 2668 nostros,
1328 2639 1355 2663 et
1364 2635 1484 2676 'redimit
1496 2635 1529 2662 de
1542 2638 1654 2675 interitu

868 2678 950 2705 vitani
964 2679 1092 2707 nostram,
1108 2679 1135 2700 et
1150 2673 1192 2700 cui
1207 2671 1326 2706 quotidie
1344 2670 1458 2699 dicimus
1471 2678 1478 2696 :
1492 2669 1534 2696 tve
1544 2669 1655 2696 inducas

869 2720 914 2740 nos
937 2711 963 2738 in
984 2710 1157 2742 tentationem,
1183 2707 1227 2736 sed
1252 2706 1332 2734 tibet-a
1353 2713 1400 2734 non
1421 2713 1439 2733 a
1462 2705 1533 2732 mato
1546 2703 1655 2740 (natm.

868 2755 905 2782 vi,
919 2746 974 2781 15).

903 2814 967 2842 Cu>-
979 2820 1051 2841 xxix.
1066 2811 1119 2839 Per
1130 2812 1231 2846 ipsum.-
1240 2810 1288 2842 al.‚
1302 2816 1347 2850 per
1359 2808 1452 2845 ipsam.

903 2849 967 2877 Car.
988 2854 1075 2876 xxxii.
1096 2847 1209 2875 Sanctus
1230 2845 1403 2877 Goeiestinus,
1417 2842 1585 2879 profiteamur
1602 2847 1644 2870 αυ-

869 2890 974 2924 ςιονσιιι.
988 2883 1022 2912 Et
1034 2891 1086 2914 nou
1099 2882 1241 2912 dubitemus
1251 2879 1372 2918 abipst'ut
1386 2878 1482 2916 qratia.
