1832 3016
158 139 223 167 lost

147 238 192 273 ius
206 242 305 271 septem
328 233 439 269 insignia
456 233 583 260 miracula
600 235 787 260 numerantur.

186 283 230 311 53.
243 280 452 318 [4507]Αῑ1ι31ἰιι
468 284 561 315 regnat.
574 288 657 308 annos
672 288 719 307 vu.
732 279 862 312 Jonadab,
880 278 950 306 tilius

152 329 271 360 ltecliab,
297 327 423 354 sacerdos
438 326 536 361 {clarus
560 326 688 359 habetur,
706 330 758 354 etc.
775 325 868 353 Joiada
884 333 950 360 pon-

151 374 226 406 tifex,
242 373 287 408 qui
299 373 382 405 solus,
404 377 462 407 post
476 372 596 407 Moysen,
616 372 715 400 vixisse
739 379 824 412 annos
844 376 950 399 centum

151 420 258 455 triginta
279 419 444 454 perhibetur.

186 476 277 512 [4547]
291 477 354 504 Joas
382 481 476 511 regnat
500 483 586 504 annos
607 485 651 504 ιιι..
665 476 808 504 Zacharias
820 477 874 512 78
890 483 952 510 pro-

151 524 231 557 pheta
258 522 426 549 interficitur.
456 522 558 550 Eliseus
584 523 714 555 moritur,
740 523 815 557 cujus
839 522 951 550 virtutes

149 568 349 603 quatuordecim
376 568 566 602 praedicantur.
594 569 787 604 Lycurgusque
811 568 951 603 legislator

150 617 219 651 apud
233 616 361 643 Graeciam
376 617 488 652 insignis
506 617 629 644 habetur.

186 674 278 710 [⁴576]
290 675 411 702 Amasias
422 680 516 709 regnat
528 683 613 702 annos
620 674 891 709 xx1x.Carthaginem
900 675 951 702 hoc

126 755 129 764 ¹
153 725 273 756 tempore
281 721 390 756 quidam
399 727 523 750 asserunt
534 722 732 755 conditam,alii
741 729 804 750 vero
818 723 950 757 superius.

187 777 232 806 54.
263 777 355 814 [4428]
385 777 493 806 Azarias
526 786 610 806 annos
642 787 689 806 ιιι.
725 778 862 813 Olympias
897 778 951 812 pri-

150 833 224 853 murn
252 825 353 853 Graecis
373 826 531 854 instituitur.
552 827 644 862 Agnus
664 827 689 853 iu
702 826 806 854 Graecia
821 826 949 861 loquitur.

149 871 346 905 sardanapalus
361 879 408 899 rex
425 877 521 906 sponte
535 872 658 899 incendio
673 877 872 899 concrematur.
899 873 951 899 As-

151 916 338 952 syriorumque
365 926 476 952 regnum
505 919 531 945 in
556 918 645 945 Medos
672 919 842 945 transfertur.
874 918 950 945 Tunc

150 961 282 990 Hesiodus
297 968 373 997 poeta
388 964 496 990 claruit.
524 966 609 998 Atque
626 964 728 991 Phidon
745 963 857 998 Argivus
873 971 949 991 men-

150 1015 227 1036 suras
246 1013 273 1036 et
298 1009 415 1044 pondera
439 1010 550 1044 reperit.
576 1008 654 1042 Osee,
681 1010 772 1042 Amos,
805 1009 896 1042 isaias,
922 1013 950 1037 et

149 1054 228 1088 lena,
246 1056 272 1082 in
287 1055 381 1083 Judaea
397 1057 447 1084 bac
461 1060 540 1083 :etate
557 1056 788 1090 prophetantibus.

184 1100 228 1128 55.
253 1101 346 1137 [4444]
361 1101 474 1129 Joathan
498 1107 591 1137 regnat
606 1110 691 1130 annos
708 1110 765 1130 xvr.
784 1102 883 1130 Remus
895 1101 948 1129 Ro-

184 1178 255 1207 Ibid.
272 1179 336 1206 Elia:
349 1179 476 1210 Tesbitis.
493 1180 639 1207 sacerdotis
657 1181 755 1215 magni,
778 1181 890 1215 insignia
907 1187 952 1207 se-

150 1218 222 1248 ptem
243 1215 370 1242 miracula
387 1215 443 1242 haec
454 1221 515 1242 sunt
530 1224 538 1243 ·.
552 1217 576 1242 1.
589 1216 707 1243 Trienuii
722 1217 841 1243 siccitate
854 1217 950 1243 coelum

149 1251 254 1275 clausit.
266 1250 293 1276 2.
315 1250 405 1276 Oravit
416 1259 535 1286 rursum,
548 1256 575 1278 et
594 1252 689 1278 coelum
702 1252 774 1278 dedit
788 1252 909 1278 imbrem.
922 1251 950 1277 5.

149 1284 281 1311 Mortuum
297 1286 416 1312 mulieris
430 1286 511 1313 tilium
533 1286 565 1313 ad
582 1287 661 1313 vitam
684 1289 830 1314 revocavit.
844 1288 869 1313 ll.
888 1286 950 1320 Ejus

149 1321 249 1347 virtute
270 1319 363 1355 hydria
386 1321 477 1347 sarium
493 1330 545 1348 non
561 1322 658 1349 defecit
670 1342 677 1354 ,
695 1330 740 1349 vas
754 1323 804 1349 olei
822 1328 950 1356 perpetuo

150 1355 222 1381 sonte
237 1355 362 1382 manavit.
380 1355 406 1382 5.
424 1356 488 1390 Ejus
501 1357 584 1384 verbo
598 1358 665 1391 ignis
679 1358 711 1383 de
725 1358 793 1384 coelo
809 1365 889 1391 super
904 1365 948 1383 sa-

149 1391 279 1417 crificium
293 1390 439 1418 descendit.
467 1390 493 1417 6.
524 1392 596 1419 Duos
622 1393 863 1426 quinquagenarios
888 1400 947 1419 eum

150 1425 278 1452 militibus
291 1425 394 1452 coelesti
410 1427 470 1460 igne
493 1427 649 1454 combussit.
664 1428 689 1453 7.
705 1427 848 1454 Jordaueiu
873 1432 948 1454 trau-

151 1461 224 1487 siens
246 1465 319 1488 tactu
346 1461 451 1488 melotis
466 1461 581 1496 abrupit.
609 1462 725 1489 lsidorus
740 1463 786 1489 lib.
803 1463 835 1489 de
849 1463 907 1489 Vita
921 1467 948 1490 et

149 1495 234 1523 Morte
248 1501 410 1523 sanctorum.

184 1531 227 1558 33.
246 1531 353 1558 Attalia.
366 1532 491 1558 Clemens
502 1533 579 1559 Alex.
597 1533 645 1560 lib.
662 1541 669 1559 ι
692 1533 791 1560 strom.
816 1533 947 1560 Gouliotia

148 1571 238 1600 reqnat
252 1572 307 1593 octo
322 1568 412 1598 annis;
429 1572 481 1594 erat
499 1576 529 1594 ea:
544 1576 633 1602 qenere
647 1568 742 1595 Achab.

185 1601 254 1627 thid.
268 1601 395 1628 Jonadab.
409 1602 469 1629 Fuit
484 1603 553 1629 tilius
566 1603 673 1635 Semna,
688 1604 775 1630 tratris
786 1603 877 1631 David.
895 1605 947 1632 Re-

149 1644 211 1672 gum
228 1637 260 1669 lt,
276 1645 334 1670 cap.
354 1645 409 1664 xnt.
428 1638 459 1663 Et
474 1638 542 1664 alius
560 1638 692 1670 Jonadab,
707 1639 775 1666 tilius
787 1639 886 1673 hecub,
901 1640 947 1674 qui

149 1672 272 1699 vixitsub
283 1673 361 1705 Jehu,
375 1677 401 1699 et
412 1673 470 1699 aliis
481 1674 599 1708 regibus,
624 1674 657 1702 lv
668 1674 733 1709 Reg.
747 1682 772 1706 x,
787 1679 814 1701 et
823 1675 947 1702 Jeremiae

150 1715 233 1734 xxxv.

188 1742 255 1770 Ibid.
270 1742 433 1770 FuitJoiada
442 1744 567 1771 sacerdos
577 1744 672 1779 bonus,
687 1749 712 1771 et
720 1745 818 1779 pietate
833 1745 946 1780 viceque

151 1778 303 1805 innocentia
329 1779 449 1813 insignis.
474 1780 511 1806 De
535 1788 567 1807 eo
591 1780 688 1806 dicitur
703 1780 724 1806 11
742 1780 856 1814 paralip.
884 1789 943 1816 cap.

149 1822 224 1845 xxiv,
238 1814 310 1848 quod
325 1820 445 1841 mortuus
463 1820 514 1847 est,
533 1823 594 1842 cum
607 1821 678 1842 esset
689 1823 757 1842 cxxx
772 1824 913 1843 annorum.

184 1848 253 1875 Ibid.
271 1849 383 1876 Etiaaeus
395 1851 458 1877 Eliae
470 1851 618 1884 discipulus
632 1851 673 1877 his
685 1851 821 1878 miraculis
833 1852 943 1879 claruit:

149 1884 237 1919 primo
260 1885 403 1912 Jordanem
426 1887 539 1912 transitu
566 1894 615 1913 suo
640 1886 754 1913 divisum
781 1888 920 1914 refrenans
935 1908 943 1919 .

151 1920 247 1946 undam
271 1925 342 1947 retro
375 1922 515 1948 convertit.
541 1921 568 1948 2.
593 1924 681 1955 Aquas
706 1922 810 1948 Hierico
837 1922 943 1949 steriles

152 1955 278 1982 secundas
294 1956 364 1982 tecit.
384 1957 411 1983 3.
439 1957 539 1985 Pueros
559 1957 715 1984 insultantes
729 1957 779 1983 sibi
792 1958 882 1984 bestiis
899 1965 944 1984 vo-

151 1990 250 2017 randos
272 1991 388 2018 tradidit.
404 1993 429 2019 4.
446 1992 568 2019 Sterilem
584 1993 721 2019 mulierem
742 1992 902 2019 fecundavit.
914 1992 942 2019 5.

150 2026 184 2052 Et
198 2025 255 2060 ejus
271 2026 351 2052 tilium
368 2028 516 2054 suscitavit.
534 2027 560 2054 6.
578 2028 673 2054 Decem
701 2028 814 2063 panibus
838 2028 941 2061 plebem

150 2061 253 2087 resec-it.
268 2062 294 2088 7.
311 2062 428 2089 Naaman
441 2071 455 2088 a
468 2064 539 2097 lepra
553 2063 685 2090 liberavit.
707 2063 735 2089 8.
750 2063 834 2096 Lepra
851 2070 943 2097 asper-

151 2097 186 2122 sit
200 2096 373 2130 discipulum.
382 2098 409 2124 9.
420 2097 529 2124 Ferrum
541 2099 615 2132 aquis
627 2103 800 2131 supernatare
813 2099 882 2125 tecit.
899 2098 940 2125 10.

151 2129 247 2157 llostes
263 2131 348 2166 Syriae
362 2134 482 2159 ezr—citate
493 2133 691 2167 percussit.1l.
714 2134 942 2160 lucredulomor-
993 2133 1048 2195 gis,
1079 2132 1180 2159 omisso
1208 2139 1234 2157 a.
1266 2131 1319 2158 Pro
1348 2129 1511 2165 instituitur,
1535 2130 1580 2157 alii
1617 2131 1778 2160 constituitur

1019 2176 1082 2194 nav.
1130 2178 1134 2181 ·

151 2169 204 2192 tem
219 2168 360 2198 praeduxit.
375 2168 418 2194 12.
435 2168 543 2194 Hostem
567 2168 755 2202 quadrigarum
777 2170 881 2202 l'ragore
901 2169 942 2195 fu-

151 2200 233 2234 gavit,
251 2201 471 2235 obsidionemque
494 2203 631 2236 dispersit.
650 2203 692 2230 15.
708 2203 815 2230 Famem
832 2204 939 2237 repulit.

154 2234 197 2262 tt.
214 2236 276 2261 l’ost
288 2241 401 2263 mortem
415 2238 537 2263 cadaveri
551 2238 629 2264 vitain
645 2238 729 2265 dedit.
746 2238 790 2265 Sic
814 2239 868 2266 i'ere
890 2238 939 2265 lsi-

152 2270 233 2297 (lorus
249 2271 295 2297 lib.
307 2271 341 2298 de
357 2271 414 2297 Vita
429 2278 456 2298 et
466 2272 546 2298 Obitu
557 2277 710 2299 sauctorum
725 2273 843 2300 Patrum.

187 2304 255 2333 thid.
268 2305 295 2332 ln
308 2314 360 2333 uno
373 2307 422 2333 Ms.
438 2311 489 2338 est,
501 2306 682 2342 Lycurqusque
692 2307 822 2342 legistator
832 2308 944 2343 Apollo-

151 2341 218 2367 nius.
239 2342 366 2369 Existimo
382 2342 521 2376 legendum
541 2343 669 2377 leqintator
690 2342 834 2378 Apollinis,-
857 2348 885 2370 ut
907 2344 944 2371 ita

151 2375 250 2403 dictum
266 2376 436 2410 accipiamus,
462 2377 533 2411 quod
547 2385 718 2411 quascunque
735 2379 805 2412 leges
819 2378 945 2406 Lacedae·

153 2412 249 2439 moniis
264 2412 377 2446 serebat,
394 2412 421 2439 id
433 2412 565 2447 Apollinis
580 2413 706 2440 instinctu
723 2413 809 2439 tacere
823 2421 852 2440 se
867 2413 945 2440 dicti-

152 2449 230 2473 taret.
249 2447 314 2474 Vide
334 2447 469 2475 Plutarch.
491 2449 517 2475 in
534 2447 592 2483 ejus
615 2448 682 2484 Vita,
706 2448 839 2475 Valerium
859 2448 944 2476 Maxi-

151 2487 235 2514 mum,
251 2487 331 2516 atquc
345 2483 423 2510 alios.

187 2516 258 2544 Ibid.
280 2519 357 2552 Apud
383 2519 515 2546 Clement.
531 2519 662 2546 Alexand.
679 2527 687 2546 ι
702 2518 803 2547 Strom.
820 2522 961 2554 corrupte.

153 2551 204 2586 legi
213 2554 354 2581 existimo:
365 2555 480 2582 Amantes
491 2556 546 2590 ejus
554 2555 705 2589 filiusomn‘s
717 2562 797 2582 xxxix
809 2559 857 2590 pro
869 2556 948 2584 nuto

152 2586 219 2614 Nam
234 2589 268 2616 ita
283 2588 426 2622 Eusebius,
439 2589 582 2624 Josephus,
596 2590 763 2625 Nicephorus
777 2594 804 2618 et
817 2590 872 2617 alii.

188 2622 233 2650 54.
245 2625 360 2652 Azan-ias.
373 2624 402 2652 ln
411 2625 463 2652 alio
473 2625 523 2652 Ms.
533 2630 592 2652 erat
599 2625 686 2659 Ozias,
695 2625 828 2660 quomodo
838 2631 866 2653 et
875 2624 945 2660 apud

153 2657 342 2693 Nicephorum,
357 2665 384 2688 et
399 2661 425 2687 in
440 2660 573 2688 Chronico
599 2660 704 2694 Graeco,
723 2660 794 2695 quod
814 2660 885 2694 apud
903 2667 947 2688 mc

153 2698 210 2726 est;
223 2699 310 2727 reete,
326 2697 366 2723 sic
385 2697 457 2725 enim
478 2696 557 2723 etiarn
567 2696 716 2731 appellatur
726 2695 774 2723 lib.
785 2704 806 2723 ιι
818 2695 946 2730 Paratip..

154 2735 212 2761 cap.
226 2730 272 2762 26,
287 2735 314 2758 ct
327 2739 342 2759 a
356 2731 492 2760 Clemente
506 2732 585 2759 Alex.
602 2739 612 2758 1
630 2732 731 2761 Strom.
749 2730 838 2764 Osiac,
850 2731 946 2764 inquit,

154 2763 262 2803 sedecim
280 2774 405 2808 annorum
424 2771 487 2798 erat.
509 2775 567 2794 cum
590 2775 698 2803 regnare
717 2767 844 2802 caepisset,
863 2770 888 2795 et
910 2773 948 2793 ι.ιι

154 2800 947 2873 :aa:samasasdaza‘casaast‘aaa·lxx

157 2864 263 2904 lsatam,
277 2871 311 2900 ad
327 2871 431 2900 titulum
444 2872 602 2908 prophetiae.
624 2871 710 2908 Hujus
721 2867 810 2901 auteiu
825 2868 945 2908 ternpore

665 129 695 157 s.
717 127 839 155 istnom
858 125 1079 156 tiisrateusts
1099 125 1251 156 setscort
1728 127 1778 155 tm

185 193 276 229 [asco]
290 190 419 219 ochozias
434 192 529 223 regnat
541 194 640 214 annum
654 195 672 214 ι.
686 187 758 214 Etias
773 186 883 221 rapitur,
899 194 943 214 cu·
958 190 984 220 A
998 193 1137 221 mutusque
1155 189 1314 218 nascuntur,
1335 183 1555 221 prophetantibus
1572 183 1600 212 in
1609 182 1702 212 suun
1714 170 1784 214 'osee

957 2289 984 2319 D
997 2281 1051 2300 xvii
1066 2278 1093 2300 et
1107 2281 1186 2304 xvxii,
1201 2277 1228 2300 et
1243 2273 1334 2300 Tobiae
1353 2277 1413 2305 cap.
1426 2279 1435 2298 1
1450 2271 1484 2298 de
1499 2271 1671 2298 salmanasar
1681 2272 1763 2300 dicitu

1003 233 1073 265 Joet,
1087 233 1166 265 isaia,
1180 236 1208 260 et
1221 231 1340 259 michaea.

1039 290 1132 326 [4460]
1146 291 1233 318 Achaz
1258 294 1351 326 regnat
1365 297 1450 318 annos
1464 298 1520 318 xvr.
1537 281 1620 325 Cujus
1634 281 1792 326 temporibu

1003 336 1133 364 Romulus
1152 337 1264 364 Romam
1286 336 1414 364 condidit.
1431 337 1463 364 Et
1483 337 1538 372 79
1551 335 1734 365 Sennacherib
1747 338 1784 365 As

1002 382 1135 418 syriorum
1150 390 1207 416 rex,
1231 382 1325 410 decem
1345 382 1430 410 tribus
1447 390 1481 410 ex
1506 382 1626 410 Samaria
1653 382 1679 410 in
1707 382 1795 422 Medy

1004 429 1148 462 transtulit,
1164 433 1243 464 atque
1257 429 1283 456 in
1298 424 1417 457 Judae'am
1432 429 1579 457 Samarites
1595 429 1700 458 accolas
1715 429 1787 458 misit

1038 484 1082 512 36.
1099 483 1192 520 [4489]
1208 484 1336 512 Ezechias
1360 488 1454 519 regnat
1471 492 1555 512 annos
1576 492 1648 512 xxix.
1677 484 1733 512 Sub
1747 492 1804 519 qu

1005 530 1198 565 prophetabant
1212 530 1293 558 isaias
1307 534 1334 558 et
1352 529 1432 558 Osee.
1457 530 1514 558 Hoc
1532 534 1654 565 tempore
1670 529 1786 559 Romula

1003 578 1106 612 primus
1131 577 1231 605 milites
1259 584 1292 604 ex
1319 576 1417 612 populo
1441 578 1573 612 sumpsit,
1595 582 1757 612 centumque
1802 603 1804 607 ,

1003 624 1102 659 populo
1117 623 1301 651 nobilissimos
1318 623 1391 650 viros
1410 612 1502 658 etegit,
1525 623 1570 658 qui
1585 623 1620 651 ob
1632 627 1739 651 aetatem
1758 631 1787 652 se
1801 638 1803 640 -

1003 674 1122 701 natores‚
1135 668 1170 695 ob
1184 676 1275 696 curam
1295 674 1327 695 ac
1351 667 1562 695 sollicitudinem
1584 668 1739 703 reipublicae
1755 677 1787 704 pa

1003 722 1058 745 tres
1074 718 1159 745 vocati
1175 721 1248 744 sunt.

1038 774 1082 801 57.
1105 772 1197 810 [4549]
1224 772 1360 800 Manasses
1383 775 1477 807 regnat
1501 778 1586 799 annos
1600 778 1645 799 tv.
1661 770 1713 799 Per
1728 771 1771 800 ide
1789 784 1803 798 ι·

1004 826 1108 856 tempus
1124 820 1251 848 Romanis
1276 818 1383 854 praetuit
1404 819 1488 846 Numa
1503 818 1663 853 Pompilius,
1679 819 1724 853 qui
1748 819 1787 853 pri

1001 875 1060 895 mus
1084 867 1154 902 apud
1177 866 1312 893 Romanos
1336 865 1472 900 pontifices
1497 869 1524 893 et
1549 865 1667 900 virgines
1685 866 1794 893 vestale
1815 858 1818 859 ⁷

1003 914 1127 946 instituit,
1148 912 1330 946 falsorumque
1353 911 1466 938 deorum
1488 911 1683 939 numerositate
1707 911 1801 938 civita-

1005 966 1057 988 tem
1081 959 1211 995 implevit.
1238 959 1310 985 Duos
1336 965 1442 986 menses
1458 958 1484 985 in
1505 965 1603 985 annum
1627 957 1754 987 Romanis
1768 957 1815 1003 aq„

1003 1007 1095 1035 decem
1112 1012 1218 1033 menses
1237 1005 1352 1039 adiecit;
1374 1004 1528 1031 lanuarium
1542 1004 1592 1031 diis
1613 1005 1728 1038 superis,
1751 1003 1812 1031 Fen

1004 1054 1141 1081 bruarium
1157 1053 1208 1079 diis
1229 1052 1323 1079 interis
1338 1051 1482 1079 dedicavit.
1497 1050 1573 1079 Tunc
1585 1059 1691 1087 quoque
1705 1050 1822 1087 sibylla·

1004 1099 1094 1127 Samia
1107 1098 1213 1125 claruit.

1004 1186 1115 1214 reguum
1132 1177 1300 1214 Assyriorum
1313 1176 1346 1204 ad
1358 1176 1448 1204 Medos
1461 1175 1618 1204 translatum
1634 1175 1728 1211 tuisse,
1746 1182 1786 1206 tra

1003 1218 1069 1241 duut
1082 1213 1222 1245 Eusebius,
1240 1212 1322 1246 Beda,
1339 1212 1408 1244 Ado,
1422 1211 1566 1243 Tudensis,
1582 1211 1638 1239 alii.

1039 1250 1107 1276 Ibid.
1125 1250 1161 1275 De
1175 1254 1294 1283 ternpore
1309 1256 1361 1282 quo
1373 1249 1454 1281 prima
1464 1248 1599 1281 olympias
1613 1244 1806 1277 sueritconstio'v

1003 1290 1068 1316 tuta,
1077 1293 1090 1311 a
1102 1284 1234 1318 plerisque
1249 1283 1398 1310 dubitatum
1406 1288 1457 1310 est.
1470 1283 1600 1310 Eusebius
1609 1283 1752 1317 Chronico,
1764 1292 1779 1312 e
1802 1294 1806 1307 ε

1002 1321 1119 1347 Africani
1132 1320 1279 1351 Sententia,
1293 1319 1385 1346 scribit
1399 1326 1457 1346 eam
1471 1322 1591 1353 tempore
1601 1319 1716 1346 soattian
1728 1290 1808 1354 regi}

1003 1356 1175 1383 tlehraeorum
1194 1375 1200 1386 ,
1235 1355 1351 1389 primum
1396 1354 1528 1381 numerari
1564 1358 1688 1388 coeptam.
1725 1355 1810 1387 idem*

1002 1391 1047 1418 lib.
1065 1399 1081 1417 x
1095 1391 1240 1424 Prreparet.
1264 1397 1322 1416 eam
1345 1389 1377 1416 ad
1400 1390 1472 1416 lsaiae.
1490 1394 1607 1423 tempora
1631 1389 1720 1416 trahit.
1736 1390 1777 1417 Cl
1803 1406 1813 1424 ,

1001 1434 1076 1453 mens
1093 1426 1168 1452 Alex.
1184 1434 1190 1451 1
1206 1426 1304 1451 Strom.
1322 1425 1348 1451 in
1363 1432 1443 1451 xxxiv
1457 1432 1526 1451 anno
1539 1424 1662 1451 Nicandri
1683 1426 1797 1459 primam

1001 1461 1180 1496 olympiadem
1210 1467 1269 1486 cum
1297 1460 1356 1486 aliis
1383 1460 1466 1493 ponit.
1494 1459 1644 1486 Chronicon
1674 1466 1765 1487 nostru
1776 1472 1787 1485 u
1799 1463 1806 1487 ’.

1000 1496 1133 1528 Gra-cuin,
1156 1495 1274 1522 omnium
1290 1495 1438 1522 clarissime
1460 1504 1465 1520 :
1489 1501 1508 1522 Ν
1529 1499 1548 1522 Α
1570 1494 1622 1522 ἔτει
1643 1494 1730 1527 ὀζίου
1754 1507 1778 1523 κ
1794 1514 1806 1522 -.

999 1531 1113 1569 ’Δζαρίου
1142 1530 1373 1566 βασιλεως-Ἰουδα,
1395 1531 1483 1567 πρώτη
1511 1530 1635 1564 ὀλυμπιὰς
1658 1531 1727 1560 ἐτέθη
1751 1533 1766 1558 ὒ
1800 1525 1811 1575 ]

999 1566 1088 1603 Ἰφίτου
1101 1575 1109 1593 z
1125 1566 1178 1593 καθ’
1191 1571 1221 1595 ἦν
1240 1567 1409 1602 προεφήτευον
1427 1564 1531 1595 Ἠσαίας
1546 1566 1600 1594 ὐιὸς
1618 1570 1709 1600 ‘All-⁶55,
1722 1566 1782 1596 Ὀση
1792 1576 1807 1595 ’,ι

1000 1601 1013 1629 ὅ
1033 1601 1077 1630 τοι]
1092 1603 1188 1639 Βεηερὶ,
1202 1600 1297 1632 Ἰοωήλ,
1318 1604 1364 1628 τοῦ
1376 1601 1499 1633 nasone),
1516 1602 1556 1627 καὶ
1576 1602 1694 1636 Μιχαίας
1711 1602 1723 1628 ὁ
1742 1603 1811 1629 Mo·

998 1639 1128 1676 ρασθίτης.
1157 1636 1372 1670 Quinquaqesimo
1399 1636 1492 1669 primo,
1515 1635 1611 1670 inquit,
1631 1644 1698 1663 anno
1726 1637 1797 1670 Ozioe

998 1673 1065 1708 reyis
1078 1672 1158 1703 Juda,
1174 1672 1217 1705 qui
1230 1672 1306 1698 etiam
1321 1671 1426 1697 Azan-ias
1439 1671 1594 1706 appellatur,
1610 1672 1695 1705 prima
1709 1672 1778 1707 olym
1803 1671 1809 1684 ⁴

998 1710 1053 1742 pias
1067 1708 1184 1734 instituta
1198 1712 1234 1733 est
1249 1706 1295 1733 sub
1310 1705 1398 1741 lphito
1411 1714 1420 1733 :
1434 1715 1484 1741 quo
1498 1711 1607 1741 tempore
1626 1707 1782 1741 prophetabo

998 1743 1092 1776 haias,
1109 1743 1179 1777 filius
1196 1743 1283 1774 Amos,
1302 1741 1374 1768 Oseae
1392 1742 1462 1775 fitius
1480 1741 1563 1773 Beeri,
1580 1740 1639 1768 loct
1657 1743 1726 1776 silius
1741 1742 1780 1770 Ba

996 1779 1084 1813 thuel,
1114 1778 1197 1809 oded,
1223 1782 1246 1804 et
1269 1776 1392 1803 Michoeas
1414 1776 1587 1804 Morusthiteae.
1612 1776 1645 1804 Et
1667 1785 1728 1805 mox
1750 1787 1757 1805 :
1785 1784 1796 1802 f

996 1817 1085 1851 πρὼτκ
1105 1814 1229 1849 ὀλυμπιὰς
1241 1813 1327 1851 ἦρχθη
1347 1813 1418 1849 παρὰ
1429 1817 1481 1842 τοῖς
1494 1811 1618 1844 Ἕλλησιν,
1641 1815 1655 1842 ἠ
1672 1824 1711 1843 τις
1725 1815 1780 1842 ἐστ’
1789 1818 1807 1846 ,⁶

996 1852 1165 1888 τετραέτερις.
1192 1848 1280 1875 Prima
1308 1848 1438 1882 olympias
1458 1848 1529 1882 apud
1543 1849 1662 1881 firmos,
1682 1848 1780 1884 incepit

995 1893 1056 1920 quae
1071 1890 1185 1918 quatuor
1200 1888 1241 1910 est
1256 1890 1398 1910 armorum.
1787 1904 1789 1906 .
1805 1901 1809 1919 3

1032 1920 1101 1947 Ibid.
1115 1920 1293 1954 Hieronymus
1305 1919 1331 1945 in
1343 1918 1455 1952 Prologo
1468 1925 1547 1952 super
1555 1917 1661 1950 Jonam,
1676 1919 1779 1947 astirma

995 1955 1089 1983 Jouain
1108 1955 1282 1989 prophetasse
1305 1954 1470 1988 temporibus
1485 1953 1637 1986 Jeroboam,
1652 1954 1700 1981 tilii
1715 1955 1779 1983 Joas

995 1991 1160 2026 Augustinus
1185 1990 1231 2017 lib.
1248 1997 1314 2016 xvtu
1337 1988 1371 2015 de
1385 1988 1504 2021 Civitat.‚
1520 1995 1579 2023 cap.
1602 1988 1647 2022 ⁴27,
1663 1995 1795 2025 regnant

995 2026 1066 2059 Osis,
1081 2026 1257 2060 prophetasse
1272 2028 1364 2051 auctor
1378 2028 1429 2052 est.
1444 2023 1517 2051 Idem
1528 2029 1554 2051 et
1572 2023 1697 2052 Clemens
1708 2027 1776 2054 Alex

995 2069 1003 2088 1
1021 2063 1134 2092 strom„
1149 2061 1218 2087 sicut
1232 2059 1359 2087 Isidorus.

1030 2097 1098 2124 md.
1115 2097 1138 2123 Α
1150 2095 1257 2123 Graecis.
1272 2095 1312 2122 lta
1324 2095 1388 2122 Mss.
1405 2094 1434 2122 ln
1462 2094 1587 2122 Editione
1601 2093 1692 2122 Grialii
1710 2096 1770 2123 Gru

1796 1208 1805 1223 b

1028 2203 1074 2230 55.
1088 2202 1197 2229 Romam
1212 2201 1337 2229 condidit.
1353 2200 1506 2236 Olympiad.
1519 2200 1545 2229 7.
1559 2200 1667 2236 Dionys.

1027 2237 1102 2265 Ibid.
1117 2239 1193 2271 Quod
1204 2237 1247 2266 hie
1260 2237 1444 2265 Sennacherib
1455 2236 1591 2269 tribuitur,
1606 2236 1639 2263 tv
1653 2237 1718 2271 Res.
1731 2245 1780 2272 cap

998 2316 1077 2342 quem
1087 2308 1218 2336 Eusebius
1226 2311 1338 2341 utroque
1346 2306 1454 2333 nomine
1463 2305 1567 2332 censeri
1573 2305 1611 2332 ait
1619 2314 1626 2332 z
1634 2313 1694 2333 cum
1705 2312 1783 2336 tame.

999 2343 1090 2371 Tobiae
1104 2351 1112 2370 ι
1127 2348 1201 2377 pater
1212 2343 1393 2374 salmanasar,
1406 2341 1476 2368 tilius
1483 2339 1667 2368 Sennacherib
1677 2341 1782 2371 dicatur

999 2377 1132 2412 Iosephus
1148 2377 1195 2404 lib.
1211 2385 1229 2404 x
1243 2377 1332 2410 Antiq.
1349 2382 1408 2410 cap.
1425 2376 1452 2408 l,
1476 2380 1579 2409 patrem
1598 2380 1677 2404 vocat
1690 2377 1778 2406 Seuna

999 2414 1103 2446 eberib,
1117 2413 1242 2440 Clemens
1257 2419 1265 2438 ι
1279 2413 1379 2439 strom.
1395 2410 1575 2438 Salmanasar.¹
1771 2444 1774 2445 .

1035 2447 1106 2476 Ibid.
1122 2448 1185 2475 Duae
1199 2454 1278 2474 voees
1291 2454 1322 2473 ez
1334 2445 1464 2479 Samaria,
1481 2453 1496 2472 a
1508 2446 1644 2482 plerisque
1653 2446 1716 2475 Mss.
1726 2447 1771 2476 de
1784 2450 1786 2454 '

999 2483 1084 2516 ciunt,
1106 2491 1158 2510 non
1174 2487 1257 2516 recte,
1274 2485 1303 2509 ut
1317 2486 1422 2509 constat
1435 2489 1468 2508 ex
1481 2482 1587 2516 Adone,
1601 2486 1629 2510 et
1641 2481 1749 2511 Clemen
1769 2501 1774 2507 .

1001 2518 1087 2553 primo
1096 2518 1209 2549 Strom.‚
1219 2518 1261 2544 ubi
1268 2517 1305 2544 ait
1316 2517 1496 2549 Salmaces-ar,
1507 2524 1522 2544 r
1555 2524 1598 2544 em
1608 2518 1660 2546 Ass
1679 2518 1763 2546 riortt·
1778 2527 1783 2540 ν

998 2551 1298 2616 ῑιὲιιιέειιὲιᾶἰςιέιὶεὲἓῖἰςιεε
1311 2559 1366 2615 {⁵⁰⁵
1385 2553 1430 2588 qui
1445 2551 1536 2580 habita
1555 2556 1602 2580 ant
1615 2552 1644 2580 in
1679 2559 1721 2580 ant
1754 2552 1777 2591 ’,-

998 2596 1013 2616 a
1106 2596 1137 2616 os
1276 2596 1309 2615 on
1327 2596 1365 2616 m.

1033 2623 1079 2652 56.
1095 2622 1232 2651 Romulus.
1267 2622 1317 2656 iv..
1330 2622 1440 2657 Euseb„
1454 2622 1560 2655 Aurel„
1573 2621 1687 2659 Dionys.

1034 2658 1105 2686 Ibid.
1123 2659 1174 2691 Qui
1185 2659 1216 2685 ot>
1230 2662 1340 2687 oetotem.
1356 2658 1431 2692 Div„
1443 2657 1527 2691 Vict„
1538 2657 1650 2693 Dionys.
1689 2680 1691 2682 .
1754 2686 1758 2690 ,

1034 2693 1081 2722 57.
1093 2694 1138 2721 Sic
1147 2693 1279 2721 Eusebius
1291 2694 1318 2721 in
1327 2693 1455 2721 Chronie.
1463 2700 1471 2720 ι
1479 2691 1550 2721 Duos
1556 2700 1655 2721 mnus
1663 2698 1732 2722 mano
1760 2720 1764 2723 ,

999 2729 1076 2764 didit,
1085 2729 1239 2756 Ianuarium
1248 2732 1273 2756 ot
1283 2727 1466 2761 Februarium,
1477 2736 1536 2756 cnm
1544 2733 1603 2757 mue
1614 2727 1683 2757 Ιιιιησ
1708 2741 1721 2751 ι’
1768 2734 1773 2736 ”

999 2765 1086 2792 decem
1099 2773 1198 2792 menses
1210 2764 1282 2799 apud
1293 2761 1424 2792 Romanos
1434 2763 1631 2802 [ιἰἔξκιιῼῖοάω
1644 2766 1674 2801 nt
1720 2777 1734 2785 ιν
1753 2792 1762 2801 ,

997 2799 1136 2828 December
1150 2799 1285 2828 «timetur.
1303 2797 1462 2835 Capitolium,
1552 2805 1568 2829 ε
1585 2805 1604 2827 a
1629 2807 1632 2810 ’
1674 2812 1675 2815 =
1699 2814 1701 2820 ν

996 2835 1145 2900 ωεάιῇααᾶιι,
1155 2839 1181 2864 et
1189 2833 1351 2878 congiarium
1359 2832 1430 2879 θεῷ
1435 2803 1586 2878 m

995 2878 1010 2899 σ
1030 2878 1087 2900 scor
1113 2878 1151 2899 oo.
1175 2889 1177 2891 -
1294 2875 1299 2880 ⁴
1331 2873 1334 2879 ’
1352 2874 1356 2885 '-
1440 2873 1441 2877 ’
1518 2875 1520 2877 ’
