1832 3016
48 115 126 147 .5es

623 112 896 142 SENTENTtARtm
916 114 1017 142 12¹8ssss
1037 113 1173 143 Patmos.

1659 113 1713 142 5⁰⁴

73 181 148 210 sunt,
157 181 184 204 et
193 180 282 204 tamen
294 177 320 204 in
329 173 618 203 membrisAntiehristi
629 173 782 202 inveniendi
793 178 865 201 sunt.
879 178 904 206 Α
920 178 994 202 tanto
1017 173 1154 201 crudelius
1176 172 1376 207 persecutiones
1399 176 1526 204 exercet,
1551 175 1579 200 ιιι
1600 170 1662 208 quia
1682 179 1714 200 se

109 223 136 250 5.
149 224 299 258 Antequam
311 222 397 250 veniat
409 221 601 255 Antichristus,
615 221 695 248 multa
710 221 769 256 ejus
779 229 866 249 mem-

72 270 122 298 bra
149 271 356 304 praeesset-unt,
380 270 406 293 et
428 273 516 300 pravae
538 266 650 293 actionis
673 266 767 294 merito
789 270 868 300 caput

74 315 212 350 proprium
235 316 428 348 praevenerunt,
451 311 596 339 secundum
612 312 733 347 Apostoli
756 318 866 340 senten-

74 361 154 393 tiam,
170 360 214 395 qui
236 358 290 394 jam
314 357 461 392 iniquitatis
485 357 641 392 mysterium
665 358 770 391 operari
790 358 865 386 illum

75 407 202 436 allirmat,
217 405 295 431 etiam
310 409 451 438 autequam
472 403 607 432 reveletur
631 403 664 439 (ll
680 403 767 431 Thess.
786 411 815 437 ιι,
827 403 863 438 7).

106 452 133 478 4.
149 450 300 486 Magnitudo
321 451 458 485 signorum
480 449 561 477 saciet
584 449 633 477 sub
653 450 818 477 Antichristo
839 454 867 476 ut

70 497 159 529 electi,
176 497 198 523 si
221 495 277 522 lieri
294 499 391 528 potest,
409 497 435 522 in
454 502 573 522 errorem
595 495 735 522 mittantur
757 495 864 528 (Manli.

68 550 141 575 xxiv,
157 541 214 574 24).
233 542 285 569 Soti
306 542 327 567 si
348 541 437 574 electi,
454 541 587 576 quomodo
606 545 668 567 sunt
694 541 720 567 in
745 549 866 568 errorem

70 588 211 616 mittendi?
240 588 310 623 Ergo
336 587 413 614 ihunt
443 587 469 614 in
496 594 616 614 errorem
643 587 809 615 titubationis
833 588 866 615 ad

69 634 204 664 modicum
220 642 275 669 pra·
291 634 461 660 multitudine
484 634 674 669 prodigiorum,
695 642 748 662 non
773 639 861 662 tamen

68 680 214 715 dejiciendi
241 686 303 706 sunt
323 688 336 706 a
357 681 501 708 stabilitate
527 687 574 706 sua
597 685 729 707 terrorum
752 680 866 714 impulsu

69 732 152 761 atque
165 726 311 760 signorum.
331 726 406 753 Unde
420 732 445 752 ct
461 726 520 752 ideo
537 726 643 759 ponitur
659 727 680 752 si
697 727 755 760 fieri
772 731 864 760 potest,

69 772 133 806 quia
148 771 224 798 electi
246 772 333 806 perire
348 779 399 797 non
416 776 537 805 possunt,
553 771 599 798 sed
612 771 665 798 cito
680 771 866 806 resipiscentes

69 817 162 844 cordis
177 824 296 844 errorem
319 817 445 851 religione
467 816 629 843 coercebunt
645 825 651 843 z
668 818 784 844 seientes
798 824 867 851 prze-

918 219 1047 247 continuo
1062 219 1243 247 damnandum
1256 219 1398 253 conspicit,
1413 219 1501 246 socios
1518 218 1569 246 sibi
1585 218 1714 254 multipli-

918 272 971 299 cet,
985 275 1046 294 cum
1061 266 1158 300 quibus
1171 266 1301 302 gehennae
1317 266 1422 301 ignibus
1432 265 1583 293 addicatur.

953 312 980 339 9.
993 313 1097 346 Quanto
1109 312 1190 340 breve
1202 316 1307 346 tempus
1317 311 1392 339 videt
1403 311 1452 338 sibi
1464 316 1568 340 restare
1578 311 1713 345 diaholns,

918 362 947 385 ιιι
966 357 1118 390 damnetur,
1134 363 1208 385 tanto
1228 358 1255 385 in
1277 364 1370 392 magna
1386 358 1582 396 persecutionis
1602 358 1641 386 ira
1658 366 1716 386 mo-

917 408 1015 436 vetur,
1030 404 1120 432 divina
1143 403 1246 438 §institia
1271 405 1460 439 permittente,
1486 409 1515 432 ut
1529 406 1715 440 glorificentur

918 452 1007 485 electi,
1019 452 1193 480 sordidentur
1203 452 1301 487 iniqui,
1314 458 1341 480 et
1351 457 1381 480 ut
1391 453 1498 482 diabolo
1510 453 1603 482 durior
1612 460 1717 483 crescat

918 498 1099 526 damnationis
1114 498 1261 526 sententia.

1154 565 1232 601 183
1251 565 1366 593 cerer
1385 565 1481 594 xxvi,
1508 555 1512 559 '

1194 620 1232 648 De
1246 623 1439 650 resurrectione.

955 680 979 707 t.
994 679 1131 707 inchoatio
1146 687 1221 715 pacis
1238 684 1394 708 sanctorum
1409 685 1450 708 est
1470 681 1496 708 in
1514 682 1564 710 hae
1579 682 1643 716 vita,
1660 690 1712 710 nou

918 726 1059 762 perfectio.
1075 727 1151 754 'runc
1165 732 1254 754 autem
1270 728 1321 754 erit
1338 727 1474 760 plenitudo
1488 729 1574 763 pacis,
1593 730 1657 757 dum
1679 730 1714 757 ad

920 773 967 800 Dei
977 773 1231 808 contemplationem
1246 774 1371 808 absorpta
1380 775 1471 802 carnis
1482 775 1639 804 infirmitate
1651 783 1714 803 cou-

918 819 1063 846 valuerint.

72 862 171 889 dictum
197 863 274 898 182
292 870 306 889 a
329 862 441 889 Domino
454 869 529 895 esse,
545 867 574 889 ut
595 862 658 890 dum
683 863 734 890 hoc
756 864 868 891 fecerint
884 867 906 897 Β
954 866 982 892 2.
1000 866 1173 894 Resurrectio
1194 871 1378 900 mortuorum,
1400 872 1429 894 ut
1451 868 1595 902 Apostolus
1616 872 1670 902 ait,
1687 867 1717 895 in

69 908 228 940 adversarii,
243 916 294 935 non
309 909 502 935 conturbentur
514 908 610 935 sancti.

108 955 134 981 5.
149 954 213 981 Tam
229 954 294 981 mira
316 954 434 981 tacturus
448 958 489 981 est
507 954 626 989 prodigia
647 959 673 981 et
691 955 777 989 signa,
805 954 867 981 dum

74 1001 178 1026 venerit
193 999 384 1032 Antichristus,
405 1004 434 1026 ut
447 999 528 1026 etiam
544 999 638 1026 electis
658 1000 766 1034 quidam
781 999 869 1026 cordis

73 1044 197 1079 gignatur
221 1043 371 1078 scrupulus,
396 1043 468 1078 quod
493 1048 582 1070 tamen
603 1045 658 1070 cito
678 1050 822 1077 exsuperet
843 1045 869 1071 in

74 1089 127 1117 illis
141 1090 219 1120 ratio,
238 1097 283 1123 per
297 1097 376 1123 quam
398 1090 483 1116 scient
498 1090 524 1116 in
542 1089 727 1123 deceptionem
742 1090 869 1124 reprobo-

73 1144 132 1164 rum
154 1140 181 1162 ct
198 1136 344 1163 electorum
362 1135 543 1170 probationem
558 1135 650 1162 eadem
666 1136 723 1162 lieri
738 1136 823 1170 signa.
841 1136 869 1163 ln

74 1189 127 1217 quo
151 1187 271 1215 tempore
291 1189 335 1215 per
359 1182 514 1215 patientiam
536 1182 644 1217 gloriosi
669 1186 747 1208 erunt
771 1182 866 1214 sancti,

72 1236 127 1258 nou
143 1236 190 1263 per
204 1228 341 1260 miracula,
355 1228 424 1255 sicut
439 1233 569 1263 martyres
582 1228 688 1255 fuerunt
701 1228 812 1262 priores.
831 1228 869 1255 llli

74 1275 146 1303 enim
163 1278 191 1301 et
211 1278 395 1308 persecutores
416 1274 600 1303 sustinebunt.
623 1278 650 1300 et
666 1274 793 1301 iacientes
809 1282 869 1308 pro-

73 1321 154 1355 digia.
168 1320 281 1347 Proinde
296 1324 323 1346 et
334 1318 425 1346 durius
440 1319 539 1346 hellum
551 1319 799 1353 sustinebunt‚quia
816 1325 867 1346 non

73 1368 160 1395 solum
173 1371 263 1394 contra
278 1370 480 1400 persequentes,
491 1365 538 1392 sed
554 1365 633 1392 etiam
648 1369 742 1392 contra
754 1366 869 1392 miracu-

73 1414 106 1442 lis
118 1417 290 1441 coruscantes
302 1412 453 1439 dimicaturi
468 1415 540 1438 sunt.

108 1459 135 1486 6.
146 1460 257 1486 (ire-iius
270 1458 317 1485 suh
331 1457 485 1485 Antichristi
499 1456 662 1492 temporibus
672 1460 763 1484 contra
773 1456 867 1483 Eccle-

73 1505 138 1532 siam
153 1506 281 1533 tlesaeviet
298 1505 448 1540 Synagoga,
466 1512 545 1538 quam
562 1504 587 1531 in
602 1504 660 1538 ipso
676 1504 792 1531 adventu
806 1504 867 1531 Sal-

73 1552 173 1578 vatoris
186 1550 352 1578 Christianos
366 1556 407 1577 est
423 1555 571 1584 persecuta.

109 1599 134 1624 7.
152 1597 217 1624 Dum
239 1597 265 1624 in
288 1601 418 1631 martyres
439 1597 559 1623 diabolus
579 1595 634 1631 jam
650 1595 801 1623 exercuerit
815 1603 869 1623 ma-

73 1651 150 1678 gnam
163 1644 347 1671 crudelitatem
358 1643 438 1670 etiam
451 1643 557 1677 ligatus,
569 1642 705 1669 crudelior
716 1643 766 1669 erit
778 1646 867 1669 tamen

72 1690 123 1717 suh
142 1690 298 1717 Antichristi
322 1689 502 1723 temporibus,
517 1689 624 1724 quando
642 1690 723 1717 etiam
744 1690 794 1717 erit
810 1690 869 1717 sol-

73 1736 185 1763 vendus.
203 1735 269 1762 Nam
283 1735 305 1762 si
321 1740 392 1762 tanta
407 1735 514 1770 ligatus,
529 1740 628 1770 quanta
652 1735 756 1763 solutus
772 1736 868 1763 saciet?

110 1782 135 1808 8.
148 1783 253 1815 Quanto
267 1782 440 1816 propinquius
454 1782 534 1809 linem
549 1782 640 1809 mundi
651 1782 772 1810 diabolus
783 1783 866 1818 videt,

76 1852 183 1880 nomina
197 1851 234 1884 illi
246 1859 292 1886 per
306 1851 507 1879 translationem
521 1854 550 1878 et
563 1851 717 1887 allegoriam
730 1852 757 1879 in
769 1852 866 1879 divinis

74 1888 170 1916 litteris
186 1887 348 1914 tribuuntur.
365 1887 472 1914 homst.

111 1923 179 1950 Ibid.
207 1923 243 1950 De
264 1922 428 1949 Antichristo
452 1926 542 1948 notum
564 1926 605 1949 est
625 1928 692 1957 opus
714 1922 864 1950 doctissimi

75 1959 237 1990 Malvendae,
255 1962 282 1983 ut
296 1958 362 1984 alios
379 1958 509 1984 omittam.
527 1958 611 1984 Ansv.

109 1995 136 2021 5.
158 1993 274 2020 Membra
290 1992 448 2019 Antichristi
472 1997 532 2018 sunt
557 1993 676 2020 haeretici
700 1998 726 2020 et
750 1993 863 2026 improbi

73 2028 233 2060 christianin
254 2028 298 2062 qni
313 2035 360 2054 ore
375 2027 509 2054 Christum
525 2028 703 2060 confitentur,
721 2030 798 2055 lacus
817 2036 864 2054 au-

74 2070 128 2092 tem
155 2068 269 2098 negant,
292 2071 323 2090 ex
352 2063 476 2097 August..
504 2067 580 2099 tract.
608 2064 624 2090 3
647 2071 728 2097 super
752 2064 865 2096 primam

73 2100 158 2134 Epist.
172 2099 268 2126 Joann.
288 2098 408 2132 Quisquis
428 2099 512 2134 [actis.
526 2098 621 2131 inquit,
638 2103 711 2133 neqat
726 2098 865 2130 Christum,

73 2135 244 2163 Antichristus
262 2139 308 2160 est.
326 2134 461 2167 Quotquot
476 2133 547 2160 euim
565 2134 645 2160 hahet
668 2134 786 2162 Ecclesia
808 2142 867 2168 per-

73 2170 158 2206 juros,
175 2169 352 2202 fraudatores,
364 2169 526 2200 adulatores,
539 2169 670 2201 ebriosos,
688 2169 864 2202 feneratores,

73 2206 194 2239 aliosque
217 2205 242 2231 id
258 2212 342 2239 genus
365 2204 510 2230 sceleratos
529 2204 664 2236 homines,
681 2205 865 2236 antichristos,

73 2241 125 2268 hoc
135 2244 186 2274 est,
201 2239 368 2266 adversarios
382 2239 480 2266 Christi
495 2246 567 2271 esse,
584 2240 652 2265 idem
669 2241 742 2266 recte
755 2241 863 2266 asserit.

73 2276 148 2309 Quod
169 2276 254 2309 ipsum
276 2275 356 2302 etiam
372 2274 405 2301 de
421 2274 555 2301 ltaereticis
568 2279 670 2305 censet.
685 2282 718 2301 ex
735 2275 780 2301 illo
795 2275 865 2306 ejus-

73 2312 134 2338 dem
159 2311 230 2337 loci:
249 2309 420 2336 Antichristus
444 2314 479 2336 est
503 2311 545 2344 qui
566 2314 641 2344 nequ(
655 2309 759 2338 Patrem
781 2316 803 2336 et
820 2309 866 2336 Fi-

75 2346 149 2373 lium.
165 2344 253 2372 Omnis
273 2345 386 2379 spiritus,
410 2345 454 2379 qui
476 2345 550 2371 solvit
573 2345 673 2378 Jesum,
694 2353 726 2371 ex
740 2345 792 2372 Deo
815 2354 866 2372 non

75 2386 124 2411 est,
145 2384 167 2406 ει
185 2380 226 2406 liic
245 2385 280 2406 est
300 2379 480 2407 Antichristus.
506 2380 614 2407 Lolttsa.

111 2414 179 2441 Ibid.
197 2414 283 2442 Locus
293 2414 365 2441 Pauli
381 2419 422 2442 est
436 2415 458 2441 lt
474 2414 569 2442 Thess.
586 2423 614 2442 u.
630 2415 698 2442 Nam
716 2416 866 2450 mysterium

75 2451 127 2484 iam
147 2453 266 2483 operatur
285 2449 434 2484 iniquitatis.
457 2450 484 2476 ln
503 2457 582 2484 quem
602 2451 689 2477 locum
707 2451 866 2478 divus'l'ho-

76 2492 133 2512 mas
155 2485 272 2517 Aquinas
294 2484 334 2511 sic
356 2485 413 2511 ait:
430 2485 502 2512 Sicut
526 2486 612 2512 omnia
631 2487 697 2512 bona
720 2492 867 2513 sanctorum

76 2524 136 2547 onte
147 2519 274 2546 Christum
287 2520 388 2548 ruerunt
407 2519 491 2554 figurat
505 2519 611 2555 Christi,
628 2522 664 2548 sic
677 2522 703 2547 in
719 2522 787 2547 ouini
807 2530 867 2555 per-

76 2554 207 2582 secutione
227 2553 348 2580 Ecclesiae
360 2555 462 2588 tyranni
478 2556 591 2590 suerunt,
605 2556 678 2590 qumi
697 2556 780 2591 fiqura
793 2557 868 2583 Anti·

77 2589 176 2616 christi.
197 2588 284 2615 Graecl
306 2587 377 2615 hune
389 2587 463 2615 Pauli
485 2589 575 2617 locum
593 2590 628 2618 de
645 2591 751 2619 Nerone
765 2591 865 2619 dietum

77 2624 221 2658 accipiunt,
239 2623 265 2650 in
279 2629 330 2657 que
348 2623 481 2650 sententia
495 2625 574 2651 etium
592 2625 669 2652 divus
684 2627 811 2654 Ambros.
823 2630 867 2654 est

77 2660 104 2688 in
122 2659 192 2687 hunc
213 2659 312 2686 locum.
329 2657 435 2685 bonu.

113 2694 141 2722 5.
158 2694 226 2722 Num
239 2700 302 2720 vera
317 2692 404 2719 lutura
419 2693 474 2720 sint
485 2692 614 2722 miracula
627 2702 660 2722 ac
670 2695 792 2731 prodigia
807 2697 863 2724 Αιι-

77 2729 208 2793 ξίδιιῖἰὲιί,
223 2727 286 2757 vide
298 2726 451 2762 Augustin„
465 2727 511 2756 lib.
527 2735 562 2756 xx
575 2728 610 2756 de
621 2729 700 2757 Civit.
724 2730 784 2764 Dei,
802 2738 861 2768 cop.

115 2784 124 2792 .
177 2771 248 2792 Atu-

90 2799 95 2805 '
115 2798 186 2827 leid.
197 2798 295 2827 Durius
301 2797 405 2826 betium.
414 2797 500 2831 Quam
511 2801 588 2826 ntrox
599 2798 756 2828 Antlchrlntt
764 2799 863 2830 henum

54 2872 58 2875 η
75 2833 198 2863 ¹tutorum
219 2834 256 2862 stt
273 2837 348 2869 patet
366 2840 399 2861 ex
412 2832 469 2870 ⁴illo
481 2832 546 2862 bah
559 2839 624 2863 xtv=
640 2834 692 2863 Hie
712 2834 798 2870 Ιιοηιο.
820 2837 865 2871 oui

19 2975 21 2996 2
45 2886 64 3016 Ξ

919 913 1006 939 virum
1023 914 1171 947 perfectum
1183 935 1190 947 ‚
1216 915 1242 941 in
1266 921 1420 941 mensuram
1441 914 1528 941 aetatis
1543 913 1717 949 plenitudinis

920 960 1018 988 Christi
1035 962 1121 988 sutura
1143 966 1184 989 est
1205 961 1314 997 (Ephes.
1331 969 1372 994 tv,
1388 962 1433 996 15)
1447 970 1454 994 ;
1474 963 1501 989 in
1521 967 1599 988 aetate
1614 960 1718 987 scilicet

920 1006 1077 1041 juventutis.
1100 1015 1160 1042 quae
1183 1007 1303 1042 prosectu
1319 1015 1371 1034 non
1390 1007 1503 1042 indiget,
1521 1012 1548 1034 et
1559 1007 1661 1041 absque
1676 1007 1717 1033 in-

920 1054 1066 1081 clinatione
1076 1054 1195 1081 detectus
1207 1055 1233 1081 in
1246 1055 1409 1089 perfectione
1420 1062 1454 1081 ex
1470 1059 1583 1089 utraque
1599 1059 1675 1089 parte
1691 1057 1718 1080 et

923 1099 1000 1134 plena
1015 1103 1066 1132 est,
1081 1106 1108 1127 et
1123 1100 1242 1126 robusta.

958 1146 984 1172 5.
1007 1145 1134 1178 Quamvis
1158 1153 1228 1172 nunc
1253 1145 1369 1172 liliorum
1395 1145 1443 1173 Dei
1464 1145 1573 1172 nomine
1595 1144 1718 1172 homines

922 1194 1014 1221 fideles
1030 1197 1157 1220 vocentur
1172 1192 1262 1228 (Rom.
1285 1200 1341 1224 vm,
1359 1192 1419 1227 Η),
1443 1197 1531 1218 tamen
1553 1199 1586 1218 ex
1600 1198 1633 1217 eo
1645 1190 1718 1225 quod

922 1240 991 1266 hanc
1002 1240 1159 1266 servitutem
1182 1238 1363 1272 corruptionis
1387 1237 1524 1270 patiuntur
1544 1236 1631 1263 adhue
1653 1237 1718 1271 iugo

922 1285 1058 1312 servitutis
1069 1285 1179 1317 addicti,
1195 1289 1257 1310 sunt
1272 1282 1408 1317 accepturi
1422 1282 1528 1316 plenam
1542 1281 1655 1310 liliorum
1669 1282 1718 1309 Dei

921 1331 1083 1363 libertatem,
1102 1330 1170 1357 Dum
1188 1329 1350 1363 corruptibile
1361 1328 1410 1354 hoc
1419 1328 1532 1354 induerit
1548 1328 1719 1363 incorruptio-

921 1375 1015 1409 nem(1
1034 1375 1091 1401 Cor.
1106 1383 1156 1407 xv,
1174 1374 1230 1408 55).

956 1422 982 1448 4.
998 1422 1073 1448 Nunc
1088 1421 1159 1448 Deus
1177 1427 1224 1454 per
1241 1419 1379 1454 speculum
1395 1419 1562 1454 agnoscitur,
1585 1419 1613 1446 in
1628 1419 1717 1447 tuturo

920 1473 1008 1496 autem
1024 1468 1136 1503 quisque
1149 1467 1251 1495 electus
1266 1467 1332 1493 facie
1354 1466 1387 1493 ad
1403 1466 1498 1493 taciem
1514 1465 1719 1500 praesentabitur

920 1515 948 1551 (1
967 1516 1026 1542 Cor.
1051 1523 1109 1547 χιιι,
1132 1515 1176 1550 ¹12)
1190 1536 1196 1547 ‚
1218 1518 1246 1540 ιιι
1260 1515 1344 1548 ipsam
1370 1513 1487 1548 speeiem
1508 1513 1717 1548 contempletur,

883 1567 906 1600 C
922 1571 1000 1599 quam
1016 1569 1087 1589 nunc
1102 1570 1149 1596 per
1160 1561 1297 1596 speculum
1312 1560 1403 1588 videre
1415 1566 1537 1588 conatur.

957 1608 983 1635 5.
1001 1608 1029 1635 lu
1046 1608 1094 1635 hac
1104 1606 1158 1634 vita
1174 1607 1320 1633 electorum
1337 1612 1450 1633 numero
1460 1606 1493 1633 ad
1507 1605 1646 1633 dexteram
1656 1612 1718 1640 per-

921 1654 1079 1685 tinentium,
1105 1658 1132 1680 et
1157 1653 1333 1687 reproborum
1343 1672 1351 1685 ,
1377 1652 1422 1685 qui
1447 1651 1480 1678 ad
1500 1651 1636 1679 sinistram
1655 1652 1718 1679 ituri

922 1706 993 1733 sunt,
1007 1700 1153 1728 Ecclesiam
1168 1699 1214 1726 Dei
1226 1699 1356 1733 compleri
1370 1698 1490 1733 (dicitur)
1501 1707 1508 1731 ;
1521 1699 1547 1726 in
1561 1698 1615 1726 tine
1628 1703 1716 1726 autem

921 1748 1011 1776 saeculi
1025 1747 1094 1775 sicut
1105 1745 1206 1773 zizania
1221 1752 1235 1771 a
1247 1745 1381 1772 frumento
1392 1744 1518 1780 disjungi.

921 1850 1031 1877 concitat
1044 1854 1148 1882 terram,
1162 1852 1300 1875 commovet
1312 1855 1395 1883 reqer,
1406 1848 1450 1883 qui
1464 1846 1534 1883 ponit
1545 1847 1630 1874 orbem
1645 1851 1720 1875 terroe

922 1891 1002 1912 totum
1018 1885 1156 1911 desertum.
1172 1884 1218 1911 Sic
1233 1884 1303 1910 enim
1321 1883 1383 1917 legit
1402 1884 1562 1918 Cyprianus,
1586 1883 1719 1916 interpre-

919 1925 1045 1953 taturque
1069 1920 1102 1945 de
1119 1919 1294 1950 Antichristo,
1320 1919 1366 1945 lib.
1390 1926 1419 1945 nt
1440 1918 1667 1945 Testimoniorum
1684 1919 1719 1946 ad

921 1957 1073 1989 Quirinum.
1101 1954 1210 1987 Vulgata
1233 1954 1321 1980 Editio
1342 1954 1376 1980 ita
1399 1954 1499 1980 habet:
1523 1953 1648 1987 tvunquid
1672 1954 1719 1980 iste

920 1997 956 2017 est
977 1991 1014 2017 vir
1034 1991 1075 2023 qui
1095 1991 1203 2016 turbavit
1230 1994 1335 2021 terram,
1355 1989 1398 2024 qui
1420 1989 1546 2015 concussit
1568 1997 1656 2023 reque,
1676 1989 1719 2022 qui

920 2027 1006 2061 posuit
1018 2026 1102 2051 orbem
1113 2025 1250 2057 desertum,
1262 2029 1284 2051 et
1295 2025 1369 2051 urbes
1384 2024 1440 2055 ejus
1451 2024 1596 2051 destruxit?
1608 2023 1717 2052 Lousia

955 2061 1024 2087 lbid.
1051 2060 1213 2095 Scrupulus‚
1237 2060 1305 2094 quod
1334 2064 1430 2086 tamen.
1461 2059 1555 2086 Melius
1579 2059 1719 2087 videretur

918 2097 1058 2130 scrupulus
1072 2104 1144 2128 quem
1159 2101 1253 2122 tomen.
1271 2095 1355 2122 Annv.

955 2132 981 2158 7.
995 2131 1130 2158 Crudelior
1146 2132 1192 2157 erit
1209 2151 1216 2161 ,
1230 2136 1282 2158 etc.
1298 2130 1353 2164 At,
1369 2130 1496 2157 crudelior
1510 2130 1557 2156 erit
1571 2133 1656 2157 tamen
1671 2131 1717 2158 sub

919 2167 1077 2198 Antichrisli,
1085 2172 1135 2193 etc.
1142 2187 1149 2198 ,
1159 2167 1251 2200 liqatus
1258 2166 1341 2200 [acere
1348 2166 1439 2200 potuit,
1448 2170 1554 2200 quantu,
1564 2171 1615 2192 etc.
1627 2168 1715 2193 Anev.

955 2204 981 2230 9.
996 2203 1033 2229 lta
1045 2203 1071 2229 in
1084 2203 1145 2229 Mss.
1159 2202 1223 2228 etin
1236 2201 1359 2228 Editione
1374 2201 1470 2228 veteri.
1485 2201 1521 2228 De
1536 2205 1657 2234 ternpore
1669 2201 1716 2228 ad-

919 2243 1016 2265 ventus
1031 2237 1189 2265 Antichristi
1211 2237 1271 2263 vide
1288 2236 1357 2270 piam
1379 2244 1411 2263 ac
1432 2236 1591 2271 prudentem
1606 2240 1716 2262 senten-

922 2274 985 2300 tiam
1002 2275 1127 2308 August.,
1145 2273 1193 2300 lib.
1216 2280 1279 2299 xvtu
1295 2272 1328 2298 de
1348 2271 1429 2298 Civit.
1446 2271 1494 2298 Dei
1506 2291 1513 2303 ,
1527 2278 1586 2305 cap.
1612 2270 1662 2303 93,
1687 2275 1716 2298 et

922 2309 1014 2344 Greg..
1030 2316 1111 2335 xxxiv
1127 2308 1233 2340 moral„
1249 2316 1307 2340 cap.
1325 2308 1368 2334 Ιθ.
1385 2306 1494 2334 Lottsrt.

958 2344 1028 2371 Ibid.
1043 2343 1097 2376 At..
1113 2349 1210 2378 quanto
1225 2343 1333 2370 brevius.
1350 2342 1440 2369 Codex
1454 2348 1542 2373 meus,
1557 2340 1624 2367 videt
1636 2349 1664 2368 se
1674 2349 1717 2368 re-

921 2388 1000 2415 ynare
1011 2379 1139 2406 diabolus.
1153 2379 1238 2405 Ansv.

956 2415 1022 2443 Car.
1043 2422 1115 2440 xxvr.
1131 2414 1163 2440 N.
1179 2415 1204 2441 t.
1222 2413 1262 2440 Ex
1281 2412 1406 2447 Gregor..
1423 2411 1469 2438 lib.
1486 2418 1513 2438 tv
1527 2409 1634 2446 Morti„
1651 2419 1713 2448 cap.

919 2450 956 2477 22
967 2456 994 2477 et
1006 2450 1051 2477 25.
1063 2449 1169 2476 boun.

955 2485 983 2511 Ξ.
1001 2485 1125 2517 August..
1139 2484 1184 2510 tib.
1196 2482 1232 2508 22
1243 2482 1277 2510 de
1287 2482 1380 2515 civit„
1391 2489 1451 2516 cap.
1465 2480 1500 2508 tt
1509 2485 1537 2508 et
1548 2481 1591 2509 15.
1603 2482 1715 2512 Louna.

955 2519 1025 2546 Ibid.
1038 2520 1151 2546 sanctus
1164 2517 1328 2551 Augustinus
1343 2517 1416 2544 Pauli
1432 2516 1464 2544 ad
1479 2517 1609 2551 Ephesios
1622 2519 1710 2546 locum

918 2555 1122 2589 interpretatur,
1137 2558 1166 2581 et
1186 2553 1219 2580 de
1241 2558 1319 2580 aetate
1337 2552 1446 2580 disserit
1463 2559 1516 2587 qua
1534 2554 1713 2581 resurrecturi

919 2590 1119 2617 sumus-Aser.

955 2625 981 2652 5.
992 2625 1100 2652 Fideles
1106 2627 1235 2651 vocantur
1245 2623 1292 2650 lllii
1299 2622 1347 2650 Dei
1359 2630 1407 2658 per
1414 2622 1585 2657 adoptionem
1593 2622 1680 2658 Epist.
1690 2623 1710 2651 Ι.

918 2661 1016 2688 Joann.
1038 2667 1076 2687 nt.
1103 2659 1209 2692 Videte,
1228 2658 1330 2691 inquit,
1355 2658 1456 2693 quatem
1477 2658 1626 2686 charitatem
1640 2659 1712 2688 dedit

918 2696 990 2722 nobis
1006 2695 1096 2727 Pater,
1113 2698 1139 2721 ut
1154 2695 1203 2728 filii
1219 2693 1268 2721 Dei
1283 2694 1454 2726 nominemur,
1473 2697 1496 2720 et
1509 2694 1598 2721 simun.
1613 2694 1713 2724 Etuta-

918 2733 964 2758 tim
985 2739 991 2758 :
1009 2729 1035 2757 N
1038 2738 1088 2757 unc
1098 2729 1147 2764 filii
1160 2729 1207 2757 Dei
1220 2736 1307 2757 numus
1321 2729 1382 2764 (per
1395 2727 1509 2772 qratiam
1525 2727 1674 2766 videlicet),
1685 2734 1712 2758 σε

917 2766 1031 2794 nondum
1054 2765 1176 2801 apparuit
1193 2764 1256 2800 quid
1269 2765 1372 2792 erimus.
1390 2764 1494 2792 aarum
1517 2765 1709 2799 quondum

917 2799 1185 2863 opparuaeriti‘gimileu
1196 2800 1220 2828 ci
1233 2800 1339 2834 erimus,
1354 2799 1473 2836 quoi-tam
1483 2798 1625 2834 videbitne·
1637 2808 1708 2836 m,

918 2837 992 2864 sicuti
1007 2839 1052 2863 est.
1107 2842 1176 2864 stu.
