1832 3016
142 159 193 188 403

141 263 225 291 tenuit
238 267 338 297 typum,
355 260 398 294 qui
411 267 444 286 ex
456 258 515 293 cius
530 259 615 293 stirpe
631 263 786 287 nascuntur.

176 309 220 335 tt.
236 306 347 341 iapheth
373 306 495 340 figuravit
516 306 642 340 populum
667 306 794 341 gentium,
809 305 854 340 qui
866 312 925 333 ver-

139 359 210 382 satur
224 353 248 379 in
265 350 387 378 ecclesiis
398 351 587 378 israelitarum.

174 399 217 425 15.
234 397 316 424 cham
337 396 442 423 Judaeos
467 396 609 431 significat,
625 396 670 431 qui
685 396 820 423 Christum
838 396 923 423 incar-

136 447 227 470 natum
238 448 317 478 atque
330 448 462 470 mortuum
474 443 604 470 derident.

173 488 217 516 16.
232 488 365 515 Chanaam
379 510 385 521 ,
411 488 480 515 lilius
496 488 565 523 ejus,
582 489 627 523 qui
654 496 702 523 pro
728 491 809 524 patris
826 490 924 517 delicto

137 534 323 562 maledictione
345 534 486 561 damnatur
518 534 624 568 (Gentes.
651 534 693 569 tx)
704 555 711 567 ,
739 536 923 569 posteritatem

136 579 234 607 indicat
244 579 405 612 ludaeorum,
421 580 463 614 qui
477 579 502 606 in
515 581 637 613 passione
652 581 756 608 Domini
769 581 923 608 damnatio-

136 625 178 652 nis
201 625 360 652 sententiam
384 630 570 659 exceperunt,
599 626 776 654 clamantibus
804 627 922 655 ludaeis:

135 669 247 704 sanquis
262 671 317 703 ejus
329 678 471 704 supernos,
487 675 510 696 et
523 679 601 705 super
613 672 681 705 filios
694 678 800 699 nostros.

173 715 216 741 17.
233 714 347 742 Nemrod
370 715 443 749 gigas
467 715 565 743 diaboli
592 721 683 751 typum
709 719 852 752 expressit,
878 720 922 753 qui

135 760 249 794 superbo
269 761 387 794 appetitu
411 761 515 788 culmen
531 761 626 788 divinae
641 762 806 790 celsitudinis
822 765 925 799 appeti-

134 807 182 839 vit,
195 806 286 833 dicens
303 814 309 832 :
327 806 468 832 Ascendam
483 814 561 840 super
582 807 743 834 altitudinem
764 809 879 841 nubium,
901 815 923 837 et

136 859 178 878 cro
191 851 279 877 similis
296 851 435 877 Altissimo.

173 898 217 924 18.
234 897 330 929 Heber,
344 898 369 924 iu
386 898 460 931 cujus
475 899 554 925 domo
575 900 679 932 propria
700 900 804 935 loquela
817 909 925 929 reman—

136 943 191 975 sit,
213 942 317 969 caeteris
346 942 442 976 linguis
470 945 546 978 121
575 943 684 977 divisis,
718 945 923 980 Redemptor-em

136 993 256 1015 nostrum
270 988 399 1019 insinuat,
414 988 439 1014 in
452 988 528 1022 cujus
543 990 661 1017 Ecclesia
685 992 770 1019 unitas
792 993 851 1020 iidei
865 994 923 1021 sine

136 1035 279 1062 schismate
294 1039 460 1070 perseverat.

134 1124 187 1152 Iste
201 1125 372 1152 consolabitur
386 1132 432 1151 nos
448 1125 478 1150 ah
494 1126 610 1159 operibus
625 1135 747 1155 ”nanuum
771 1134 916 1156 nostrarum

133 1161 159 1187 iu
173 1164 239 1187 terra
254 1161 294 1186 cui
306 1160 435 1186 vnaletlixit
451 1159 586 1188 Dominus.
603 1162 629 1189 ln
643 1164 737 1196 Quibus
753 1170 839 1191 tamen
857 1173 917 1192 ver-

132 1196 174 1222 bis
187 1195 291 1221 suberat
308 1195 444 1229 prophetia
461 1195 493 1221 de
523 1198 636 1224 ecclesia
653 1203 679 1225 et
704 1199 737 1226 de
752 1200 870 1227 Christo.
886 1201 918 1227 ll-

134 1231 178 1256 lud
205 1234 317 1261 constat,
332 1238 346 1256 a
361 1230 461 1263 Spiritu
485 1236 577 1258 sancto
605 1240 652 1266 per
672 1234 778 1261 beatum
796 1234 915 1267 Petrum,

133 1265 217 1299 Epist.
230 1265 248 1296 1,
261 1272 285 1291 c.
304 1273 342 1297 ιιι,
358 1266 424 1291 hanc
438 1264 589 1299 allegoriam
605 1268 735 1302 insignem
749 1275 774 1296 et
789 1270 918 1297 illustrem

133 1307 192 1327 csse
208 1300 312 1327 laetam.
329 1300 411 1327 Sutia.

170 1334 213 1362 15.
229 1335 289 1361 Sem
304 1343 372 1362 vero.
389 1335 488 1364 Genes.
504 1344 542 1368 tx,
554 1337 591 1363 ait
602 1337 656 1364 Noe
670 1346 678 1364 ;
694 1337 843 1371 Benedictus
867 1340 919 1367 Do-

134 1370 216 1396 minus
230 1369 295 1396 Deus
310 1369 379 1397 Sem.
392 1370 491 1402 Quibus
500 1371 588 1398 verbis
602 1377 676 1405 pater
690 1373 744 1399 Noc
761 1374 822 1401 Sem
835 1375 919 1408 pieta-

135 1409 187 1431 tem
205 1405 325 1439 prtedixit
352 1411 460 1441 propter
485 1406 541 1434 veri
567 1406 613 1433 Dei
638 1407 737 1433 cultum
763 1410 833 1442 apud
862 1410 919 1442 ejus

133 1444 255 1474 posteros
269 1447 480 1474 permansurum,
494 1446 523 1468 ut
540 1441 666 1475 praeclare
691 1443 782 1469 scribit
797 1444 921 1471 Theodo-

133 1481 216 1502 rctus.
242 1474 336 1509 Liquet
364 1475 442 1509 igitur
465 1477 520 1504 Noe
540 1476 713 1503 vaticinatum
743 1478 841 1511 suisse;
858 1486 917 1506 nam

134 1511 267 1536 Abraham
291 1514 319 1536 et
334 1512 502 1545 patriar-ciue,
522 1519 552 1538 ac
566 1512 680 1546 denique
704 1512 777 1540 salus
791 1518 818 1540 et
837 1514 918 1541 decus

132 1545 237 1578 generis
266 1545 382 1579 humani,
398 1546 519 1574 Christus
533 1546 610 1574 Jesus
636 1554 670 1574 ex
690 1547 751 1575 Sem
774 1549 825 1576 orti
846 1555 916 1576 suntvv

133 1582 215 1608 Suari.
533 1610 538 1612 ,
582 1609 587 1611 ι

173 1616 212 1641 li.
229 1613 340 1648 Japheth
355 1616 474 1650 figuravit
485 1617 607 1651 poputum
627 1618 752 1651 (lentium.
769 1618 865 1645 Genes.
881 1627 918 1651 tx,

132 1650 198 1677 dixit
213 1649 267 1675 Noc
282 1659 288 1675 :
306 1649 399 1677 Dilatet
420 1651 489 1678 Deus
502 1651 625 1685 lophem,
644 1659 667 1678 et
682 1652 777 1679 habitet
792 1654 817 1679 in
831 1654 916 1680 taber-

132 1684 230 1711 naculis
246 1684 317 1711 Sem.
336 1684 363 1712 ln
377 1687 471 1720 quibus
488 1687 576 1713 verbis
596 1687 733 1714 recondita
748 1692 789 1715 est
811 1690 918 1724 egregia

133 1719 190 1746 lianc
210 1720 345 1753 allegoria.
361 1721 437 1755 Nam,
455 1727 481 1748 ut
501 1721 592 1748 scribit
606 1722 699 1749 beatus
718 1723 894 1758 Hieronymus
909 1733 916 1751 ε

132 1754 170 1780 De
188 1754 249 1781 Sem
265 1754 377 1787 llebroei,
398 1757 428 1782 de
447 1756 558 1791 ,lapheth
574 1757 684 1790 populus
707 1758 817 1792 qentium
832 1759 917 1785 nasci-

132 1794 182 1815 tur.
199 1789 265 1821 Quia
284 1790 362 1824 iyitur
378 1791 429 1817 lata
453 1796 489 1818 est
504 1791 639 1818 multitudo
658 1794 814 1819 credentium
825 1814 831 1826 ‚
849 1803 863 1819 a
878 1794 918 1820 Ια-

133 1824 252 1857 titudine,
267 1832 323 1858 quoe
348 1825 442 1860 Juphet
470 1826 573 1858 (licitur,
592 1835 681 1854 nomen
706 1828 810 1862 accepit.
842 1829 917 1861 Quod

133 1863 217 1885 antem
241 1859 276 1885 ait
293 1867 302 1885 :
317 1859 350 1885 Et
364 1861 455 1887 habitet
478 1861 504 1886 in
527 1861 695 1888 tabernaculis
714 1862 785 1893 Sem,
801 1864 831 1889 de
846 1864 917 1891 uobis

132 1894 310 1928 prophetatur,
325 1895 407 1929 quiin
424 1896 565 1923 eruditione
591 1901 614 1923 ει
638 1898 743 1924 scientia
766 1898 916 1932 Scriptura·

131 1936 206 1961 rum,
232 1930 309 1963 ejecto
338 1930 432 1963 Israel,
460 1939 598 1957 versamur.
615 1931 646 1958 Et
661 1953 667 1963 ,
692 1938 719 1959 ιιι
746 1938 817 1960 recte
833 1933 918 1968 inquit

132 1964 226 1990 beatus
240 1965 404 1998 Augustinus
422 1975 429 1993 :
447 1965 479 1992 In
499 1966 609 1994 ecclesiis
629 1966 724 1994 Christi
744 1968 917 2004 habitatqen-

131 1999 194 2025 tium
215 1999 334 2032 latitudo,
355 2005 378 2026 et
394 2005 480 2036 yentes
496 2001 615 2035 fruuntur
630 2002 661 2028 ils
684 2011 741 2037 quoe
755 2003 854 2031 Judceis
870 2013 917 2038 pa-

130 2038 187 2060 rata
199 2039 287 2067 erant,
314 2039 342 2061 ut
367 2036 393 2062 in
422 2044 447 2062 ix
477 2035 575 2065 cenes.
599 2037 692 2064 scribit
716 2038 796 2066 etiam
823 2039 917 2067 heatus

110 2074 113 2075 ⁷
131 2069 346 2104 chrysostomus.
358 2070 438 2097 Susa.

168 2104 211 2130 15.
223 2104 303 2130 Citam
326 2104 440 2133 Judaeos.
459 2106 539 2140 Hujus
557 2106 607 2133 loci
621 2107 791 2142 allegoriam,
815 2109 841 2136 id
865 2114 915 2143 est,

132 2139 252 2166 altiorem
265 2146 384 2172 sensum,
398 2140 546 2167 luculenter
555 2141 674 2168 declarat
688 2143 780 2170 heatus
793 2144 917 2179 Augusti-

132 2181 182 2234 an
196 2173 426 2235 congr-abFaostum
442 2175 557 2202 Manich.
579 2176 623 2203 lib.
639 2184 686 2210 xit,
698 2182 724 2204 et
736 2186 771 2205 xu
786 2180 819 2206 de
833 2180 915 2209 Civit.

155 2215 190 2238 ci,
204 2215 227 2235 c.
260 2229 266 2234 .
290 2209 362 2236 'uam

168 2243 210 2269 17.
229 2241 342 2269 Nemrod
352 2244 432 2279 qiqas.
448 2245 486 2272 De
496 2245 612 2272 Nemrod
636 2246 746 2280 legimus
758 2245 855 2277 Genes.
877 2258 912 2279 x:

132 2277 201 2304 Ghus
214 2278 299 2312 qenuit
310 2277 436 2307 Nemrod.
453 2279 514 2315 Ipse
534 2281 607 2316 coepit
627 2289 680 2308 esse
695 2286 781 2315 potens
791 2284 819 2310 in
834 2289 910 2318 terra,

131 2317 154 2339 et
179 2317 231 2339 erat
259 2313 374 2340 robustus
395 2320 498 2341 aemulor
522 2324 607 2342 coram
632 2316 752 2349 Domino,
783 2326 829 2351 pro
849 2324 913 2350 ἾῚΞΆ

131 2347 225 2374 Gibbor
240 2356 291 2375 cxx
305 2352 524 2387 verterunt-yiyoec
534 2352 615 2387 qiqas.
632 2351 727 2378 Noster
741 2360 804 2379 vero
828 2354 911 2381 inter-

131 2389 192 2416 pres
217 2387 304 2417 potens
319 2384 406 2416 vertit,
422 2390 448 2412 et
462 2386 540 2419 paulo
565 2390 626 2421 post
649 2386 779 2415 robustus.
796 2387 913 2417 Venator

131 2423 218 2444 autem
244 2418 303 2446 ideo
318 2418 414 2446 dicitur
427 2421 498 2455 quod
524 2427 600 2456 rapto
622 2422 733 2454 viveret,
747 2427 774 2450 et
798 2424 912 2453 crudelis

131 2457 201 2479 esset
215 2456 353 2487 tyrannus.
371 2453 453 2489 Cujus
466 2455 572 2490 imperii
592 2456 695 2483 initium
718 2458 768 2484 l'uit
781 2458 911 2494 Babylon,

131 2494 190 2520 quae
205 2488 342 2524 mundum,
357 2490 401 2525 qui
423 2494 492 2518 totus
506 2491 533 2518 iu
554 2491 669 2526 maligno
696 2493 798 2527 positus
813 2500 865 2528 cst,
877 2495 912 2522 si-

131 2522 246 2563 gnilicat,
262 2524 374 2559 ideoque
393 2525 539 2562 Apoealyp.
556 2535 620 2554 xvm
647 2532 757 2555 vocatur
784 2528 912 2557 habitatio

131 2558 333 2585 tlaemontorum.
348 2558 387 2587 De
396 2560 512 2589 Nemi-od
525 2567 613 2589 autem
628 2562 755 2597 legendus
769 2568 811 2591 est
819 2564 913 2593 beatus

131 2591 337 2627 Chrysostomus
365 2602 391 2622 xi
417 2595 497 2630 Gen.‚
521 2601 548 2623 et
571 2597 666 2625 beatus
683 2598 860 2633 Augustinus,
884 2601 911 2628 iu

131 2633 175 2652 xvi
185 2629 217 2654 de
228 2628 308 2656 Civit.
319 2629 376 2662 Dei,
390 2637 417 2658 c.
432 2629 461 2659 5.
476 2631 559 2659 Susa.

152 2661 211 2702 ,1β.
222 2662 316 2697 Hebes,
331 2664 357 2691 in
369 2666 444 2700 cnjus
466 2666 577 2701 familia.
590 2667 620 2695 in
634 2668 682 2696 lib.
695 2675 746 2696 ma.
767 2674 808 2697 est
826 2670 912 2698 unnim

131 2695 203 2731 fidet,
218 2699 315 2726 rectius
335 2707 415 2734 quam
440 2701 468 2728 in
482 2702 631 2737 impressis,
651 2704 714 2735 tides
737 2705 854 2734 maara.
871 2705 912 2734 Ab

132 2730 219 2758 Heber
235 2738 329 2775 autem·
345 2742 386 2762 ma
405 2734 517 2770 isquam
532 2737 566 2766 ab
579 2739 712 2766 Abraham
733 2738 860 2768 Hebraeos
871 2741 912 2768 di-

133 2768 190 2804 ⁰¹9⁸
203 2772 272 2800 esso,
285 2775 331 2803 qut
349 2769 388 2798 He
406 2777 485 2798 raeatn
500 2772 616 2808 linguam
629 2779 838 2808 conservarunt,
851 2774 911 2803 cxi-

133 2801 224 2834 stuust
235 2801 328 2842 beatus
341 2803 515 2842 Augustinus,
527 2808 557 2837 in
567 2808 627 2836 loeo
636 2810 800 2843 supradicto.
809 2808 842 2838 ‹ln
857 2817 910 2845 quo

197 2865 204 2872 ,
244 2841 340 2865 civitas
351 2837 399 2867 Dei
413 2840 442 2867 in
465 2842 564 2870 sancus
678 2845 750 2873 inan
763 2849 826 2879 est.-
840 2848 870 2873 et
881 2845 909 2873 itt

133 2866 256 2896 omnibus
265 2875 431 2902 sacramento
442 2873 612 2906 adumhnta.
700 2883 791 2910 autent
801 2878 858 2910 ιιὸιι
865 2879 910 2909 'ast

650 156 680 185 S.
701 154 824 185 lSlDORl
842 154 1063 185 RlSPALENSlS
1082 154 1234 184 Episcopi

180 216 315 254 12015.
338 215 399 244 Sem
412 221 477 242 vero
491 213 680 248 prophetarum
697 218 725 241 et
739 213 920 248 apostolorum
935 215 962 243 Α
1012 213 1055 241 19.
1076 211 1271 243 Melchisedech
1294 210 1399 246 (Genes.
1420 211 1489 247 xlv),
1516 212 1562 247 qui
1582 211 1617 240 de
1638 212 1771 244 [ructibus

928 2219 954 2247 D
966 2221 1137 2254 Augustinus,
1151 2221 1195 2248 lib.
1208 2227 1343 2250 xncontra
1355 2223 1664 2257 Faustum,etserm.71.
1675 2224 1759 2254 Susa.

1716 154 1780 188 406¹

978 263 1057 287 terrae
1073 258 1232 286 sacrificium
1258 258 1371 286 Domino
1390 258 1497 292 obtulit,
1520 266 1630 294 regnum
1654 256 1778 297 Christi,

976 305 1022 340 qui
1033 309 1074 332 est
1088 311 1166 332 verus
1186 311 1236 331 rex
1249 303 1372 339 justitiae,
1388 309 1415 332 et
1435 305 1613 333 sacerdotium
1631 306 1770 343 figuravit,

976 352 1052 386 euius
1077 351 1197 386 corporis
1218 355 1245 377 et
1271 351 1407 385 sanguinis
1427 357 1635 385 sacramentum,
1664 353 1691 380 id
1718 358 1768 388 cst,

976 397 1075 424 oblatio
1092 397 1166 431 panis
1181 401 1205 422 et
1223 396 1277 422 vini
1301 395 1327 422 in
1343 399 1398 423 toto
1413 397 1478 424 orbe
1493 401 1624 424 terrarum
1646 397 1768 426 offertur.

1012 442 1057 469 ΞΟ.
1079 442 1211 469 Abraham
1226 441 1274 469 Dei
1286 442 1368 476 patris
1381 443 1495 477 gestavit
1510 448 1612 478 typum,
1627 445 1671 478 qui
1686 444 1767 472 lilium

975 494 1052 514 suum
1074 487 1201 514 dilectum
1217 493 1266 521 pro
1287 486 1378 514 mundi
1393 488 1478 515 salute
1503 489 1613 516 tradidit
1630 489 1770 518 immolan-

975 532 1048 559 dum,

1010 577 1055 604 at.
1076 577 1143 604 Tres
1166 577 1253 611 angeli
1278 577 1310 604 ad
1328 585 1389 605 eum
1404 578 1541 606 venientes
1564 579 1668 615 (Genea.
1693 580 1770 616 xrni)

975 623 1092 650 divinam
1107 623 1271 650 historialem
1286 623 1422 651 insinuant
1435 624 1605 652 Trinitatem.

1010 670 1055 696 ⁴22.
1079 670 1147 696 Duas
1169 674 1257 696 autem
1282 677 1392 702 uxores,
1421 677 1487 704 quas
1516 671 1608 698 habuit
1636 672 1769 700 Abraham
1808 695 1809 700 ,

975 714 1052 749 (Gen.
1069 722 1123 746 xvi,
1141 714 1209 750 xxi),
1233 714 1258 742 id
1283 720 1335 747 est,
1357 715 1480 748 liberam,
1502 717 1579 752 122
1590 721 1617 744 et
1631 709 1770 750 ancillam,
1809 716 1815 717 ’

975 761 1119 794 Apostolus
1147 761 1199 787 duo
1226 768 1286 788 csse
1311 761 1483 788 Testamenta
1503 761 1625 797 designat
1649 762 1769 797 (Galath.

975 806 1024 841 tv).

1011 852 1056 879 23.
1072 851 1145 879 lsaac
1161 856 1188 879 ct
1199 852 1293 879 ismael
1305 852 1373 879 duos
1384 852 1495 887 populos
1506 860 1538 880 ex
1550 857 1663 888 utroque
1678 854 1770 881 Testa-

940 896 965 927 B
978 904 1068 926 mento
1084 898 1260 932 procedentes
1276 899 1437 933 significant.

983 966 986 970 .
1011 943 1056 971 24.
1077 943 1146 970 Pucr
1165 944 1302 971 Abraham
1331 944 1472 978 imaginem
1494 946 1588 978 prisca}
1614 945 1680 980 legis
1701 945 1771 973 desi-

974 994 1048 1026 gnat,
1062 998 1109 1024 per
1120 998 1199 1024 quem
1216 990 1373 1024 prophetice
1387 990 1499 1018 Domino
1510 996 1602 1019 nostro
1617 991 1679 1020 Jesu
1693 991 1770 1020 Chri-

974 1041 1016 1064 sto
1032 1035 1152 1063 Ecclesia
1168 1043 1267 1070 sponsa
1285 1040 1433 1070 praeparata
1449 1040 1499 1063 est.

970 1127 1068 1162 lingum
1081 1134 1136 1154 suae
1153 1127 1300 1153 amissione
1321 1127 1464 1159 multatus,
1484 1126 1556 1162 quod
1571 1134 1668 1160 expers
1690 1127 1770 1156 luerit

973 1162 1094 1190 criminis
1110 1162 1203 1189 turrim
1226 1162 1429 1194 aedificantium,
1453 1170 1512 1196 quae
1527 1162 1561 1190 ab
1574 1167 1673 1190 eventu
1689 1163 1770 1191 Babcl

974 1198 1104 1232 appellata
1116 1202 1170 1229 est,
1189 1197 1257 1224 Gen.
1274 1205 1310 1224 xi.
1323 1197 1405 1225 Susa.

1008 1234 1051 1259 19.
1069 1232 1266 1264 Melchisedech,
1280 1233 1323 1265 qui
1335 1232 1365 1258 de
1378 1232 1514 1267 fructibus.
1530 1232 1558 1259 ln
1572 1233 1618 1260 lib.
1635 1233 1698 1266 imp.
1715 1237 1767 1266 est,

971 1269 1010 1294 vel
1027 1267 1214 1298 sacerdotium,·
1244 1267 1291 1294 sed
1309 1268 1403 1294 melius
1426 1268 1451 1294 in
1470 1275 1520 1295 ms.
1547 1273 1571 1294 et
1585 1269 1766 1302 sacerdotium,

973 1309 1032 1329 cum
1055 1303 1233 1329 sacerdotium
1260 1302 1359 1328 Christi
1384 1307 1411 1329 et
1438 1310 1549 1336 regnum
1576 1303 1767 1336 significaverit

972 1337 1180 1369 Melchisedech,
1196 1337 1229 1364 de
1240 1344 1292 1368 quo
1306 1337 1433 1370 scripturn
1448 1342 1488 1363 est
1501 1337 1567 1364 Gen.
1580 1346 1623 1364 xiv
1638 1347 1645 1365 :
1662 1338 1695 1364 Αι
1707 1347 1766 1365 vero

973 1371 1159 1398 Melchisedech
1179 1379 1224 1397 rea:
1245 1371 1334 1398 Salem
1356 1374 1488 1406 proferens
1517 1381 1608 1407 panem
1630 1378 1655 1399 el
1680 1374 1767 1400 vinum

972 1407 1037 1440 (erat
1050 1407 1116 1432 enim
1132 1407 1250 1432 sacerdos
1263 1406 1310 1432 Dei
1320 1406 1459 1439 altissimi),
1474 1407 1600 1433 henedifcit
1615 1408 1648 1441 ci,
1664 1409 1767 1436 scilicet

972 1441 1083 1468 Abram.
1101 1441 1134 1467 Et
1147 1442 1268 1475 quamvis
1289 1441 1405 1475 ttebraei,
1430 1446 1456 1468 et
1479 1443 1584 1476 quidam
1606 1443 1650 1469 alii
1674 1448 1767 1476 putent

971 1476 1059 1508 aliter,
1082 1477 1165 1502 multo
1188 1481 1275 1502 tamen
1300 1478 1401 1503 rectius
1424 1478 1541 1504 sentiunt
1566 1478 1611 1511 qui
1631 1478 1767 1505 aslirinant

971 1511 1164 1538 Melchisedech
1186 1511 1347 1538 sacrificium
1372 1512 1426 1538 Deo
1455 1520 1503 1546 pro
1538 1512 1651 1539 Abrahxc
1684 1513 1766 1541 nobili

933 1533 956 1565 C
973 1546 1080 1572 victoria
1105 1546 1243 1573 obtulisse.
1267 1550 1349 1576 witin
1369 1546 1449 1578 enim,
1477 1548 1527 1573 hoc
1551 1552 1603 1579 est,
1617 1549 1766 1582 proterens,

973 1581 1013 1608 rel
1029 1580 1154 1614 offerens,
1169 1581 1279 1608 verbum
1302 1586 1354 1613 est,
1377 1582 1446 1615 quod
1475 1587 1618 1615 usurpatur
1642 1590 1714 1617 saepe
1737 1584 1765 1611 in

971 1615 1156 1642 sacrificando.
1182 1616 1272 1650 ltaque
1294 1620 1387 1643 noster
1402 1617 1536 1652 interpres
1561 1617 1672 1650 pulchre
1684 1619 1765 1646 vertit

970 1651 1008 1681 id,
1033 1652 1102 1685 quod
1125 1652 1269 1685 sequitur:
1288 1651 1319 1677 Et
1343 1652 1396 1686 ipse
1421 1653 1539 1679 sacerdos
1562 1652 1609 1679 Dei
1633 1654 1763 1680 altissimi.

970 1685 1035 1712 Erat
1062 1686 1127 1712 enim
1155 1687 1275 1712 sacerdos
1309 1686 1357 1712 Dei
1388 1686 1516 1713 altissimi.
1542 1687 1606 1714 Nam
1626 1691 1704 1722 ‘saepe
1741 1693 1766 1716 et

969 1721 1086 1748 sumitur
1102 1728 1150 1755 pro
1166 1721 1244 1748 enim.
1261 1721 1352 1748 Refert
1367 1726 1454 1748 autem
1467 1722 1560 1749 beatus
1576 1722 1764 1757 Hieronymus,

970 1755 996 1782 in
1013 1755 1090 1790 longa
1103 1761 1130 1782 et
1145 1756 1247 1782 erudita
1261 1756 1339 1790 epi-st.
1349 1757 1432 1789 Quam
1448 1756 1554 1791 scripsit
1568 1757 1690 1791 Evagrio,
1701 1766 1766 1785 con-

968 1795 1081 1818 stantem
1107 1798 1167 1818 esse
1193 1791 1365 1818 Hebraeorum
1392 1792 1544 1825 opinionem
1571 1793 1764 1821 Melchisedech

968 1826 1051 1853 fuisse
1068 1825 1129 1854 Sem
1146 1826 1230 1852 lilium
1253 1826 1319 1853 Noe.
1339 1826 1372 1853 Et
1386 1827 1460 1853 addit
1476 1827 1549 1854 illum
1567 1835 1634 1861 pane
1649 1833 1676 1855 et
1691 1829 1763 1861 vino.

969 1868 1046 1895 puro,
1069 1860 1236 1895 simplicique
1250 1861 1392 1894 sacrificio,
1408 1862 1508 1889 Christi
1520 1862 1659 1890 dedicasse
1673 1870 1764 1891 sacra-

969 1900 1100 1923 mentum.
1127 1896 1280 1923 Nobilitavit
1294 1900 1382 1924 autem
1404 1897 1473 1924 hanc
1490 1898 1644 1932 allegoriam
1657 1898 1763 1933 Apost.‚

970 1930 1053 1958 Hehr.
1069 1932 1096 1963 7,
1112 1935 1139 1958 et
1151 1931 1214 1958 illud
1228 1931 1322 1965 psalm.
1341 1931 1391 1958 109
1405 1941 1411 1958 z
1425 1931 1465 1959 Tu
1479 1940 1504 1959 es
1523 1934 1641 1960 sacerdos
1651 1934 1678 1960 in
1690 1938 1763 1961 oeter-

968 1974 1028 1992 num
1046 1966 1184 1992 secundum
1197 1967 1311 1993 ordinem
1332 1966 1531 1996 Melchisedech.
1552 1967 1634 1996 Sum.

1003 2000 1073 2027 Ibid.
1089 2001 1145 2028 Etsi
1159 2002 1317 2028 retineretur
1333 2002 1371 2028 vel
1395 2003 1566 2029 sacerdotium
1581 2010 1629 2036 pro
1643 2006 1667 2030 et
1679 2011 1763 2031 sacer·

968 2036 1076 2068 dotium,
1089 2036 1174 2063 adhuc
1190 2036 1260 2063 idem
1271 2041 1343 2064 esset
1366 2044 1472 2072 sensus,
1486 2046 1565 2072 quem
1579 2038 1688 2066 Suarius
1705 2043 1763 2067 tue-

967 2075 1026 2098 tur:
1043 2079 1104 2098 nam
1114 2071 1184 2106 apud
1195 2071 1330 2106 ,lsidorum
1355 2076 1382 2100 et
1395 2073 1461 2100 alios
1475 2072 1596 2107 ejusdem
1620 2073 1760 2108 temporis,

967 2111 1046 2140 atque
1055 2107 1136 2133 etiam
1146 2106 1301 2141 superioris,
1316 2114 1387 2142 saepe
1399 2108 1438 2134 vei
1449 2115 1496 2142 pro
1507 2108 1760 2137 etoccurrn.An:v.
1805 2108 1810 2121 ⁹

1002 2150 1047 2178 20.
1058 2151 1185 2177 Abraham
1200 2150 1249 2178 Dei
1260 2152 1339 2186 patris
1352 2153 1456 2188 gestavit
1468 2157 1566 2188 typum.
1579 2154 1762 2182 Similiterex-

968 2186 1058 2219 posuit
1071 2186 1139 2213 hanc
1152 2184 1306 2221 allegoriam
1313 2187 1475 2221 origenesin
1483 2189 1761 2220 xxtiGen.,etbeatus
1807 2192 1809 2195 “

999 2264 1044 2291 at.
1067 2265 1130 2292 Tres
1150 2267 1250 2307 Aenqel't'.
1265 2267 1361 2295 Beatus
1387 2268 1602 2310 Augustinus-in
1630 2277 1712 2297 serm.
1726 2270 1761 2298 de
1804 2278 1807 2283 '

965 2300 1759 2375 ‘reatt‘ttfiii‘ti-tt·firatatf‘aiit‘z„attestati

963 2370 1090 2402 adoravit,
1107 2371 1134 2397 in
1145 2370 1226 2397 tribus
1240 2372 1354 2406 personis
1369 2380 1448 2399 unum
1459 2381 1513 2400 esse
1535 2373 1617 2400 Deum
1630 2375 1757 2409 cognovit.

964 2405 1035 2432 idem
1049 2405 1140 2433 scribit
1153 2405 1246 2432 beatus
1257 2405 1373 2434 Hilarius
1399 2407 1426 2434 in
1442 2415 1468 2434 iv
1481 2412 1508 2434 et
1518 2415 1534 2434 v
1549 2407 1597 2436 lib.
1611 2409 1645 2436 de
1668 2409 1758 2444 Trin.‚

963 2439 1057 2467 beatus
1069 2440 1223 2475 Gregorius,
1237 2441 1264 2468 in
1281 2441 1353 2468 hom.
1371 2442 1415 2469 ¹8.
1430 2442 1515 2470 Susa.

999 2485 1068 2514 Ibid.
1089 2486 1155 2514 Tres
1169 2487 1256 2523 angeli
1269 2488 1302 2515 ab
1323 2488 1475 2516 Abrahamo
1489 2490 1605 2524 hospitio
1620 2492 1753 2526 suscepti,

962 2528 998 2548 an
1011 2525 1066 2548 tres
1079 2528 1208 2556 personas
1229 2523 1404 2551 sanctissimas
1418 2524 1556 2552 Trinitatis
1570 2526 1754 2560 exhibuerint,

962 2563 996 2584 au
1010 2555 1106 2596 Filium
1119 2557 1237 2597 medium
1250 2558 1320 2586 inter
1334 2558 1402 2586 duos
1412 2559 1532 2594 angelos,
1547 2561 1581 2587 a'n
1596 2561 1684 2588 sotum
1701 2565 1756 2590 tres

962 2591 1096 2632 angelicos
1117 2592 1238 2632 spiritus,
1254 2593 1327 2620 varia
1348 2599 1390 2621 est
1417 2594 1592 2635 interpretum
1607 2595 1766 2627 sententia..

961 2626 1052 2654 Adtsrs
1061 2625 1212 2661 Pet-enum,
1227 2631 1255 2656 et
1267 2627 1428 2662 Calmetum,
1445 2638 1470 2657 ιιι
1485 2635 1630 2659 comment.
1642 2633 1731 2659 Αιιιι.

995 2671 1042 2699 22.
1062 2670 1135 2700 Dm
1156 2675 1243 2701 cutm
1264 2681 1366 2702 nores.
1381 2675 1451 2703 Huic
1471 2676 1607 2712 allegoria
1630 2682 1754 2712 magunt

961 2706 1147 2736 saeuit-itatem
1171 2707 1245 2736 dedit
1270 2710 1424 2745 Apostolus.
1436 2711 1480 2746 qui
1501 2712 1547 2740 ubi
1574 2718 1633 2746 sem
1667 2715 1754 2741 estam

960 2742 1139 2776 exposuisset,
1169 2744 1203 2771 de
1229 2743 1334 2786 duabus
1355 2747 1483 2775 uxoribus
1505 2746 1626 2788 ,Hm-m.»
1649 2718 1758 2810 §sirit-

958 2781 1053 2818 sancto
1063 2777 1179 2819 amatus,
1193 2779 1292 2815 adjecit
1303 2780 1348 2809 illa
1362 2789 1488 2823 esseper
1500 2779 1656 2823 angorum
1688 2789 1710 2815 ¹.
1741 2799 1768 2817 α.

958 2811 986 2840 id
1011 2816 1062 2845 est.
1087 2813 1168 2842 alliud
1182 2821 1244 2843 csso
1261 2819 1380 2852 gestum,
1405 2816 1492 2858 ahud*
1567 2851 1569 2853 ,
1610 2786 1770 2860 ..suffic

1130 2884 1137 2890 .
1185 2869 1204 2884 ⁰,
1276 2882 1278 2885 ι
1322 2890 1323 2893 ¹
1375 2883 1388 2888 ,γ
1423 2886 1427 2891 ,
1512 2882 1524 2891 4,
1543 2882 1547 2888 ι
1579 2882 1599 2887 ,.

958 2846 1183 2918 masaa:
1197 2850 1414 2920 ..taam
1553 2852 1756 2933 W*
