1832 3016
700 161 731 192 S·
751 158 875 188 tstnottt
894 156 1115 187 utsPALsNSts
1133 156 1287 186 Episcopi

1805 0 1832 51 ῐ

1763 133 1827 194 aad}

198 226 259 248 nem
281 219 410 254 virginem
432 215 551 247 Christo.
580 215 659 245 Servi
673 223 750 248 vero,
774 214 817 249 qui
832 213 907 240 missi
919 215 981 240 sunt
993 214 1020 243 Α
1035 212 1233 247 corruptionem
1245 233 1254 246 ,
1279 213 1378 241 idcirco
1396 213 1518 248 quinario
1535 219 1646 242 numero
1660 207 1821 248 computati-‘¹

198 273 292 292 vocare
309 264 450 295 invitatos,
469 262 583 297 apostoli
596 266 659 291 sunt
676 266 755 296 atque
770 260 919 295 prophetae,
936 259 980 294 qui

197 310 302 337 ludaeos
326 315 374 342 per
399 308 484 342 legem
509 312 535 336 et
547 307 720 342 Evangelium
735 309 914 337 vocaverunt;
933 305 980 332 sed

198 348 237 381 iili
251 354 328 381 modo
344 353 457 381 terrenis
473 353 661 388 voluptatibus,
677 352 758 379 modo
771 350 859 379 carnis
872 355 899 378 et
914 350 981 385 legis

195 404 277 425 onere
300 398 387 430 pressi
397 419 404 431 ‚
429 398 622 425 solemnitatem
644 397 774 424 adventus
799 396 902 423 Domini
917 403 981 422 con-

197 446 382 476 tempserunt,
400 450 432 470 ex
448 450 500 477 quo
515 450 543 469 se
557 442 681 477 indignos
694 442 915 469 existimaverunt
930 441 981 467 vita

197 489 307 519 aeterna,
320 492 411 520 gentes
427 492 514 514 autem
530 487 654 514 introisse
669 487 881 514 manifestantur.

232 532 294 559 ¹90.
314 533 373 560 Rex
388 534 470 560 iratus
480 553 487 566 ‚
502 533 548 568 qui
559 534 631 560 misit
643 534 777 561 exercitus
791 541 864 566 suos,
879 537 905 559 et
920 539 980 566 per-

197 576 263 603 didit
276 577 458 614 intersectores
471 578 529 605 illos
541 600 548 612 ‚
563 583 590 605 et
600 571 733 606 civitatem
748 578 853 605 illorum
866 576 983 603 incendit

196 620 307 657 (litim),
320 622 390 649 Deus
404 623 484 650 Pater
497 627 553 657 est,
572 624 615 658 qui
639 624 776 651 suscitavit
791 622 981 658 Vespasianum

195 663 326 691 Caesarem
343 665 522 693 Romanorum
535 686 541 698 ‚
557 667 601 700 qui
616 671 642 694 et
657 667 781 701 populum
796 666 882 701 gladio
898 671 983 693 vasta-

195 708 231 735 vit
245 728 253 741 ‚
276 715 301 736 et
324 710 459 737 civitatem
485 711 632 738 Jerusalem
649 711 766 738 funditus
781 719 842 738 cum
854 712 910 738 suis
923 711 982 738 uni—

193 756 278 782 versis
290 758 404 789 evertit,
421 758 456 784 ita
477 763 505 784 ut
519 758 628 784 ulterius
642 758 803 792 belligerare
818 765 871 784 non
888 757 981 790 possit.

234 801 293 828 191.
316 802 400 829 nomo
423 807 511 830 autem
538 810 589 830 non
605 803 706 830 habens
722 808 822 830 vestem
836 802 982 836 nuptialem

197 845 223 873 iu
240 846 361 874 accubitu
373 867 381 880 ‚
409 848 453 882 qui
466 868 474 880 ,
503 849 626 882 loquente
641 856 704 883 rege
716 870 723 882 ‚
739 848 887 881 obmutuit;
904 855 981 882 quem

1031 261 1082 284 tur.

1069 302 1128 330 198.
1151 301 1274 339 Quinque
1288 307 1376 331 autem
1389 303 1507 338 virgines
1521 304 1610 337 fatuae,
1634 308 1695 339 quat
1704 308 1757 337 nou
1769 304 1816 331 litt-

1030 347 1096 375 bent
1118 348 1145 375 in
1170 348 1241 375 vasis
1263 348 1351 376 oleum
1378 347 1483 384 (litim),
1508 348 1559 376 itlae
1574 349 1669 376 animae
1684 353 1747 376 sunt
1759 352 1821 383 qua

1032 391 1131 421 habent
1155 394 1265 429 quidem
1298 394 1477 429 integritatem
1505 401 1648 429 corporum
1662 416 1669 428 ,
1695 393 1743 421 sed
1766 401 1819 422 non

1033 443 1140 465 servant
1157 438 1225 464 intra
1243 438 1434 465 conscientiam
1451 438 1511 465 boni
1524 438 1613 472 operis
1627 437 1818 472 testimonium,

1032 483 1095 510 dum
1107 485 1132 510 in
1149 483 1214 511 facie
1228 483 1375 518 gloriantur
1390 485 1460 518 apud
1475 484 1596 512 homines
1607 506 1613 517 ,
1628 489 1654 512 et
1670 492 1722 512 non
1735 480 1819 513 cord'e

1033 529 1102 562 apud
1128 529 1223 556 Deum.
1245 528 1360 563 ideoque
1372 549 1379 561 ,
1401 529 1460 564 quia
1480 529 1507 556 in
1522 531 1592 557 vasis
1604 534 1742 565 pectorum
1755 537 1820 558 suo-

1032 581 1091 601 rum
1107 573 1203 600 mentis
1218 573 1387 608 splendorem
1402 581 1454 601 non
1467 578 1562 608 gerunt
1572 596 1578 607 ,
1594 575 1752 603 adveniente
1767 575 1822 603 Do·

1034 620 1116 650 mino,
1136 626 1150 645 a
1166 618 1240 652 regni
1253 618 1311 651 ejus
1326 618 1423 653 gaudio
1436 619 1625 647 exeluduntur.

1073 665 1134 692 199.
1157 664 1242 691 Homo
1257 671 1368 699 peregre
1382 665 1563 699 proficiscens,
1575 666 1619 700 qui
1632 666 1738 694 tradidit
1752 666 1822 695 bona

1035 718 1082 737 sua
1096 710 1181 737 servis
1196 710 1250 736 suis
1268 709 1376 744 (thim),
1392 709 1513 737 Christus
1529 716 1585 743 est,
1598 711 1641 745 qni
1657 715 1717 745 post
1731 719 1822 739 resur-

1036 759 1182 785 rectionem
1202 765 1275 784 suam
1291 758 1323 784 ad
1339 758 1421 784 coelos
1435 756 1605 792 regrediens,
1623 759 1731 786 tradidit
1742 767 1822 786 evan-

1034 803 1144 838 gelicam
1159 803 1271 838 gratiam
1297 803 1456 837 evangelicis
1474 804 1682 837 negotiatoribus
1702 804 1823 831 feneran-

1035 849 1107 876 dam.
1131 849 1182 877 Sed
1203 849 1305 883 'primus
1326 857 1420 876 servus
1447 851 1472 876 in
1501 849 1618 884 quinque
1642 850 1748 877 talentis
1770 849 1822 878 sibi

192 892 270 926 jubet
290 894 373 921 servis
398 894 515 921 ablatum
541 894 610 921 mitti
634 895 659 921 in
691 894 814 922 tenebras
838 894 984 921 exteriores
999 885 1022 915 Β
1037 894 1107 921 datis
1123 896 1240 929 quinque
1264 894 1346 922 libros
1363 895 1429 930 legis
1450 896 1563 929 accepit,
1579 895 1649 930 quod
1665 895 1783 923 doctrina
1795 898 1824 923 et

193 936 299 973 (Ibid.),
323 938 369 966 ille
388 940 486 974 estqui
502 941 527 967 in
551 940 602 967 tide
617 940 723 975 quidem
747 948 805 967 cum
823 940 926 967 caeteris
942 947 984 966 re-

193 984 322 1018 quiescit;
343 985 390 1013 sed
412 986 435 1012 si
456 987 576 1014 inventus
592 986 670 1014 suerit
686 987 712 1014 in
726 987 870 1021 diejndicii
882 991 982 1013 vestem

195 1032 285 1059 earnis
298 1032 396 1060 habere
412 1034 539 1068 pollutam
551 1055 558 1067 ,
577 1034 715 1062 confestim
730 1035 838 1069 jubetur
853 1035 885 1061 ab
900 1042 983 1069 ange-

194 1075 227 1104 lis
240 1077 305 1110 tolli.
320 1083 347 1106 et
359 1080 442 1114 mergi
456 1080 482 1107 in
498 1080 645 1114 gehennam
660 1081 726 1116 ignis
742 1081 843 1108 aetcrni.

229 1120 290 1148 192.
307 1122 365 1149 Duo
378 1123 525 1157 debitores,
542 1132 573 1151 ex
590 1125 685 1159 quibus
700 1133 767 1152 unus
783 1125 897 1152 debebat
911 1125 984 1152 sene-

192 1166 277 1193 ratori
300 1167 424 1195 denarios
450 1171 626 1204 quingentos,
660 1175 686 1197 et
709 1171 775 1197 alter
794 1171 983 1205 qninquaginta

193 1210 269 1247 (Luc.
288 1212 356 1246 vu),
380 1214 530 1249 significant
554 1221 694 1250 utrumque
718 1216 856 1251 populum,
878 1216 982 1243 Judaeo-

194 1262 268 1289 rum,
285 1257 386 1284 scilicet
399 1278 406 1290 ‚
433 1263 460 1286 et
475 1261 609 1293 gentium,
631 1269 662 1286 ex
678 1261 773 1295 quibus
788 1261 831 1288 ille
847 1261 891 1295 qui
907 1261 983 1294 quin-

193 1303 319 1338 quaginta
335 1304 459 1331 denarios
484 1305 574 1332 debuit
590 1305 742 1332 Judaeorum
760 1311 849 1341 typum
867 1306 981 1339 habuit3

193 1349 238 1376 ille
249 1357 312 1377 vero
325 1350 370 1384 qui
386 1350 464 1386 144
478 1352 636 1385 quingentos
651 1372 658 1383 .
675 1352 793 1385 gentium
810 1353 918 1386 liguram
932 1360 981 1378 ex-

194 1394 300 1428 pressit,
317 1395 360 1429 qui
377 1395 410 1422 ab
424 1395 498 1422 initio
513 1396 602 1422 mnndi
614 1396 718 1423 debitor
733 1404 838 1431 semper
853 1397 980 1430 existens,

192 1438 396 1475 chirographum
423 1442 522 1475 peccati
548 1449 593 1474 per
617 1441 799 1476 poenitentiam
817 1450 868 1468 non
888 1442 977 1468 solvit.

192 1483 362 1512 Adveniente
379 1485 468 1520 itaque
494 1486 612 1520 Christo,
631 1487 737 1513 tandem
755 1487 884 1520 credidit,
903 1492 980 1520 atque

192 1531 345 1559 uberiorem
360 1525 552 1560 misericordiae
569 1533 682 1560 fructum
698 1534 802 1568 accepit
813 1554 819 1565 ,
834 1533 903 1560 untle
919 1533 978 1568 quia

192 1575 250 1610 plus
271 1576 308 1603 illi
330 1584 487 1605 eoncessum
504 1583 544 1605 est
569 1586 583 1605 a
606 1578 732 1611 Christo,
757 1579 871 1612 amplius
894 1578 980 1613 diligit
996 1570 1019 1600 C

191 1621 342 1656 Christum,
365 1624 435 1650 sicut
462 1625 589 1658 scriptum
616 1629 672 1651 est:
697 1623 744 1651 Cui
759 1625 817 1659 plus
831 1625 977 1657 dimittitur,

191 1668 247 1703 ptus
263 1669 358 1704 diliqit.

227 1712 288 1742 193.
310 1715 417 1749 Septem
439 1723 502 1742 vero
526 1716 621 1742 iratres
635 1717 679 1750 qui
699 1717 743 1743 uni
764 1716 871 1743 mulieri
885 1723 980 1750 nupse-

189 1766 262 1793 runt,
276 1766 302 1788 et
315 1761 374 1789 sine
394 1761 455 1788 liliis
479 1763 575 1789 mortui
592 1767 654 1789 sunt
668 1762 766 1796 (Mare.
782 1762 842 1796 xit),
859 1763 979 1790 homines

193 1806 316 1834 infideles
330 1806 524 1841 intelliguntur,
537 1807 580 1841 qui
593 1815 639 1842 per
655 1812 756 1842 septem
772 1807 862 1834 mundi
876 1812 977 1842 aetates,

195 1852 222 1879 in
235 1851 284 1879 hac
308 1857 377 1880 terra
401 1858 482 1880 totam
506 1854 586 1880 vitam
608 1859 682 1880 snam
697 1855 756 1881 sine
771 1852 856 1880 fructu
869 1853 980 1888 justitiae

194 1902 428 1931 consumpserunt.

230 1942 292 1970 ¹94.
314 1943 370 1970 Duo
383 1943 410 1970 in
426 1943 496 1970 lecto
518 1943 624 1978 (ΜαιιΙι.
638 1944 713 1979 xxiv)
733 1944 794 1972 illos
808 1945 922 1979 figurant
935 1944 980 1979 qui

191 1988 288 2015 remoti
300 1995 315 2015 a
328 1989 412 2016 turbis
427 1989 454 2016 in
468 1989 522 2017 otio
537 1989 733 2024 quodammodo
748 1991 809 2017 vitae
829 1998 924 2018 vacare
940 1991 980 2018 vi-

190 2033 296 2062 dentur.

227 2078 288 2106 ¹95.
308 2078 371 2106 Duae
395 2080 524 2107 molentes
549 2079 641 2115 (leid.)
667 2081 703 2108 illi
730 2081 915 2116 intelliguntur
935 2083 979 2117 qui

194 2124 308 2158 negotiis
323 2126 508 2158 temporalium
520 2134 609 2153 rerum
625 2126 859 2155 circumferuntur.

228 2167 290 2196 ¹96.
309 2169 368 2197 Duo
380 2171 406 2197 in
420 2178 483 2205 agro
499 2171 611 2206 (Ilum),
626 2172 663 2199 illi
678 2178 740 2200 snut
755 2174 799 2208 qui
817 2175 842 2201 in
856 2175 980 2203 ministe-

193 2213 233 2240 rio
247 2212 384 2247 Ecclesiae,
398 2220 523 2250 tanquam
539 2217 565 2244 in
587 2225 652 2251 agro
663 2218 807 2252 dominico,
824 2226 978 2255 operantur,

1037 949 1119 975 opere
1133 942 1225 968 decem
1243 946 1436 976 prtcceptorum
1456 940 1634 976 amplificavit.

1073 987 1135 1013 200.
1158 987 1233 1013 Alius
1258 987 1361 1013 duobus
1389 986 1494 1013 talentis
1517 986 1569 1013 duo
1583 986 1753 1014 Testamenta
1767 994 1824 1021 pro-

1035 1034 1143 1066 meruit,
1165 1040 1248 1067 eaqne
1276 1031 1353 1066 145
1377 1032 1471 1058 morali
1496 1039 1527 1059 ac
1547 1032 1660 1067 mystico
1684 1039 1764 1060 sensu
1780 1034 1823 1067 pie

1035 1079 1216 1114 dispensando
1232 1078 1387 1112 duplicavit.

1071 1126 1136 1153 201.
1157 1125 1276 1158 Tertius,
1290 1124 1340 1151 sub
1356 1124 1439 1158 ligura
1461 1131 1538 1151 umus
1553 1124 1656 1157 talenti,
1670 1125 1761 1158 gratiae
1775 1125 1823 1152 do-

1036 1180 1098 1199 num
1114 1176 1253 1205 acceptum
1278 1171 1305 1197 in
1328 1170 1440 1197 terrenis
1464 1170 1644 1204 voluptatibus
1659 1171 1821 1206 obscuravit,

1035 1217 1149 1251 ideoque
1165 1217 1298 1251 projectus
1309 1220 1351 1242 est
1369 1215 1394 1242 in
1412 1215 1555 1247 infernum,
1569 1216 1630 1250 quia
1645 1216 1746 1244 nullum
1761 1217 1822 1245 inde

1035 1266 1159 1296 operatus
1174 1266 1213 1288 est
1229 1261 1351 1288 fructum.

1070 1307 1132 1334 202.
1154 1306 1204 1333 Alii
1223 1306 1248 1332 in
1266 1306 1351 1339 primo
1361 1313 1439 1332 servo
1449 1313 1542 1333 sensus
1557 1306 1644 1333 cordis
1661 1311 1688 1335 et
1702 1307 1822 1342 corporis

1036 1356 1172 1385 acceptos,
1187 1352 1212 1377 in
1226 1351 1343 1377 secundo
1359 1351 1559 1386 intelligentiam
1573 1356 1687 1387 etopus,
1703 1352 1729 1380 in
1745 1353 1822 1381 tertio

1034 1401 1164 1428 rationem
1182 1399 1382 1426 intellexerunt.

1070 1446 1131 1472 ⁵205.
1153 1446 1263 1472 Juvenis
1279 1445 1346 1472 iilius
1360 1446 1445 1472 viduae
1459 1454 1536 1481 quem
1549 1447 1676 1474 Dominus
1688 1452 1821 1475 mortuum

1030 1495 1106 1517 extra
1132 1495 1220 1523 portas
1247 1489 1320 1516 urbis
1345 1491 1484 1517 suscitavit
1507 1491 1584 1523 (Luc.
1611 1491 1672 1525 vn),
1693 1491 1823 1525 significat

1033 1543 1093 1562 eum
1106 1535 1151 1569 qui
1169 1536 1254 1569 palam
1275 1535 1412 1569 quodlibet
1427 1535 1592 1563 mortiferum
1607 1536 1709 1563 crimen
1722 1535 1820 1564 admit-

1035 1581 1080 1612 tit;
1095 1581 1192 1615 quique
1218 1589 1406 1615 nonnunquam
1431 1581 1521 1608 andito
1544 1582 1625 1609 verbo
1645 1582 1690 1609 Dei
1704 1590 1718 1608 u
1733 1586 1820 1610 morte

1032 1627 1133 1661 peccati
1149 1627 1277 1660 resurgit,
1305 1631 1332 1653 et
1356 1634 1402 1660 per
1421 1627 1603 1660 poenitentiam
1618 1626 1716 1654 Christi
1729 1627 1819 1654 vivere

1032 1671 1141 1705 incipit;
1168 1671 1341 1706 redditurque
1362 1672 1447 1698 viduae
1469 1673 1548 1699 matri
1573 1679 1627 1699 suae
1640 1691 1648 1704 ‚
1665 1672 1690 1699 id
1704 1676 1754 1705 est,
1769 1672 1820 1699 Ee·

1030 1717 1130 1745 clesiae.

1066 1763 1129 1790 204.
1150 1764 1235 1791 Homo
1258 1763 1303 1798 qni
1328 1763 1507 1790 descendebat
1531 1770 1545 1789 a
1569 1763 1715 1790 Jerusalem
1735 1763 1762 1789 in
1776 1762 1820 1789 Je-

1031 1809 1115 1842 richo,
1134 1814 1160 1836 ct
1185 1809 1277 1836 incidit
1302 1809 1327 1835 in
1346 1809 1462 1836 latrones
1478 1808 1552 1842 (Luc.
1569 1808 1606 1843 x),
1619 1810 1675 1842 ipse
1687 1808 1772 1836 Adam
1787 1808 1819 1835 n-

1031 1860 1142 1891 guratur
1163 1856 1188 1882 in
1211 1862 1309 1890 genere
1330 1862 1396 1886 suo,
1412 1855 1531 1889 quidum
1548 1854 1684 1882 descendit
1698 1855 1732 1882 de
1744 1862 1820 1888 para-

1035 1902 1093 1929 diso
1114 1901 1217 1928 coelesti
1231 1899 1414 1933 inmundum,
1433 1900 1525 1928 incidit
1539 1900 1566 1928 in
1577 1900 1684 1935 angelos
1699 1899 1820 1928 tenebra-

1031 1955 1100 1975 rum.

1066 1992 1130 2020 205.
1150 1992 1337 2020 Samaritanus
1361 1991 1545 2025 descendens,
1571 1992 1616 2026 qui
1640 1990 1748 2018 vulnera
1763 1990 1820 2026 ejus

1032 2038 1135 2066 curavit
1160 2037 1267 2074 (ibim),
1293 2037 1413 2064 Christus
1434 2041 1475 2064 est
1499 2041 1591 2064 custos
1615 2040 1717 2071 noster,
1731 2036 1821 2071 quide

1032 2083 1101 2111 coelo
1125 2083 1285 2115 descendit,
1307 2087 1333 2109 et
1356 2089 1439 2117 genus
1464 2082 1607 2109 humanum
1631 2090 1647 2109 a
1665 2082 1820 2110 vulneribus

1034 2134 1203 2164 peccatorum
1216 2129 1329 2156 curavit.

1068 2176 1132 2203 206.
1152 2174 1318 2202 stabularius
1343 2173 1438 2209 (lirici.)
1462 2173 1574 2208 apostoli
1597 2176 1677 2206 sunt,
1692 2172 1734 2200 vel
1755 2180 1815 2201 suc-

1034 2229 1158 2249 cessores
1183 2228 1274 2248 corum
1291 2219 1335 2254 qui
1356 2219 1537 2246 infirmitatem
1562 2222 1679 2245 nostram
1694 2218 1822 2252 praedica-

193 2258 348 2292 exquibus,
365 2259 523 2288 adveniente
538 2266 631 2294 nocte,
649 2262 674 2288 id
688 2268 739 2295 est,
757 2265 846 2290 saeculi
862 2265 980 2294 adversi·
993 2260 1020 2291 D
1036 2267 1108 2295 tione
1122 2266 1274 2300 evangelica
1290 2268 1421 2292 recreant.

194 2307 258 2335 tate,
273 2303 379 2338 quidam
404 2311 561 2339 permanent
581 2306 607 2333 in
633 2307 684 2334 nde
696 2327 704 2340 ,
721 2312 748 2335 et
766 2316 936 2337 assumuntur
947 2310 980 2338 ad

194 2348 285 2381 vitam,
297 2349 404 2384 quidam
415 2350 566 2385 discedunt,
579 2357 605 2379 et
616 2352 801 2387 relinquuntur
817 2355 848 2381 ad
862 2364 978 2388 poenam.

231 2389 296 2421 197.¹
313 2395 436 2430 Quinque
449 2397 565 2431 virgines
577 2399 710 2431 sapientes
722 2398 829 2433 (Manu.
843 2402 906 2436 xxv)
923 2409 981 2429 om-

195 2447 242 2467 nes
256 2441 352 2469 animae
376 2448 475 2471 sanctae
498 2444 690 2479 intelliguntur,
714 2453 772 2480 quae
795 2447 918 2481 quonian·
935 2455 981 2482 per

194 2486 311 2521 quinquo
331 2490 426 2516 sursus
445 2490 569 2524 corporis
598 2490 696 2517 nuttam
722 2491 864 2519 admitttmt
891 2493 981 2521 cordis

228 2566 293 2594 200.
313 2565 341 2594 ln
356 2570 429 2595 textu
451 2567 543 2596 Grialii
557 2568 615 2597 erat
628 2577 658 2597 ea
669 2572 726 2606 quoe
735 2578 783 2606 pro
795 2579 826 2599 'ea
859 2581 873 2600 e
906 2572 938 2601 m
953 2573 980 2601 in

194 2601 255 2643 aliis
269 2601 471 2643 quoquetdiiis
483 2604 556 2644 recte
570 2603 681 2639 apparet
691 2580 861 2641 impresserint,
873 2594 900 2636 e't
909 2603 981 2643 apud

195 2632 463 2699 Gralgunkriiendum
484 2634 588 2677 wdetun·
602 2640 756 2681 irrepsisse.⁴
770 2635 854 2683 hesy.
921 2676 923 2679 Ι
939 2676 941 2680 ,

196 2704 268 2738 „a
284 2671 981 2749 aa·artearte-:tta,aasentias

198 2740 304 2769 modum
359 2745 413 2769 etat
422 2743 582 2784 praesentem
593 2743 758 2780 alteguflan'i.
770 2744 856 2787 suan.
868 2752 870 2754 ·

230 2772 295 2803 2⁰1.
343 2780 401 2804 omo
413 2782 456 2812 qm
475 2778 650 2808 descendebat.
669 2777 882 2815 '‘erinon-adnm
965 2796 980 2804 -

171 2822 181 2831 ·
199 2808 266 2836 stom
277 2829 286 2842 ,
309 2810 340 2850 ut
361 2816 438 2852 error
449 2808 561 2851 vitetur.
577 2812 725 2843 Jerusalem
739 2778 980 2887 tet'vitttsffin

199 2843 318 2872 emtum
330 2844 501 2880 nntetngenttli
519 2853 578 2882 est.
591 2854 609 2877 a
618 2848 696 2886 eujus
707 2849 836 2879 banstae·
877 2848 883 2860 ⁴
946 2857 980 2880 u·

1072 2312 1135 2339 207.
1155 2310 1277 2342 Martha,
1291 2317 1350 2344 quae
1373 2308 1480 2342 excepit
1499 2307 1634 2335 Christum
1664 2308 1689 2334 in
1713 2307 1822 2335 domum

1035 2367 1124 2393 suam,
1134 2362 1162 2385 et
1176 2358 1201 2384 in
1215 2358 1265 2384 bac
1277 2355 1446 2383 ministrabat
1459 2354 1570 2389 (thim),
1586 2354 1717 2389 significat
1732 2355 1824 2382 Eccle-

1035 2406 1114 2437 siam.
1127 2405 1154 2431 in
1167 2404 1216 2431 hae
1227 2402 1278 2430 vita
1302 2401 1439 2429 Christum
1460 2401 1487 2428 in
1498 2400 1580 2428 corde
1595 2400 1780 2435 excipientem,
1795 2403 1824 2428 et

1035 2451 1061 2477 in
1074 2458 1154 2484 opere
1164 2448 1274 2484 justinae
1285 2447 1461 2474 laborantem.

1072 2495 1133 2522 208.
1155 2494 1246 2527 Marini,
1264 2499 1344 2520 mnt-
1363 2491 1439 2527 offis,
1452 2498 1512 2526 qun
1524 2490 1638 2518 sedebat
1653 2489 1823 2526 secuspedes

1033 2580 1074 2604 est
1085 2576 1168 2603 Adam
1177 2598 1185 2611 ,
1198 2573 1282 2604 unse‘i·
1294 2573 1378 2602 ramus
1393 2574 1440 2608 per
1453 2574 1602 2607 peceatum.
1621 2571 1765 2600 nmen
1773 2575 1824 2600 su-

1037 2616 1088 2639 tem
1107 2611 1132 2638 in
1145 2608 1263 2644 lerielro,
1288 2607 1317 2637 tu
1333 2606 1385 2641 est,
1405 2610 1430 2635 in
1451 2608 1602 2646 mundum,
1619 2607 1716 2643 inuno
1729 2607 1831 2643 mnne,

1035 2651 1092 2674 orta
1105 2647 1248 2679 occidunt.
1273 2645 1342 2673 sicut
1357 2645 1415 2671 luna
1429 2663 1437 2676 ,
1462 2650 1540 2678 qnam
1617 2639 1689 2673 diem
1697 2642 1832 2673 mor„

1034 2678 1226 2744 &milhm’
1295 2676 1646 2744 AE'ffiilssmam
1693 2675 1765 2739 ’θ’
1779 2677 1796 2704 ‘¹

1034 2750 1127 2793 mortis
1138 2746 1274 2780 miserffln
1286 2747 1318 2791 *lg*
1326 2748 1460 2790 'piissimas
1474 2744 1711 2810 Q*

1051 2781 1344 2856 esa„
1353 2783 1452 2865 aa„
1471 2859 1475 2863 ,

1520 2851 1557 2867 πί·
1581 2855 1591 2866 a
1625 2855 1640 2868 u
1675 2855 1678 2867 2
1731 2829 1806 2878 ,τ’Ἰι,

1511 2892 1568 2903 .,-.i‚
1606 2890 1658 2906 vu.

1275 2888 1424 2907 ..ΛΜΝ
1463 2899 1467 2904 .
1645 2889 1798 2911 ι,ῑ·ὐ;ὶ«1ἰ
