1832 3016
27 135 125 173 ὗίὶθῧ
299 132 446 163 aprime.
467 131 515 159 ¹1.
534 145 571 153 ·-
584 128 794 159 'riss'rtttoNJA
812 127 942 157 ntvtNAE
957 126 1172 160 scfltP'ruttAE,
1190 126 1235 155 m·
1255 126 1404 154 PATntJtt.
1606 127 1677 158 ¹20ss

30 207 33 215 v
55 190 253 224 corisummabis
274 196 390 217 messem
408 187 466 223 agri
489 187 527 213 iui
553 189 714 226 permetere.
737 189 764 226 et
782 192 842 221 quae
856 186 884 217 Α

505 222 510 228 ,
1088 184 1154 213 Car.
1170 183 1247 212 X.—
1258 184 1295 212 De
1310 186 1482 221 eleemosynis.

0 240 6 260 ,·
55 229 153 260 eadent
170 233 203 254 ex
219 231 310 252 inesse
322 227 367 251 tua
383 230 435 250 non
451 221 572 255 colliges,
587 228 674 255 neque
693 228 720 247 in
736 228 842 248 vineam

44 269 130 294 'titani
142 269 177 290 ex
189 259 304 288 racemis
333 265 398 287 rana
410 257 560 285 decidentia
575 256 700 289 colliges,
716 255 763 282 sed
780 263 846 289 pau-

55 298 164 337 peribus
183 300 211 324 et
227 301 322 332 peregr
334 294 375 321 nis
388 292 525 327 relinques
540 299 582 318 ea.
603 291 670 324 Quia
691 297 740 325 ego
756 291 847 318 Domi-

3 358 8 362 ,
56 338 108 363 rius
122 332 195 360 Deus
214 334 313 358 vester.
337 328 371 355 In
385 327 538 354 Proverbiis.
562 326 614 359 Qui
637 326 744 353 obturat
768 333 847 354 aures

56 376 131 402 suas,
148 372 178 395 ut
195 373 250 394 non
263 365 354 392 audiat
368 363 502 390 intirmum
512 383 519 394 ,
534 366 560 389 et
575 362 632 396 ipse
646 361 780 389 invocabit
793 361 847 387 Do-

0 419 6 421 -
19 417 23 421 ’
57 405 171 436 minum,
187 406 214 429 et
226 409 278 429 non
296 399 347 427 erit
359 398 405 433 qui
419 398 545 425 exaudiat
559 404 632 423 eum.
657 395 690 422 1rt
705 395 765 423 Iob.
790 395 848 423 Non

58 442 160 468 avertat
181 437 302 471 voluptas
325 434 421 461 animae
441 438 494 460 tuat
517 432 642 467 precibus
663 430 843 462 infirmorum,

42 485 47 515 s
58 482 119 504 cum
132 473 160 501 in
173 471 333 501 necessitate
345 469 453 497 fuerint.

164 529 229 556 Cn.
248 527 302 554 vti.
313 539 349 547 ·--
359 525 386 552 N
389 533 421 552 oti
433 523 617 551 ambulandum
629 523 656 548 in
671 524 740 547 oto-o.

94 577 121 603 i.
137 575 148 601 1
154 583 169 602 ιι
185 571 351 601 Ecclesiaste.
371 570 415 597 Vae
427 569 527 603 duplici
549 568 641 599 corde,
656 572 683 594 et
703 567 782 593 labiis
794 573 852 593 sce-

34 612 46 620 “’
60 611 143 644 lestis,
166 614 193 637 et
215 609 347 643 peccatori
369 605 527 639 ingredienti
544 604 611 631 duas
624 603 689 629 vias.
704 601 770 628 Item
786 602 851 629 illic.

60 647 115 674 Cor
129 645 280 679 ingrediens
293 643 360 670 duas
373 641 431 668 vias
447 647 499 667 non
515 638 624 666 habebit
643 645 809 669 successum,
826 642 855 664 et

61 680 244 717 pravicordius
266 678 327 712 (sic)
354 677 380 704 in
401 676 455 703 illis
479 674 717 702 scandalizabitur.
745 672 796 705 Qui
826 673 853 698 in

61 717 116 744 altu
132 715 212 743 mittit
234 714 358 748 lapidem,
375 712 402 739 in
426 711 486 745 ipso
501 710 590 741 cadit;
615 713 642 736 et
667 709 741 742 plaga
767 708 855 734 dolosi

30 757 35 760 ”
58 751 153 780 dividit
164 751 290 782 vuliiera;
305 753 331 775 et
351 747 395 781 qui
416 747 484 774 rodit
498 745 612 777 foveam,
629 744 657 771 in
679 743 751 770 illam
763 743 853 774 cadit;

59 787 143 821 etqui
163 785 257 813 statuit
280 786 402 818 laqueum
419 780 542 815 proximo
557 787 617 811 suo,
634 779 717 812 periet
739 778 766 804 iii
794 778 852 810 illo,

61 822 170 849 facienti
196 818 388 854 nequissimum
419 823 499 850 super
525 816 612 849 ipsum
638 813 801 844 devolvitur,
827 819 854 840 ei

933 235 959 259 ¹.
973 231 1008 259 In
1017 230 1172 259 Proverbiis.
1189 230 1227 259 Ne
1239 231 1311 259 dicas
1324 233 1431 266 pauperi
1443 241 1450 259 :
1465 231 1548 266 Vade,
1560 238 1588 260 ot
1603 239 1673 267 veni,

898 274 957 295 cras
972 267 1053 300 dabo,
1067 274 1128 294 cum
1144 266 1229 300 possis
1250 267 1339 294 statim
1354 267 1523 299 benefacere,
1541 275 1594 295 non
1606 268 1678 296 enim

898 303 952 329 scis
966 302 1028 336 quid
1043 302 1179 336 contingat
1192 302 1312 336 sequenti
1327 302 1381 328 die.
1407 302 1472 329 Item
1483 303 1547 330 iilic.
1562 303 1612 337 Qui
1628 304 1679 331 mi-

899 343 1004 364 seretur
1031 339 1140 371 pauperi
1167 337 1260 364 beatus
1285 341 1343 368 est:
1369 337 1538 372 eleemosyna
1565 343 1593 366 et
1614 338 1680 366 tides

901 371 1012 411 mundat
1035 376 1160 405 peccata;
1175 372 1220 406 qui
1244 376 1334 399 autem
1360 372 1514 404 miseretur,
1530 373 1681 401 misericor<

901 405 971 432 diam
993 407 1175 439 consequitur.
1207 406 1258 439 Qui
1287 407 1399 433 honorat
1427 407 1510 434 Deum
1541 409 1682 436 miseretur

902 440 1022 479 pauperi.
1038 439 1072 466 In
1086 440 1235 474 annqciio.
1260 441 1441 474 Omnipotenti
1457 442 1585 474 retribue,
1602 448 1627 468 ct
1649 443 1683 470 ab

903 482 938 515 9⁰.
949 482 993 508 qui
1008 475 1119 501 multum
1132 476 1190 502 vult
1212 475 1334 508 accipere
1349 475 1400 502 noli
1422 480 1447 502 te
1461 481 1591 502 avertere.
1616 476 1682 504 Item

903 510 949 537 tbi.
971 509 1008 536 Te
1022 514 1111 535 autem
1134 510 1246 536 iaciente
1271 510 1480 544 eleemosynam,
1496 511 1596 537 neseiat
1618 512 1683 538 sini-

905 549 960 572 stra
977 548 1019 571 tua
1034 543 1096 578 quid
1119 543 1197 570 iaciat
1212 544 1322 570 dextera
1348 549 1402 574 tua.
1419 548 1447 570 ut
1459 545 1494 572 sit
1518 546 1686 580 eleemosyna

906 584 950 606 tua
970 580 996 606 in
1011 579 1182 610 abscondit0;
1206 583 1234 606 et
1248 578 1326 605 Pater
1347 583 1420 611 tuus,
1443 580 1488 613 qui
1502 579 1574 606 videt
1594 580 1619 606 in
1641 581 1687 608 ab-

905 615 1038 647 scondito,
1062 614 1155 641 reddet
1176 613 1233 641 tibi.
1251 613 1317 640 Item
1334 614 1400 640 illic.
1424 614 1610 641 Verumtamen
1627 615 1686 642 date

906 650 1103 684 eleemosynam
1117 670 1123 681 ,
1141 653 1169 676 et
1190 656 1254 676 ecee
1284 648 1373 675 omnia
1397 649 1494 676 munda
1520 653 1581 676 sunt
1605 651 1688 678 vobis.

907 684 973 712 Item
986 685 1030 711 ibi.
1045 685 1185 712 intendens
1197 689 1285 711 autern
1299 683 1387 717 lesus,
1405 684 1499 711 videns
1512 691 1559 711 eos
1571 685 1614 719 qui
1630 685 1691 712 mit-

909 721 1000 747 tebant
1023 727 1132 747 munera
1158 726 1205 746 sua
1230 719 1257 746 in
1280 719 1470 754 gazophylacio
1485 719 1600 752 divites,
1626 720 1690 747 vidit

908 761 995 783 autem
1018 759 1046 782 et
1069 754 1211 789 quamdam
1236 754 1342 781 viduam
1370 761 1514 788 pauperem
1541 756 1690 782 mittentem

909 791 1035 818 aeraniiiia
1061 791 1125 821 duo.
1147 790 1236 816 dixit:
1254 790 1323 817 Vere
1344 789 1405 817 dico
1429 790 1504 817 vobis
1528 791 1590 824 quia
1614 790 1691 817 vidua

911 828 966 852 liacc
981 833 1082 859 pauper
1099 826 1157 858 plus
1170 825 1294 852 omnibns
1318 824 1398 856 misit,
1414 832 1508 852 omnes
1528 826 1599 852 enim
1616 825 1641 851 lii
1657 833 1689 852 ex

61 866 113 885 noti
128 860 256 892 agnoscet
276 853 348 881 unde
367 852 457 879 veniet
479 850 527 878 iffi·
549 849 582 876 st
598 849 658 875 Ιώ·
676 848 852 875 Simu¹²¹t⁰m⁵
869 864 891 892 Β
906 862 1069 888 abundantia
1085 862 1213 888 miserunt
1228 861 1254 887 in
1269 860 1339 887 dona
1357 860 1418 892 Dei3
1436 861 1491 887 baec
1507 865 1595 887 antem
1613 868 1644 887 cx
1661 868 1692 887 eo

60 897 88 920 et
104 891 192 920 callidi
213 892 359 924 provocant
382 888 449 915 irain
465 886 522 914 Dei.
545 885 580 911 in
594 883 717 911 Ieremia.
741 883 851 909 Ferrum

61 928 206 955 vulnerans
229 926 317 958 lingua
332 930 436 953 eorum,
459 921 552 947 dolosa
575 920 655 950 verba
677 919 730 945 oris
745 926 850 950 eorum,

63 963 186 997 proximo
198 969 246 988 suo
258 961 369 994 loquens
381 956 502 992 pacifica,
515 961 541 983 et
556 955 582 982 in
594 955 738 987 semetipso
751 954 852 981 liabens

61 998 245 1028 inimicitiam;
260 996 285 1022 in
302 994 380 1028 liujus
395 999 458 1026 ergo
476 999 528 1018 non
546 990 670 1022 visitabo,
683 989 747 1016 dicit
760 989 851 1015 Domi-

61 1041 127 1065 niis;
142 1037 186 1060 aut
210 1031 236 1058 in
254 1029 351 1064 populo
370 1029 415 1055 tali
441 1035 492 1054 tlon
507 1025 652 1054 vindicabit
671 1024 760 1051 anima
776 1025 852 1051 mea?

60 1068 96 1096 In
107 1067 254 1101 Evangelio.
270 1066 369 1093 Cavete
385 1071 399 1089 a
414 1060 666 1096 pseudoprophetis,
683 1059 728 1093 qui
741 1059 854 1086 veniunt

61 1105 95 1131 ad
111 1111 158 1130 vos
171 1102 198 1130 iii
212 1102 307 1129 vestitu
330 1099 431 1130 ovium,
446 1098 518 1124 intus
541 1101 630 1123 autem
657 1099 719 1121 sunt
735 1094 789 1127 lupi
810 1102 854 1121 ra-

62 1146 155 1174 paces;
170 1145 203 1165 ex
226 1135 354 1164 fructibus
373 1141 465 1162 eorum
483 1131 651 1166 cognoscetis
667 1137 724 1157 eos.
739 1128 772 1155 In
786 1128 853 1156 Pro-

60 1175 162 1201 vertitis.
185 1173 213 1199 Si
230 1171 358 1199 ceciderit
372 1169 498 1196 inimicus
512 1173 582 1198 tuus,
604 1165 658 1192 noli
671 1165 811 1198 gratulari,
828 1170 854 1191 et

63 1210 89 1237 iu
105 1207 323 1243 supplantatione
346 1206 403 1239 ejus
419 1203 474 1230 noli
496 1202 599 1234 extolli,
623 1208 658 1227 ne
678 1200 746 1227 sorte
766 1200 855 1226 videat

65 1245 205 1273 Dominus,
228 1247 254 1270 et
278 1249 330 1268 non
352 1240 455 1273 placeat
475 1238 511 1270 ei,
527 1242 556 1264 ut
571 1240 675 1263 avertat
690 1235 757 1262 iram
777 1242 854 1262 suam

63 1280 97 1306 ab
111 1287 152 1307 eo.
176 1277 277 1304 Potitus
293 1274 439 1311 Apostolus.
461 1273 489 1301 Si
502 1273 625 1299 esurierit
641 1270 764 1298 inimicus
784 1274 853 1301 tuus,

63 1315 121 1342 ciba
134 1315 222 1344 illnm;
236 1312 333 1343 sisitit,
345 1311 378 1337 da
395 1309 431 1336 illi
445 1314 536 1343 potum
546 1329 553 1340 ,
567 1309 617 1334 lioc
632 1307 703 1333 enim
718 1305 854 1336 iaciendo,

63 1350 194 1377 carbones
209 1348 277 1382 ignis
305 1352 414 1374 acervas
434 1351 515 1378 super
529 1347 610 1375 caput
631 1342 706 1375 eius;
722 1340 794 1367 Dens
809 1348 856 1366 au-

64 1389 118 1411 tein
130 1384 261 1411 retribuet
276 1382 333 1409 tibi.
356 1381 388 1407 ln
400 1379 552 1413 Evanyeito.
574 1375 709 1404 Accesssit
721 1376 754 1401 ad
765 1375 856 1402 Jesum

63 1419 168 1450 Petrus,
181 1424 208 1445 et
226 1419 263 1444 ait
278 1417 314 1444 illi
332 1426 337 1442 :
357 1414 480 1444 Domine,
496 1413 518 1439 si
535 1412 687 1446 peccaverit
706 1410 733 1436 in
748 1418 791 1436 me
804 1410 858 1436 sra-

63 1459 104 1482 ter
118 1461 204 1488 meus,
225 1452 329 1487 quoties
350 1450 484 1477 remittam
499 1448 555 1474 illi?
571 1445 692 1480 Septies?
708 1445 858 1479 Respondit

65 1491 193 1517 Dominus
209 1498 214 1515 ι
232 1488 289 1514 Non
304 1487 364 1513 dico
389 1485 436 1512 tibi
458 1491 543 1518 iisque
566 1482 681 1516 septies,
699 1481 747 1507 sed
772 1487 856 1514 usqne

64 1525 214 1559 septuagies
226 1523 335 1557 septies.
349 1521 382 1547 In
395 1519 497 1547 Exodo.
511 1517 625 1545 Obedite
641 1515 795 1553 parentibus
811 1522 858 1549 per

65 1560 170 1590 oninia2
187 1559 238 1586 lioc
250 1558 323 1585 enim
339 1556 427 1591 placet
438 1555 503 1581 Deo.

239 1612 303 1640 Car.
323 1610 388 1638 Vlll.
398 1624 432 1630 -
444 1608 482 1636 De
493 1609 548 1643 filio
562 1609 683 1644 superbo.

103 1660 126 1686 i.
147 1659 178 1686 In
191 1657 347 1684 Proverbiis.
371 1655 441 1683 filio
464 1654 559 1682 doloso
575 1654 642 1680 niliil
663 1653 715 1680 erit
729 1653 803 1687 boni,
818 1653 862 1687 qui

67 1703 120 1722 non
146 1694 306 1722 honorificat
346 1695 430 1719 atrem
455 1698 545 1723 stium,
572 1694 599 1716 et
620 1689 728 1723 repellit
750 1692 862 1715 matrem

67 1738 153 1764 suam,
179 1729 248 1755 iilius
272 1735 320 1756 con
336 1726 464 1759 undettir,
483 1731 510 1752 et
522 1724 700 1760 opprobrium
718 1723 778 1749 erit.
797 1723 863 1750 Item

68 1765 132 1793 illic.
149 1765 232 1792 Filius
247 1764 293 1798 qni
313 1762 410 1789 amittit
424 1760 594 1795 disciplinam
611 1759 694 1794 patris
718 1758 861 1785 meditabi-

69 1806 112 1828 tur
134 1799 239 1835 cloqtiia
253 1798 374 1826 malitiae.
397 1796 464 1824 Item
480 1797 544 1822 illic.
565 1794 734 1822 Maledieenti
754 1794 821 1827 patri
838 1798 864 1819 et

69 1835 148 1863 matri
162 1835 346 1869 exstinguetur
361 1833 469 1863 luinen3
487 1830 595 1865 pupillae
615 1835 703 1856 autcin
726 1830 864 1855 oculorum

69 1871 127 1906 ejus
142 1870 270 1898 videbunt
295 1868 430 1896 tenebras.
446 1866 512 1893 leem
527 1866 591 1892 illic.
616 1864 666 1898 Qui
683 1865 801 1891 irascens
819 1871 864 1897 pa-

69 1910 137 1933 trem
154 1913 231 1932 suum
247 1908 293 1931 aut
308 1907 510 1930 matremsuam
533 1901 669 1928 existimat
685 1907 714 1926 se
731 1906 784 1926 non
801 1906 863 1933 pec-

70 1948 142 1974 care,
159 1939 202 1968 [iic
216 1939 313 1967 similis
328 1943 369 1965 cst
385 1937 444 1964 viro
460 1936 552 1971 impio.
581 1934 647 1962 Item
668 1934 732 1961 illic.
750 1934 864 1961 Benedi-

70 1976 124 2004 ctio
137 1976 220 2011 patris
234 1975 322 2002 iirmat
335 1973 430 2000 domos
447 1972 580 2003 illiorum,
596 1969 751 1997 maledictio
774 1974 864 1997 autem

71 2012 165 2039 matris
181 2009 299 2039 eradicat
315 2007 500 2036 fundamenta.

284 2065 348 2092 Cn.
364 2064 411 2091 tx.
418 2077 453 2086 --
465 2062 504 2089 De
517 2063 647 2090 ilie-amo.

108 2125 188 2163 293
212 2125 237 2152 Ι.
252 2122 286 2151 In
307 2122 464 2151 Proverbiis.
488 2121 583 2149 Melius
605 2124 650 2148 est
675 2118 780 2146 modica
803 2125 865 2152 pars

72 2170 133 2192 cuin
150 2162 246 2188 timore
261 2158 364 2187 Domini
380 2164 460 2192 quam
486 2155 604 2184 thesauri
631 2155 719 2188 magni
743 2155 802 2181 sine
828 2154 865 2181 ti-

74 2204 167 2228 more,
196 2194 291 2222 melius
315 2197 356 2221 est
382 2192 484 2220 modica
509 2190 651 2226 acquisitio
673 2196 733 2217 cuin
761 2189 863 2223 justitia

74 2239 154 2268 quam
169 2229 244 2258 multi
260 2230 362 2257 fructus
376 2235 437 2256 cuin
457 2227 606 2261 iniquitate.
624 2224 690 2252 Item
710 2224 754 2251 ibi.
771 2224 863 2251 Melius

74 2271 117 2298 est
130 2273 228 2294 nomen
240 2265 340 2293 bonum
354 2270 433 2298 qnam
447 2261 545 2289 divitiae
560 2261 659 2293 mutue,
674 2267 754 2294 super
768 2267 861 2286 auriini

75 2308 104 2332 et
127 2305 266 2343 argentum
290 2299 374 2335 gratia
397 2298 466 2324 bona
489 2301 539 2324 est.
564 2295 597 2323 Iu
616 2294 778 2322 Ecclesiaste.
794 2294 863 2322 Niliil

76 2342 118 2368 est
131 2336 248 2371 iniquius
260 2342 339 2370 quam
354 2339 445 2361 amare
461 2331 605 2367 pecunias;
622 2331 682 2358 talis
696 2330 766 2357 enini
782 2330 862 2356 etiam

77 2374 194 2402 animam
217 2377 292 2398 suain
305 2367 449 2401 venundat,
464 2367 591 2403 quoniam
606 2367 632 2395 in
645 2364 698 2393 vita
712 2373 759 2392 sua
777 2364 863 2399 proje-

78 2408 114 2436 cit
127 2407 220 2435 intima
244 2412 301 2432 sua.
315 2403 380 2431 Viro
394 2410 427 2431 cu
448 2402 492 2430 ido
517 2401 603 2430 tenaci
629 2408 682 2428 nori
701 2405 742 2427 est
764 2401 862 2427 bonum

78 2440 238 2474 substantia,
253 2443 281 2468 et
296 2437 397 2466 homini
415 2437 432 2464 li
453 2437 513 2471 ido;
536 2441 566 2465 ut
580 2436 642 2472 quid
658 2435 772 2464 aurum?
788 2435 863 2462 Sient

79 2478 140 2507 exit*
157 2476 192 2504 de
206 2479 282 2503 utero
306 2473 400 2513 matris
423 2478 490 2508 aute,
510 2471 604 2506 'nudus
619 2470 769 2502 revertitur,
796 2469 864 2498 sicut

80 2513 166 2546 venit,
188 2515 216 2539 et
231 2509 298 2538 nibil
321 2506 434 2539 accipiet
455 2514 490 2535 ex
513 2506 604 2535 labore
623 2514 683 2539 suo,
699 2510 728 2534 ut
743 2505 822 2533 vadat
836 2505 862 2532 in

44 2578 49 2584 ,
79 2555 161 2577 mann
175 2554 234 2575 sna.
249 2545 319 2578 Dixi,
336 2542 431 2571 melior
443 2546 484 2569 est
495 2548 526 2569 sii
562 2549 575 2568 r
590 2541 662 2577 hunc
681 2542 804 2574 abortum
821 2547 864 2568 re-

45 2586 48 2591 '
81 2583 157 2620 quies
170 2581 234 2610 tiuic
245 2580 330 2616 magis
343 2584 422 2614 quam
439 2575 501 2604 illis.
538 2583 555 2604 n
565 2575 708 2614 Sophonia.
725 2575 862 2611 Disperie-

81 2620 146 2649 runt
178 2623 272 2646 omnes
299 2614 344 2649 qni
369 2611 519 2641 exaltantur
541 2611 568 2646 in
595 2615 706 2647 argento
730 2615 757 2641 et
779 2618 860 2645 auro;

82 2651 217 2691 ostiariam
231 2650 387 2687 unguinem
411 2653 504 2674 eorum
517 2645 587 2682 sicut
608 2641 711 2682 limum,
727 2649 756 2674 et
768 2653 862 2677 carnes

83 2695 178 2719 comm
191 2686 264 2715 sicut
275 2690 395 2714 stercora
409 2683 507 2723 ικιιιιιις
526 2685 554 2709 et
565 2685 704 2717 argentoun
717 2685 745 2710 et
768 2687 862 2713 aarum

71 2726 74 2739 ²
91 2724 95 2729 “
142 2722 161 2736 ·“
216 2722 252 2750 rit
263 2721 381 2750 liberare
395 2725 442 2755 eos
455 2724 482 2745 in
496 2715 541 2745 die
555 2716 604 2744 irat
695 2715 732 2745 nl.
756 2715 793 2746 lii
806 2714 862 2744 fla-

72 2726 215 2794 ‚W
236 2755 269 2786 'ui
281 2754 395 2793 acquirit
415 2751 555 2780 avaritiam
569 2749 668 2779 malain
698 2751 772 2781 ouiut
791 2758 862 2784 stim

121 2793 125 2797 ’
168 2790 206 2827 ’,Ι
269 2791 399 2820 tunionem
406 2787 561 2821 domnitam
658 2786 695 2814 vit
707 2784 794 2828 aniiqa
807 2789 863 2818 ωι,

194 2827 203 2868 g
285 2825 358 2856 Atia
449 2828 568 2860 .-²¹³⁹
597 2851 610 2856 ..
642 2817 863 2860 *bolionii-³121

294 2863 353 2899 ¹-..
374 2878 384 2896 t
408 2855 733 2895 ettenoltrosoteoena·

906 896 978 958 quod
994 896 1069 922 deest
1085 896 1137 926 illi,
1153 903 1260 922 omnem
1276 896 1375 922 victum
1391 902 1469 929 quem
1493 895 1593 928 babuit,
1609 896 1691 922 misit.

923 940 939 958 n
956 931 1112 958 Proverbiis.
1130 930 1204 958 Sicut
1223 931 1349 964 probatur
1371 935 1510 964 argentum
1534 932 1560 957 in
1575 931 1690 963 camino,

905 973 931 994 ei
946 973 1050 997 nurum,
1066 967 1102 993 ita
1115 966 1200 993 electa
1215 966 1297 993 corda
1310 965 1381 1000 apud
1397 965 1549 992 Dominum.
1566 965 1632 992 Item
1646 966 1690 991 ibi.

907 1002 958 1030 Vas
974 1002 1045 1034 liguli
1063 1001 1159 1035 probat
1180 1000 1287 1033 fornax,
1305 1005 1332 1028 et
1346 1001 1468 1028 homines
1479 1003 1566 1035 justos
1584 1001 1694 1028 tentatio

906 1042 932 1064 et
948 1036 1143 1064 tribulationes.

994 1082 1059 1110 Cn.
1077 1081 1122 1108 Xl.
1133 1096 1168 1102 —
1186 1080 1225 1108 De
1236 1082 1394 1116 correptione
1403 1086 1426 1109 el
1437 1082 1468 1109 de
1479 1082 1606 1117 superbia.

943 1130 967 1170 ι.
986 1127 1018 1154 1η
1034 1127 1187 1154 Proverbiis.
1210 1129 1299 1163 Argue
1313 1128 1472 1161 sapientem,
1490 1133 1515 1155 et
1531 1127 1629 1154 amabit
1651 1133 1692 1160 te;

908 1165 1078 1198 insipientem
1093 1168 1120 1190 et
1135 1163 1243 1197 adjiciet
1267 1164 1357 1190 odisse
1374 1168 1408 1191 tc.
1428 1163 1502 1190 Item.
1531 1163 1568 1190 Da
1582 1163 1693 1197 sapienti

906 1201 1084 1230 occasionem,
1101 1203 1128 1225 et
1142 1199 1288 1232 sapientior
1301 1199 1366 1230 erit;
1390 1206 1481 1225 notum
1507 1200 1546 1225 tac
1569 1198 1653 1233 justo,
1668 1203 1694 1225 et

908 1234 1013 1269 adjiciet
1038 1239 1072 1260 te.
1100 1234 1148 1266 Qui
1168 1233 1253 1268 diligit
1277 1234 1443 1268 disciplinam
1468 1234 1552 1267 diligit
1574 1241 1693 1263 sensum,

908 1277 968 1296 iiam
985 1269 1029 1304 qui
1054 1269 1110 1295 odit
1131 1273 1285 1304 arguentem
1309 1276 1338 1295 se
1361 1269 1456 1295 stultns
1470 1274 1521 1296 est.
1540 1267 1613 1294 item.
1637 1268 1695 1295 Non

908 1305 994 1339 diligit
1007 1304 1221 1338 indisciplinatus
1232 1309 1388 1338 arguentem
1402 1312 1441 1336 se,
1458 1311 1518 1338 cuin
1533 1304 1695 1336 sapientibus

909 1345 998 1366 autem
1022 1347 1073 1366 non
1098 1339 1268 1373 colloquitur.
1285 1338 1361 1366 Item.
1376 1341 1424 1371 Qu'·
1446 1339 1554 1373 excepit
1576 1338 1696 1372 discipli-

909 1383 970 1402 nam
992 1376 1017 1402 in
1033 1374 1110 1401 bouis
1133 1374 1194 1407 erit,
1222 1382 1282 1400 nam
1298 1375 1342 1408 qui
1358 1373 1473 1400 custodit
1505 1375 1697 1406 increpationes

910 1411 1016 1444 sapiens
1031 1410 1085 1436 liet.
1107 1408 1171 1436 Item
1188 1409 1250 1435 illic.
1268 1408 1397 1435 Pestifero
1420 1409 1556 1442 castigato,
1572 1408 1698 1442 insipiens

911 1446 1024 1472 astutior
1049 1444 1111 1476 [iet;
1139 1444 1161 1470 si
1185 1448 1272 1470 autem
1299 1451 1395 1479 arguas
1422 1443 1506 1470 virum
1531 1444 1698 1477 prudentem,

911 1480 1044 1507 intellexit
1059 1486 1182 1509 sensuin;
1199 1479 1221 1504 si
1237 1478 1413 1512 flagellaveris
1429 1479 1537 1505 stultum
1563 1479 1588 1505 in
1613 1479 1699 1505 medio

914 1515 1039 1547 concilio,
1061 1514 1249 1541 contumeliam
1275 1514 1406 1545 faciendo,
1424 1522 1475 1540 non
1502 1514 1590 1540 aufers
1612 1514 1698 1540 stulti-

915 1551 977 1577 tiam
994 1550 1063 1584 ejiis.
1081 1549 1113 1576 lii
1130 1549 1291 1575 Ecclesiaste.
1305 1549 1353 1581 Qui
1374 1549 1430 1575 odit
1443 1549 1638 1583 correptionem
1655 1556 1699 1575 ve-

913 1586 1019 1620 stigium
1033 1590 1074 1612 est
1089 1584 1247 1618 pec1·atoris;
1263 1589 1287 1610 et
1303 1584 1347 1618 qiii
1362 1584 1456 1610 timent
1469 1585 1620 1615 Dominum,
1633 1591 1698 1610 coii-

915 1625 1021 1648 vertent
1035 1620 1067 1646 ad
1083 1627 1130 1646 cor
1144 1626 1232 1646 sunni.
1247 1618 1279 1644 In
1294 1618 1445 1646 Proverbiis.
1463 1619 1536 1645 Sicut
1547 1619 1621 1644 canis
1636 1626 1700 1645 con-

915 1657 1027 1683 vertitur
1045 1655 1077 1681 ad
1092 1655 1220 1680 vomitum
1245 1662 1334 1687 suum,
1349 1658 1375 1680 et
1390 1654 1498 1680 odibilis
1518 1652 1644 1685 eflicitur,
1663 1655 1701 1682 sic

915 1692 1011 1719 stultus
1035 1691 1059 1717 in
1084 1690 1183 1716 malitia
1206 1696 1253 1715 sua
1278 1696 1424 1716 conversus
1450 1690 1475 1716 in
1497 1689 1611 1721 peccatis
1633 1689 1699 1715 suis.

915 1727 998 1762 294
1010 1725 1043 1752 In
1055 1724 1218 1751 Ecclesiaste.
1238 1723 1340 1751 initium
1357 1725 1488 1756 superbiae
1502 1724 1623 1751 homines
1638 1731 1701 1758 apo-

915 1768 987 1789 stare
1006 1762 1073 1788 adeo
1088 1760 1146 1795 (sic)
1161 1759 1286 1794 quoniam
1311 1760 1413 1786 initium
1429 1759 1530 1793 peccati
1551 1759 1636 1786 omnis
1656 1765 1701 1785 su-

915 1797 1017 1832 perbia.
1039 1795 1103 1822 Item
1117 1796 1179 1821 illic.
1195 1796 1222 1821 iii
1234 1795 1338 1822 duobus
1354 1795 1441 1821 timuit
1454 1802 1500 1822 cor
1515 1801 1612 1826 meum,
1630 1798 1657 1820 ct
1672 1794 1698 1820 in

917 1833 996 1860 tertio
1022 1830 1156 1859 iracundia
1176 1830 1240 1856 milii
1257 1830 1376 1861 advenit;
1392 1830 1431 1856 vir
1447 1830 1559 1857 bellator
1573 1829 1699 1856 delicieris

917 1876 972 1902 prae
987 1867 1086 1901 inopia,
1098 1871 1123 1892 et
1135 1866 1175 1892 vir
1189 1869 1309 1892 sensatus
1321 1869 1498 1899 contemptus,
1513 1869 1539 1891 et
1552 1865 1595 1899 qui
1612 1868 1699 1890 trans-

916 1903 1033 1937 greditur
1058 1902 1189 1935 justitiam
1212 1902 1238 1927 in
1256 1906 1379 1934 peccato,
1402 1900 1471 1927 Deus
1496 1905 1569 1933 parat
1590 1907 1650 1926 euin
1665 1899 1698 1926 ad

916 1939 1090 1971 roiiipliaeain.
1107 1936 1140 1963 In
1153 1936 1272 1962 Psalmis.
1289 1936 1346 1962 Nun
1362 1936 1490 1962 habitabit
1505 1936 1529 1961 in
1552 1935 1639 1961 medio
1651 1934 1699 1960 do-

916 1981 974 2001 inus
996 1980 1063 2000 mete
1078 1973 1122 2006 qui
1137 1972 1198 1998 i'acit
1214 1971 1376 2005 superbiam.
1390 1970 1423 1997 In
1438 1970 1568 2003 Aposioto.
1586 1969 1698 1996 Humili-

916 2009 966 2035 btis
990 2008 1058 2035 Deus
1073 2008 1118 2034 dat
1132 2007 1254 2041 gratiam,
1278 2006 1402 2040 superbis
1426 2011 1513 2031 autent
1540 2005 1650 2031 resistit.
1667 2003 1701 2029 tn

900 2060 902 2062 v
917 2043 1069 2070 Proverbiis.
1086 2043 1135 2075 Qui
1149 2041 1265 2069 custodit
1284 2049 1313 2068 os
1332 2048 1420 2072 suuni,
1435 2046 1461 2066 et
1484 2040 1610 2074 linguam,
1636 2047 1700 2065 coii-

917 2083 1007 2107 servat
1019 2078 1053 2106 de
1067 2077 1197 2112 angustiis
1215 2078 1330 2103 animam
1349 2083 1440 2107 suam,
1459 2082 1519 2102 nam
1535 2075 1579 2108 qui
1597 2078 1697 2108 proter-

917 2122 966 2142 ius
979 2118 1020 2142 cst
1033 2113 1109 2140 labiis
1123 2112 1231 2139 terrebit
1245 2111 1428 2144 semetipsum.
1446 2109 1510 2137 Item
1525 2110 1587 2136 illic.
1602 2109 1700 2136 nomos

917 2149 1092 2184 superborum
1117 2148 1238 2175 destruet
1263 2146 1407 2178 Dominus,
1447 2145 1602 2172 immundus
1630 2145 1698 2176 apud

917 2185 1058 2212 Dominum
1082 2183 1168 2210 omnis
1189 2182 1234 2216 qui
1257 2182 1356 2209 exaltat
1379 2188 1425 2207 cor
1447 2187 1532 2207 siinin.
1559 2178 1699 2205 ltcntiuic.

879 2217 902 2247 D
917 2220 1000 2247 Filius
1023 2218 1155 2253 superbus
1176 2218 1260 2244 malos
1285 2217 1377 2244 oculos
1393 2216 1482 2245 habet.
1498 2214 1630 2248 palpebris
1646 2215 1700 2239 suis

915 2255 1050 2283 extollitur
1075 2253 1242 2282 temerarius,
1257 2258 1283 2279 et
1306 2251 1436 2284 superbiis
1453 2250 1599 2284 pestilentia
1621 2254 1699 2274 voca-

917 2294 968 2318 tur.
983 2289 1048 2317 Item
1060 2288 1121 2316 illic.
1135 2287 1192 2315 Noli
1203 2287 1344 2321 superbire
1357 2291 1420 2313 aitte
1433 2290 1605 2318 conspectum
1617 2283 1697 2316 regis,

915 2333 1001 2360 neque
1017 2325 1044 2352 in
1058 2323 1124 2352 locis
1139 2323 1286 2358 potentium
1309 2322 1467 2348 subsistens.
1484 2319 1576 2345 Melius
1598 2317 1697 2344 esttibi

915 2361 998 2389 dicias
1014 2359 1072 2394 (tic)
1087 2364 1228 2392 antequam
1245 2357 1384 2384 humiliare
1405 2356 1430 2381 itt
1445 2358 1591 2387 conspectu
1604 2356 1696 2386 poten-

916 2396 958 2424 tis.
974 2396 984 2421 Ι
990 2404 1006 2422 it
1022 2394 1182 2421 Ecclesiaste.
1197 2392 1308 2420 odibilis
1321 2397 1411 2418 corani
1426 2389 1491 2420 Deo,
1505 2393 1532 2415 et
1547 2387 1696 2415 liominibiiii

914 2430 1048 2493 ῗιιιῖιῖῐίιῧῗε
1067 2428 1132 2496 'gui‘
1150 2422 1697 2496 &ggii:iugztoesgpffitti'isfiffiffiretagingt

913 2491 1695 2569 322¹..“ditexit-riti&3¹:33³„ssmesatis&

913 2569 1122 2598 humiliabuntur
1148 2572 1175 2594 et
1189 2565 1285 2594 cadent
1298 2565 1397 2593 excelsi
1418 2564 1516 2598 gladio.
1540 2562 1608 2589 luit·
1627 2562 1692 2589 mie.

913 2605 1032 2635 Cessavit
1045 2587 1180 2637 superbia,
1196 2605 1224 2628 et
1237 2600 1335 2628 divitiae
1345 2600 1532 2639 superborum,
1547 2598 1608 2632 quin
1623 2596 1694 2631 quod

913 2641 995 2670 altum
1009 2642 1052 2668 est
1064 2638 1093 2667 in
1103 2636 1267 2669 bominibus,
1282 2634 1447 2664 abominatio
1461 2638 1503 2662 est
1515 2633 1586 2668 apud
1599 2632 1694 2660 Deum.

912 2699 978 2728 cu.
1001 2695 1059 2725 xii.
1085 2689 1591 2756 ‘mmssssfffflgf‘m
1619 2694 1647 2719 a
1669 2689 1702 2718 ai·

951 2780 976 2809 Ι.
989 2779 1023 2809 ln
1034 2776 1188 2810 Proverbiis.
1202 2775 1358 2815 umectus
1367 2773 1408 2803 vir
1419 2772 1643 2814 curdisiitodione
1652 2777 1694 2800 eat
