1832 3016
141 153 189 182 591

144 261 229 289 vaque
244 250 388 279 constituit.

182 300 228 327 57.
250 297 368 330 Denique
379 295 405 321 in
421 293 550 320 Zacharia
562 292 654 319 decem
667 294 728 318 sunt
739 289 871 322 homines,
883 288 933 316 sub

142 344 230 379 specie
243 342 362 369 omnium
377 341 494 376 gentium
518 338 650 365 fimbriam
673 337 773 364 Christi
799 340 931 363 tenentes.

142 392 239 418 Decem
253 393 355 416 suntet
371 388 396 414 in
414 385 558 420 Evangelio
573 384 692 419 virgines
704 404 711 416 ,
726 391 785 417 quae
804 382 830 409 in
846 382 934 409 seusi-

140 436 190 462 bus
206 434 293 462 carnis
309 438 335 461 et
349 432 458 467 spiritus
471 452 478 463 ‚
493 430 616 465 quinario
640 436 753 456 numero
777 428 911 462 geminato
923 449 931 461 ,

143 482 221 517 235
237 480 430 514 intelliguntur.
447 478 543 504 Decem
558 476 638 503 etiam
656 474 753 509 leprosi
770 474 932 501 mundantur

141 535 157 554 a
173 527 295 557 Domino,
313 532 407 552 novem
423 531 456 550 ex
469 523 508 550 eis
523 523 556 550 ab
570 523 673 549 unitate
685 522 807 548 seclusis.
834 521 931 547 Decem

142 577 205 600 sunt
220 577 347 606 practerea
364 570 454 602 urbes,
471 576 538 603 quas
553 568 576 595 si
591 568 659 595 bene
674 568 787 601 rexeris,
803 567 892 594 cordis
905 570 933 594 ct

140 617 260 651 corporis
269 623 363 643 sensns
374 615 510 649 duplicato
520 622 631 641 numero
639 613 753 647 accipies
765 613 790 639 in
803 612 932 639 futurum.

175 665 220 692 58.
242 664 275 691 At
287 668 380 689 contra
397 662 422 689 in
439 661 532 688 Exodo
547 660 640 688 decem
655 660 740 694 plagis
752 665 879 692 percussa
892 662 934 685 εει

141 711 284 746 AEgyptns,
301 713 327 736 et
343 709 368 735 in
384 708 545 743 Apocalypsi
561 707 652 734 decem
670 713 769 733 cornua
784 705 933 739 procedunt

140 762 174 783 ex
188 755 268 785 mari,
285 758 311 780 et
326 754 420 780 decem
436 752 493 779 dies
514 759 700 786 pressurarum
720 750 847 778 Ecclesiae
867 749 933 777 scri-

140 801 250 835 buntur,
263 800 288 827 in
303 799 397 833 quibus
409 803 493 826 status
506 798 586 832 liujus
599 799 670 831 vitae,
685 802 712 825 et
725 802 828 831 tempus
840 801 931 824 osten-

140 846 221 872 ditur.
248 845 324 879 Apud
341 845 514 872 Salomonem
529 848 618 870 autem
634 843 727 870 decem
740 842 876 869 mensibus
892 842 932 868 in-

669 142 697 170 S.
718 138 844 168 lSlDORl
865 137 1088 168 tttsPALENStS
1106 139 1258 168 EPtscom
1724 139 1738 167 ἱ

142 216 204 237 mon
219 214 265 235 rex
281 206 372 233 decem
386 201 546 230 candelabra
562 200 590 227 in
617 199 704 227 domo.
714 197 763 225 Dei
776 197 869 224 dextra
885 196 932 223 lae-
944 197 971 227 A
983 195 1068 223 sionis
1082 197 1238 232 superbiam
1254 197 1292 224 iit.
1309 197 1376 225 Nam
1399 201 1427 225 et
1449 197 1509 224 vela
1532 196 1638 224 cilicina
1651 217 1658 230 ,
1681 183 1795 232 quibus*

986 242 1188 271 tabernaculum
1208 245 1357 279 tegebatur,
1370 244 1493 271 undecim
1518 244 1575 271 tieri
1593 243 1732 279 iubentur,
1749 250 1779 274 ιιι

986 294 1013 316 et
1026 297 1075 324 per
1088 298 1229 318 numerum
1246 295 1385 325 peccatum
1397 311 1405 323 ‚
1421 296 1447 318 et
1462 298 1509 325 per
1523 290 1638 318 cilicium
1658 292 1781 325 punctio-
1807 307 1817 329 2⁴.

985 342 1033 362 nes
1053 340 1134 370 atque
1155 336 1272 364 lamenta
1297 341 1470 371 peccatorum
1495 336 1719 370 significarentur.
1749 332 1817 364 ln*

986 381 1095 410 Daniele
1110 390 1217 418 quoque
1234 382 1402 410 undecimum
1420 382 1514 410 bestioe
1527 390 1610 409 cornu
1622 389 1684 409 esse
1698 382 1778 410 doce·
1811 391 1818 417 f

986 433 1037 461 tur,
1052 428 1086 455 ad
1100 429 1340 456 demonstrandum
1362 429 1437 455 illum
1463 433 1600 455 auctorem
1624 433 1795 462 ιιειιεὲῐεε-Ξ
1812 433 1820 463 ¹.

986 475 1070 501 sionis
1082 475 1217 502 diabolum
1232 495 1239 508 ,
1255 480 1281 502 et
1295 475 1377 502 tilium
1391 475 1449 510 ejus
1471 474 1663 502 Anticltristum
1677 495 1684 508 ,
1701 475 1778 510 cnjus
1812 478 1820 514 ζ

984 520 1058 554 regni
1076 519 1160 547 virtus
1176 521 1202 547 in
1218 521 1319 554 peccati
1335 521 1455 555 potentia
1471 521 1612 547 exaltatur.

1021 566 1065 593 65.
1087 566 1153 592 Natn
1169 571 1196 593 et
1210 566 1317 600 Petrus,
1333 567 1445 594 cadente
1455 567 1536 599 luda.
1548 575 1580 594 ne
1592 568 1618 594 in
1630 566 1778 594 undenario
1811 575 1823 596 ἡ

985 619 1097 638 numero
1115 612 1296 644 apostolorum
1322 619 1424 638 summa
1448 617 1635 646 permaneret,
1652 612 1778 640 duodeci·
1815 603 1822 639 ἐ

985 664 1056 683 munt
1070 657 1209 683 Mattbiatn
1221 662 1293 684 sorte
1308 658 1423 684 electum
1440 658 1592 692 constitnit,
1609 662 1729 686 metuens
1743 666 1777 687 ne
1816 671 1822 675 ·

986 702 1012 729 in
1036 711 1148 729 numero
1166 704 1387 737 transgressionis
1406 704 1567 731 consisteret
1587 711 1690 731 summa
1713 712 1779 739 apo·

985 749 1086 776 stolicae
1101 751 1241 780 veritatis.
1271 751 1332 777 lieet
1357 755 1383 777 ot
1407 750 1449 777 bic
1473 758 1599 778 numerus
1624 752 1650 778 in
1673 751 1778 779 ratione
1815 784 1822 787 ⁷

987 799 1135 828 temporum
1157 795 1304 829 reperiatur
1325 797 1466 831 ascriptus.
1495 796 1641 824 Undecimo
1655 804 1772 831 namque

986 841 1120 868 Kalendas
1144 842 1243 876 Aprilis
1267 843 1352 869 sactus
1375 843 1455 870 snt-se
1471 843 1570 877 legitur
1581 844 1705 870 mundus.
1723 843 1779 870 Un-
1821 862 1827 872 ς

139 891 199 918 fatis
213 890 369 925 coagulatur
380 890 407 915 in
421 889 561 923 sanguine.
589 889 657 916 Sunt
678 892 705 914 et
724 888 775 915 alia
796 892 932 916 sexcenta.
949 884 973 914 B
987 886 1072 913 decim
1098 887 1179 914 etiam
1207 888 1380 922 perhibentur
1400 889 1502 916 dierum
1523 894 1624 924 epacta·
1638 911 1645 923 ‚
1662 897 1720 923 quae
1732 896 1780 924 pet·

139 935 192 964 Sed
209 935 338 962 hactenus
349 935 382 962 de
398 935 508 962 denario
520 934 621 961 dixisse
635 933 760 960 sufficiat.

175 981 220 1009 59.
241 981 303 1008 llaec
317 986 357 1008 est
373 981 452 1015 primi
464 988 558 1008 versus
571 988 743 1007 numerorum
758 980 858 1014 regula,
877 980 933 1007 baec

141 1032 320 1061 sacramenta,
335 1035 434 1063 genera
450 1032 477 1054 ει
502 1027 606 1061 species
621 1026 780 1053 differentiae
793 1026 934 1060 perlectio-

141 1074 192 1101 nis.
217 1073 317 1101 Omnes
331 1077 421 1100 autem
438 1073 516 1106 primi
538 1079 633 1099 versus
654 1079 781 1099 numeros
801 1071 935 1105 recapitu-

138 1119 226 1147 lantes
249 1119 299 1146 sub
323 1118 373 1145 hac
396 1118 509 1145 veritate
534 1122 691 1145 tractemus.
714 1117 786 1145 Unus
805 1125 934 1145 numerus

141 1171 193 1191 non
208 1169 259 1198 est,
276 1164 323 1191 scd
337 1163 413 1198 origo
427 1171 602 1191 numerorum
617 1164 735 1191 omnium
747 1168 799 1191 est.
813 1163 934 1191 Binarius

142 1211 226 1244 prima
247 1218 308 1245 pars
330 1216 370 1238 cst
383 1231 391 1243 ,
407 1211 535 1237 ternarius
551 1211 646 1238 ordine
660 1215 686 1238 et
702 1211 800 1237 virtute
820 1211 932 1244 primus.

144 1250 328 1288 Quater'mzrius
350 1256 455 1284 duobus
470 1257 580 1291 paribus
596 1261 710 1283 constat.
729 1257 869 1288 Quinarius
883 1256 935 1284 sibi

142 1302 235 1337 genius
251 1306 300 1329 est.
318 1302 442 1329 Senon-ius
458 1302 484 1329 in
509 1309 589 1335 opere
609 1303 699 1329 mundi
727 1303 858 1337 perlectus
873 1308 934 1336 εει,

141 1352 169 1375 ει
179 1347 212 1374 ab
229 1347 376 1382 imparibus
390 1355 436 1382 par
448 1352 500 1375 est.
514 1348 680 1382 Septenarius
696 1348 830 1384 legitimus
843 1354 894 1382 est,
909 1354 937 1376 et

141 1394 275 1421 interdum
293 1401 341 1428 pro
356 1398 410 1421 toto
422 1400 473 1421 est.

177 1438 222 1466 60.
244 1439 397 1466 Octonarins
421 1446 435 1466 a
456 1439 563 1474 paribus
587 1447 635 1474 par
658 1445 709 1467 εει.
736 1440 898 1467 Novenarius
921 1449 936 1468 a

142 1485 269 1519 perfectis
286 1485 432 1520 imparibus
457 1486 544 1520 impar
572 1491 622 1514 est.
650 1487 778 1514 Derim-ins
803 1488 936 1522 perfectus

143 1537 223 1566 atque
246 1532 333 1559 tinans
354 1537 405 1559 εει.
426 1532 543 1560 Termini
566 1538 655 1561 autem
684 1542 876 1567 numerorum,
893 1534 934 1561 vel

142 1577 242 1605 limites
258 1578 302 1605 isti
318 1583 399 1605 sunt:
423 1586 490 1606 unns
502 1599 509 1611 ‚
536 1580 626 1606 decem
641 1600 647 1611 ‚
664 1584 771 1607 centum
796 1585 823 1607 et
852 1580 935 1607 mille.
951 1575 975 1606 C

141 1623 286 1657 Hucusque
309 1624 342 1650 ad
363 1625 481 1658 regulam
499 1626 574 1658 primi
593 1634 687 1652 versus
702 1626 864 1660 disputatum
880 1632 931 1654 cst.

141 1668 217 1696 Nunc
226 1669 260 1697 de
268 1670 384 1697 secunda
395 1670 496 1706 [Forte.
511 1672 621 1698 nnncde
634 1673 762 1707 secundo]
776 1677 932 1702 tractemus.

441 1716 553 1743 CAPUT
575 1717 630 1743 xtt.

384 1762 422 1788 De
436 1763 577 1788 undenario
591 1771 703 1790 numero.

179 1807 223 1835 (51.
255 1807 421 1834 Undemtrius
445 1816 573 1835 numerus
598 1809 682 1843 pritna
708 1810 817 1836 secundi
842 1818 934 1838 versus

143 1859 237 1880 monas
252 1857 312 1885 est,
329 1853 374 1887 qui
390 1853 535 1887 imparibus
558 1854 613 1880 suis
635 1862 687 1881 non
705 1855 785 1882 babet
800 1857 913 1889 amplius
925 1876 933 1889 ,

144 1898 196 1924 nisi
211 1898 294 1924 solam
308 1898 488 1931 undecimam,
505 1900 574 1932 qnod
591 1905 642 1932 est,
660 1901 729 1928 sicut
741 1901 877 1935 quinarius
893 1910 935 1928 so-

141 1942 194 1970 lam
209 1943 338 1978 quintam,
355 1948 382 1971 et
394 1944 526 1971 ternarius
541 1946 624 1972 solam
637 1947 754 1973 tertiam.
771 1947 799 1973 ln
815 1947 936 1982 Scriptu-

143 1989 181 2016 ris
197 1994 285 2017 autem
300 1990 448 2018 undenario
471 1998 583 2018 numero
603 1993 782 2027 transgressio
809 1994 936 2028 praecepti

143 2036 327 2070 significatur,
344 2037 401 2064 sive
413 2037 555 2064 diminutio
571 2038 731 2065 sanctitatis,
753 2038 828 2065 Unde
845 2043 872 2066 et
887 2047 937 2066 nn-

143 2081 263 2108 decimns
275 2081 395 2115 psalmus
406 2083 446 2109 sic
457 2082 576 2116 inchoat,
589 2083 681 2110 dicens
694 2092 700 2109 :
717 2084 824 2111 Salvum
832 2093 870 2111 me
883 2086 935 2119 sac,

144 2126 252 2152 Domine
263 2146 270 2158 ,
285 2127 406 2160 quoniam
430 2128 522 2161 defecit
544 2133 658 2154 sanctus.
681 2129 762 2164 236
775 2129 850 2156 Sicut
864 2130 936 2157 enim

145 2179 194 2205 per
210 2171 347 2199 denarium
357 2173 483 2200 scribitur
500 2174 629 2207 perfectio
644 2175 825 2210 beatitudinis,
844 2176 878 2203 ita
890 2184 937 2211 per

145 2217 319 2244 undenarium
337 2218 514 2256 transgressio
531 2219 606 2253 legis,

986 932 1106 963 sing-'ulos
1122 941 1206 960 annos
1222 934 1254 960 ad
1270 942 1377 961 cursum
1395 934 1465 961 lunae
1485 934 1655 969 adjiciuntur.

1280 981 1393 1007 CAPUT
1414 981 1482 1008 Xlll.

1212 1026 1250 1052 Dc
1264 1026 1423 1053 duodenario
1439 1035 1554 1054 numero.

1023 1070 1067 1097 65.
1089 1070 1269 1097 Duodenaritcs
1286 1079 1413 1098 numerus
1429 1072 1499 1099 inter
1514 1073 1582 1100 alios
1601 1081 1727 1103 numeros
1743 1075 1782 1102 le-

987 1116 1096 1150 gitimus
1118 1124 1151 1143 ex
1176 1116 1303 1150 legitimis
1324 1118 1443 1144 numeris
1464 1122 1516 1144 est.
1534 1117 1679 1151 Propterea
1694 1124 1782 1153 septe-

988 1162 1056 1189 narii
1081 1166 1170 1196 partes
1195 1162 1279 1189 altera
1305 1170 1352 1196 pro
1377 1163 1459 1190 altera
1485 1161 1686 1198 multiplicatur.
1716 1164 1781 1192 Nam

987 1211 1085 1242 quater
1100 1208 1180 1240 terni,
1198 1207 1238 1234 vel
1258 1213 1297 1234 ter
1309 1208 1431 1242 quaterni
1446 1209 1570 1236 eumdem
1585 1217 1726 1237 nnmerum
1744 1211 1783 1237 l'a-
1822 1242 1826 1243 ⁷

988 1255 1073 1286 ciunt,
1090 1254 1135 1281 hic
1149 1258 1237 1282 autem
1256 1255 1375 1288 partibus
1391 1255 1447 1283 suis
1459 1256 1537 1283 simul
1551 1257 1647 1284 ductus
1663 1261 1781 1285 nontam

988 1306 1203 1333 consummatur,
1219 1301 1265 1328 sed
1281 1302 1431 1330 exceditur.
1455 1302 1620 1338 Ampliorem
1637 1305 1736 1339 quippe
1748 1305 1783 1333 de
1820 1318 1821 1321 ι

988 1355 1017 1375 εε
1032 1348 1118 1382 ipsum
1132 1348 1211 1383 237
1227 1356 1368 1375 numerum
1395 1349 1500 1382 reddit;
1526 1358 1586 1376 naut
1615 1355 1702 1384 partes
1725 1351 1783 1385 ejus

989 1401 1073 1428 usquc
1089 1394 1122 1420 ad
1138 1394 1257 1421 sedecim
1275 1394 1444 1428 perveniunt.
1460 1395 1547 1423 Habet
1561 1397 1634 1424 enim
1647 1397 1694 1425 bas
1705 1398 1783 1432 quin-

988 1447 1050 1474 que,
1060 1438 1256 1472 duodecimam,
1266 1440 1336 1474 quod
1347 1444 1390 1467 εει
1405 1449 1498 1474 unum,
1509 1446 1624 1476 sextam,
1637 1443 1707 1477 quod
1717 1443 1781 1477 duo,

989 1490 1111 1520 quartam
1127 1506 1133 1516 ‚
1149 1486 1221 1519 quod
1234 1490 1287 1513 tres
1299 1506 1307 1519 ,
1324 1487 1429 1514 tertiam
1443 1508 1450 1520 ,
1469 1488 1539 1521 qnod
1558 1493 1682 1523 quatuor,
1702 1489 1782 1517 dimi-

989 1531 1075 1564 diam,
1092 1532 1161 1566 quod
1176 1539 1233 1559 sex.

1027 1576 1071 1603 65.
1093 1576 1184 1611 ltaque
1208 1585 1301 1610 unum,
1323 1582 1351 1606 ει
1365 1578 1428 1612 duo,
1447 1583 1473 1606 et
1489 1579 1549 1612 tria,
1568 1584 1594 1607 ct
1617 1584 1741 1614 quatuor,
1756 1585 1784 1609 et

988 1630 1047 1656 sex,
1064 1623 1089 1650 in
1105 1630 1235 1650 summam
1251 1623 1341 1656 ducta,
1361 1625 1477 1652 sedecim
1497 1630 1567 1652 sunt.
1585 1625 1643 1653 Tali
1658 1634 1722 1661 ergo
1741 1634 1784 1654 ra.-

990 1669 1062 1695 tione
1078 1670 1215 1703 plusquam
1233 1670 1367 1703 perlectus
1381 1670 1502 1698 babetur.
1517 1671 1566 1698 llic
1580 1677 1668 1699 autetn
1683 1672 1785 1701 dnode-

987 1715 1078 1741 narius
1093 1723 1230 1747 numerus,
1248 1719 1277 1742 nt
1289 1716 1471 1750 praediximus,
1494 1717 1519 1743 in
1533 1717 1677 1751 scripturis
1692 1718 1784 1753 legiti-

987 1767 1055 1792 mus,
1068 1760 1125 1787 sive
1139 1767 1199 1787 cum
1214 1768 1261 1793 pro
1276 1766 1332 1788 toto
1348 1763 1465 1795 ponitur,
1482 1763 1538 1790 sive
1556 1771 1616 1790 cum
1630 1763 1656 1791 in
1671 1772 1701 1792 se
1714 1765 1783 1792 mul-

987 1806 1120 1840 tiplicatur
1135 1815 1142 1834 ε
1160 1815 1207 1841 pro
1232 1811 1288 1835 toto
1311 1809 1427 1841 ponitur,
1454 1813 1482 1835 nt
1511 1817 1546 1836 xn
1570 1810 1670 1843 tbroni,
1692 1815 1718 1838 ει
1744 1819 1781 1839 xn

988 1854 1083 1884 tribus.
1098 1853 1160 1880 dunt
1179 1862 1225 1888 per
1240 1862 1276 1881 xn
1293 1855 1403 1882 tltronos
1415 1863 1508 1883 omnes
1521 1856 1680 1891 judicantes,
1697 1861 1724 1884 ct
1737 1865 1784 1893 pet·

989 1899 1127 1926 duodecim
1141 1900 1224 1927 tribus
1238 1908 1331 1928 omnes
1346 1906 1439 1936 gentes
1455 1902 1648 1936 significantur.

1026 1946 1069 1972 (10¹.
1092 1945 1144 1972 Pro
1158 1953 1187 1973 se
1201 1946 1259 1980 ipso
1272 1952 1371 1979 autem,
1388 1947 1456 1975 sicut
1475 1947 1617 1975 duodecim
1643 1956 1691 1983 per
1717 1948 1784 1977 duo-

988 1993 1075 2019 decim
1101 1997 1210 2019 centum
1234 1993 1410 2028 quadraginta
1432 1998 1546 2028 quatuor
1572 1994 1702 2029 efficiunt,
1732 2002 1785 2030 quo

989 2048 1101 2067 numero
1111 2040 1199 2067 omnis
1215 2041 1332 2068 Ecclesia
1349 2041 1516 2076 designatur.
1543 2042 1613 2070 ldem
1628 2047 1716 2071 autem
1732 2043 1786 2072 sre-

989 2087 1113 2121 quentior
1135 2092 1176 2114 cst
1201 2087 1228 2114 in
1251 2087 1408 2122 Scriptnris,
1426 2093 1452 2115 et
1467 2088 1536 2116 inter
1551 2097 1644 2117 omnes
1659 2097 1785 2118 numeros

990 2132 1105 2160 babetur
1120 2132 1251 2168 insignior
1262 2138 1370 2168 propter
1381 2142 1513 2162 summam
1528 2135 1741 2170 patriarcharum
1757 2140 1785 2164 ει

990 2181 1185 2214 apostolorum.

1027 2224 1077 2251 67..
1093 2225 1278 2252 Duodenarius
1302 2230 1343 2253 est
1364 2233 1490 2254 numerus
1506 2228 1698 2262 apostolorum,
1715 2228 1785 2256 idem

180 2262 224 2289 62.
245 2262 312 2290 ilinc
326 2268 367 2290 est
382 2264 453 2298 quod
475 2264 558 2290 Adam
575 2265 719 2298 progenies
740 2272 787 2298 per
806 2265 870 2293 Cain
894 2275 939 2294 us·
951 2264 977 2294 D
990 2269 1070 2297 etiam
1085 2275 1112 2297 et
1127 2271 1352 2305 patriarcharum
1369 2276 1431 2298 sunt
1444 2272 1514 2299 enim
1530 2277 1556 2299 et
1572 2273 1681 2300 totidem
1697 2274 1786 2301 mino-

145 2315 197 2343 qne
209 2307 242 2335 ad
258 2308 386 2335 diluvium
402 2309 550 2337 undenario
572 2318 684 2338 numero
705 2311 876 2345 terminatur,
903 2314 937 2340 ad

145 2354 350 2393 significandum
365 2354 469 2382 scilicet
480 2360 630 2389 peccatum,
644 2356 712 2390 quod
726 2363 773 2390 per
788 2361 938 2392 transgres-

179 2411 223 2438 57.
247 2411 275 2438 ln
288 2412 339 2439 Ms.
354 2416 409 2438 erat
423 2412 530 2446 accipiet
546 2420 594 2447 pro
607 2413 725 2448 accipies.

170 2446 225 2488 58.
238 2446 266 2488 ln
280 2447 342 2480 Ms.,
358 2446 400 2474 hic
414 2451 441 2474 ει
454 2447 527 2480 alibi,
542 2449 569 2475 in
584 2447 757 2484 Apocalypsin
769 2455 817 2483 pro
829 2448 854 2475 in
868 2449 938 2485 Apo-

145 2481 305 2546 calssqgflSibi
319 2517 408 2559 pertiae
420 2522 466 2545 est.
481 2517 510 2546 ld
523 2522 575 2552 εει,
590 2523 618 2546 ιιι
632 2523 706 2553 puto,
721 2518 791 2553 quod
807 2527 880 2547 num.
891 2519 938 2554 25,

145 2561 171 2629 ,ἢ
182 2554 444 2623 ἓῗῗρὲιςτῖἕ,θῗιιιίι.ὶη
463 2589 578 2623 partibus
597 2589 684 2616 suis...
703 2589 774 2625 quod
787 2594 824 2617 est
837 2598 918 2618 anum
929 2610 938 2625 ‚

146 2628 251 2685 ⁸mnia.
272 2658 300 2685 ln
316 2659 367 2687 Με.
381 2659 503 2687 monade:
516 2667 564 2695 pro
578 2668 677 2687 monas.

173 2693 253 2735 Ἰζιίά.
274 2694 314 2721 Ex
332 2698 425 2722 sancto
445 2696 594 2730 Augustino
614 2703 696 2724 set-nt.
720 2695 845 2732 51,cap.
864 2695 899 2722 25
913 2700 941 2724 ct

146 2728 228 2792 augg.
247 2763 393 2799 Progenies
415 2765 450 2794 ab
473 2765 557 2794 Adam
576 2774 661 2800 usque
679 2765 713 2794 nd
736 2766 793 2794 Noe
813 2765 940 2795 dicuntur

147 2797 241 2826 decem
255 2806 348 2834 supra,
365 2807 439 2828 num.
455 2800 499 2828 56.
517 2801 567 2830 fflc
585 2803 711 2830 dicuntur
731 2801 855 2840 undecim
876 2809 940 2836 pro-

98 2844 101 2845 r
147 2833 240 2867 gentes
253 2839 341 2876 usque
351 2834 386 2862 sd
400 2835 474 2878 “¹³⁰2
483 2835 549 2865 Noe.
567 2836 940 2876 Rationemyexplieorlstdo-

147 2873 194 2896 rus
204 2887 214 2902 ,
228 2874 288 2903 cop.
301 2868 320 2896 6
333 2877 362 2897 ιιι
376 2869 492 2899 Genesin
502 2891 512 2906 ,
527 2878 556 2899 n.
571 2871 617 2900 29.
639 2870 759 2909 Reposui
776 2872 941 2900 ammam

992 2323 1035 2343 res
1048 2316 1195 2351 prophetae.
1212 2317 1417 2351 Lapides-etiam
1435 2317 1587 2349 duodecim,
1610 2325 1676 2352 qnos
1697 2325 1786 2347 sacer·
1815 2320 1820 2338 s

990 2361 1068 2389 dotes
1089 2362 1230 2396 gestabant
1250 2362 1276 2388 in
1301 2366 1418 2396 pectore.
1439 2361 1583 2389 Duodecim
1605 2368 1732 2396 praeterea
1757 2365 1783 2392 in
1818 2373 1823 2379 ⁵

992 2417 1077 2444 hestiae
1089 2425 1169 2444 cornu
1183 2424 1230 2451 pro
1243 2417 1360 2444 undecim
1371 2417 1455 2444 bcstioe
1469 2425 1558 2444 cornu.
1572 2417 1667 2445 Posset
1680 2426 1786 2455 quoque

991 2451 1044 2484 legi
1059 2453 1177 2478 uttdecim
1190 2451 1276 2479 bestioe
1287 2459 1392 2478 cornua.
1409 2452 1461 2479 Sed
1487 2460 1520 2480 ex
1543 2452 1644 2480 Daniel.
1659 2461 1695 2481 vtt
1708 2475 1715 2486 ,
1729 2454 1764 2482 20
1774 2474 1784 2489 ,

993 2487 1187 2522 praeterendum
1212 2487 1318 2514 videtur
1335 2487 1454 2514 undecim
1474 2488 1561 2514 benioe
1572 2496 1662 2516 cornu.

1028 2522 1071 2549 65.
1093 2522 1217 2549 Nonnulli
1232 2527 1351 2549 veterum
1367 2523 1495 2549 mundum
1511 2528 1638 2551 autumno
1647 2525 1783 2554 conditum

993 2562 1183 2589 asseruerunt;
1197 2557 1243 2583 sed
1256 2557 1373 2620 plerigne
1384 2557 1477 2585 Patres
1487 2566 1570 2586 verno
1581 2563 1699 2594 tempore
1709 2568 1784 2588 crea-

994 2597 1049 2619 tum
1062 2593 1189 2619 mundum
1205 2595 1307 2624 tenent,
1343 2593 1438 2627 yrillus
1454 2593 1720 2629 hierosolymitanus.
1735 2596 1786 2623 ua-

992 2627 1079 2660 silius,
1092 2627 1285 2660 Nazianzenus,
1298 2628 1462 2660 Ambrosius.
1475 2628 1660 2657 'l'ltoodoretus
1683 2633 1712 2658 ει.
1725 2629 1783 2659 alii.

993 2661 1091 2690 Confer
1105 2662 1247 2690 concilium
1269 2663 1344 2696 iussu
1365 2663 1482 2691 Victoris
1502 2671 1578 2698 popae
1596 2672 1614 2691 ι
1635 2663 1786 2699 'l'beopbilo

991 2697 1174 2761 Διειέιιιιιδιίιιο
1200 2697 1363 2726 celebratum
1389 2698 1417 2726 in
1441 2699 1556 2734 append.
1580 2697 1619 2735 8¹¹
1640 2703 1707 2728 tom.
1728 2698 1763 2728 tlt
1773 2718 1784 2734 ‚

1009 2741 1023 2761 a
1045 2754 1052 2761 .
1122 2753 1130 2761 .
1764 2758 1766 2765 .

991 2740 1009 2767 p
1025 2741 1072 2796 gt.
1092 2769 1119 2796 Ιιι
1135 2768 1185 2796 Με.
1199 2773 1258 2796 orat
1277 2777 1337 2796 nam
1354 2769 1472 2806 quaterni
1494 2774 1543 2804 pro
1562 2795 1563 2800 ,
1584 2775 1619 2797 uo
1638 2769 1665 2797 le
1683 2777 1700 2798 ο
1722 2775 1785 2798 m

990 2809 1076 2836 quater
1101 2804 1177 2832 nemi.
1200 2803 1252 2831 Pro
1265 2805 1391 2832 exciditur
1404 2804 1480 2840 posui
1520 2841 1523 2843 ‚
1566 2804 1646 2841 ,itaq
1680 2809 1789 2834 ortus..

991 2838 1131 2874 tegendum
1143 2839 1222 2867 simut
1233 2840 1328 2875 auctio,
1340 2844 1371 2870 ει
1381 2847 1434 2868 non
1447 2842 1549 2873 tamn
1561 2843 1765 2869 emmam.
1778 2849 1779 2854 ¹
