1832 3016
19 146 87 183 tut

20 255 150 284 normam
164 254 233 290 gerit
246 253 343 289 prioris
357 252 458 287 populi,
478 252 524 287 qui
539 251 627 286 primo
640 251 759 279 omnium
776 259 825 285 per

21 302 204 338 §prophetiam
213 303 333 331 vocam,
347 301 376 326 et
391 297 518 325 invitatus
527 297 562 324 ad
575 297 707 325 audienda
720 297 826 332 eloquia

21 348 94 382 tDei,
108 347 216 376 refulsit
229 345 334 381 quidm
348 344 453 378 inlegis
465 343 618 378 splendore,
630 348 657 371 et
667 344 743 371 brevi
759 348 826 371 tem-

23 402 102 429 tpore
115 393 274 425 coruscavit,
289 392 335 418 sed
349 398 403 419 non
418 390 463 419 diu
478 391 638 425 permansit.

69 441 96 467 t.
112 440 178 468 Cum
199 445 262 474 ergo
280 437 392 465 dixisset
411 436 533 464 Debbora
554 437 587 464 nd
611 436 704 471 Barac,
727 437 753 465 id
774 442 824 471 est,

23 486 174 522 tproplietia
186 483 221 512 ad
235 484 352 518 priorem
368 483 495 518 populum
511 491 518 510 :
531 482 588 510 Tibi
602 484 722 519 proecepit
736 484 827 512 Domi-

26 539 90 564 >ans,
103 536 127 559 et
138 536 164 559 ιιι
177 531 296 558 ascendes
309 531 336 557 in
347 535 458 558 montem
472 530 584 565 Thabor,
608 535 631 558 et
646 532 731 567 accipe
741 532 826 559 decem

21 578 114 605 ιιιιίιιία
132 577 254 609 virorum,
273 576 413 610 respondit
435 576 520 603 Barac
545 583 578 604 ex
599 583 713 610 persona
731 578 825 610 prioris

22 621 122 657 ‚populi
145 622 184 653 ad,
203 621 400 656 prophetissam
417 629 424 647 ε
450 621 511 648 Non
531 622 679 654 ascendam,
697 622 746 648 nisi
761 626 784 648 et
799 627 825 649 tu

20 667 174 698 attenderit
187 675 295 694 mecam.
311 667 379 695 Dicit
392 667 426 695 ad
438 675 498 695 eum
513 667 634 695 Debbora
648 677 654 694 ε
670 667 719 695 Ibo
732 672 823 701 tecum,

22 714 76 746 need
97 721 149 740 tion
169 714 216 740 erit
230 714 356 748 primatus
369 718 429 740 tuus
444 714 472 741 in
488 714 529 741 nia
542 722 594 747 atta
608 714 715 748 incedit,
741 715 785 742 sed
799 716 826 742 in

24 767 109 787 muna
132 759 247 786 mulieris
271 759 354 786 tradet
382 758 511 787 Dominus
531 759 661 793 sisaram,
686 761 826 788 evidenter

21 805 185 838 ostendens.
200 805 262 840 quia
275 813 330 833 non
342 810 384 832 est
397 806 467 840 apud
482 805 557 833 illutn
572 806 701 841 populum
725 806 825 840 prima-

22 853 85 885 nus,
113 857 162 878 nec
181 854 320 885 permanet
342 850 412 886 apud
431 858 493 879 eum
513 851 633 879 victoriae
654 852 753 887 palma,
777 853 824 880 sed

23 940 84 969 ,ista
107 939 266 975 alienigena,
289 941 317 968 in
340 941 416 976 cujus
440 949 520 969 manu
545 942 655 970 victoria
677 942 748 971 sacta
772 948 823 979 est,

23 985 141 1020 Higuram
158 990 230 1013 tenet
243 986 370 1013 Ecclesiae
385 995 416 1014 ex
432 987 557 1022 gentibus
574 993 753 1023 congregatam

65 1031 147 1068 492
163 1032 189 1059 5.
205 1031 281 1059 satiet
305 1032 377 1059 enim
402 1032 592 1067 interpretatur
607 1035 721 1062 ascensio
732 1054 740 1067 ,
765 1035 827 1070 quia

21 1083 81 1113 mer
94 1076 241 1104 Ecclesiam
250 1078 402 1106 ascenditur
413 1078 447 1105 ad
461 1078 568 1106 coelum.
580 1079 630 1106 tsta
643 1080 702 1114 palo
710 1080 827 1108 Sisaram

22 1121 136 1151 libostem
150 1122 288 1157 interficit,
301 1122 327 1150 id
339 1127 390 1155 est,
402 1123 465 1158 ligni
480 1124 568 1152 crucis
581 1125 678 1152 virtute
693 1126 827 1154 diabolum

22 1166 173 1200 nlnterimit,
189 1167 260 1202 quod
275 1168 370 1202 Barac,
387 1168 412 1195 id
423 1173 475 1201 est,
489 1169 562 1203 prior
577 1171 688 1206 populus
703 1179 750 1205 per
762 1172 827 1207 legis

20 1218 165 1248 ppraecepta
172 1213 260 1241 facere
270 1221 323 1241 non
337 1214 435 1248 potuit;
444 1214 501 1241 sola
513 1216 583 1242 enim
598 1215 647 1243 ista
658 1224 705 1251 per
716 1217 827 1251 lignum,

26 1260 58 1287 u'n
72 1267 124 1294 quo
135 1259 316 1294 spiritualibus
327 1261 502 1288 sacramentis
511 1261 676 1289 credentium
691 1263 764 1290 salus
774 1268 826 1297 est,

23 1304 95 1333 uttdet
109 1304 212 1333 hostem
228 1305 328 1340 al'ligit;
350 1313 428 1340 quem
443 1306 543 1334 deinde
558 1311 692 1334 mortuum
714 1309 827 1342 pellibus

23 1351 143 1386 nohtegit,
165 1351 192 1379 id
207 1356 260 1384 est,
274 1351 407 1379 inclusum
431 1352 457 1378 in
481 1353 628 1379 carnalium
644 1353 769 1381 cordibus
781 1354 827 1381 dc-

23 1396 170 1433 metinqutt.
185 1397 243 1425 Non
266 1397 343 1431 enim}
357 1397 441 1425 latent
454 1398 590 1426 mortifera
606 1399 700 1433 ipsius,
724 1401 774 1428 nisi
799 1401 826 1428 in

23 1443 256 1477 eeonuptibilitate
272 1443 335 1470 vitae
349 1443 511 1477 viventibus,
531 1449 559 1472 et
582 1449 690 1479 peccata
705 1446 826 1474 mortalia

24 1489 258 1526 ..perpetrantibus
273 1489 329 1524 qui,
344 1489 420 1523 dum,
436 1497 518 1525 prave
532 1491 665 1525 viventes,
680 1499 827 1528 segregan—

0 1547 2 1558 =
27 1541 80 1566 ιιιιι·
92 1543 108 1564 a
121 1542 233 1572 corpore
247 1534 357 1568 Christi,
375 1535 528 1563 efficiuntur
543 1537 665 1565 membra
680 1537 789 1566 diaboli.

339 1580 452 1610 CAPUT
471 1581 514 1609 lll.

219 1627 259 1656 De
273 1628 378 1656 Getleon
391 1633 415 1656 et
429 1629 485 1664 ejus
497 1629 633 1664 sacrificio.

72 1672 96 1704 l.
109 1673 235 1702 Traditur
246 1673 344 1702 deinde
359 1674 475 1709 populus
488 1674 569 1702 lsrael
580 1675 607 1703 in
619 1683 698 1703 manu
710 1676 825 1710 Madian,

44 1731 54 1743 ιΔ
72 1732 76 1744 ι
105 1721 181 1756 cujus
206 1719 365 1748 liberatione
390 1720 508 1755 loquitur
533 1722 643 1757 angelus
667 1722 772 1750 Domini
793 1723 827 1750 ad

32 1766 159 1799 Gedeon3
187 1766 263 1801 eujus
286 1770 360 1801 gesta
381 1766 444 1801 quid
470 1767 583 1801 mystice
608 1768 758 1803 significent
782 1769 829 1796 de-

26 1811 237 1840 monstrandum
252 1817 304 1839 est.
321 1811 430 1839 Gedeon
444 1819 568 1847 namque,
585 1820 644 1841 cum
660 1814 709 1841 sub
727 1822 828 1849 quercu

34 1857 114 1887 tritici
139 1865 254 1885 messem
281 1858 354 1892 virga
384 1857 510 1891 exederet,
534 1862 561 1886 et
588 1859 671 1893 paleis
695 1859 827 1889 frumenta

0 1937 2 1941 λ
38 1907 181 1938 excuteret,
198 1904 322 1939 angelum
339 1903 415 1937 vidit,
432 1904 566 1939 accipiens
582 1905 615 1933 ab
629 1914 662 1934 eo
676 1907 827 1945 oraculum,

38 1952 63 1977 ut
75 1955 91 1977 a
105 1954 235 1985 potestate
259 1949 375 1977 hostium
399 1949 527 1984 populum
553 1951 600 1979 Dei
625 1952 651 1979 in
676 1952 828 1981 libertatem

42 1994 188 2023 educeret.
206 1995 257 2023 lste
272 1995 379 2023 Gedeon
395 1994 505 2029 figuram
520 1997 643 2030 gestabat
656 1997 768 2031 Christi,
784 1999 829 2034 qui

0 2051 3 2057 ·
41 2039 85 2068 uh
98 2039 190 2068 umbra
205 2045 304 2069 sanctae
322 2042 408 2070 crucis
430 2043 619 2077 praedestinato
636 2043 829 2071 incarnationis

33 2085 131 2113 t'uturae
169 2087 297 2122 mysterio
324 2090 482 2117 constitutus
494 2111 502 2122 ,
530 2090 693 2118 rectitudine
714 2091 806 2126 judicii
820 2111 827 2123 ‚

30 2132 111 2168 tquasi
133 2139 180 2168 per
197 2133 309 2168 virgam,
325 2134 485 2162 electionem
506 2141 659 2164 sanctorum
676 2144 690 2163 a
705 2137 829 2164 vitiorum

43 2175 119 2210 micis
133 2179 329 2212 sequestrabat.

70 2220 99 2249 2.
120 2221 168 2250 llic
177 2230 242 2258 ergo
253 2223 375 2257 Gedeon,
390 2232 449 2252 cum
461 2226 582 2254 audisset
593 2227 627 2254 ab
641 2228 735 2262 angelo
748 2228 828 2263 qnod,

2 2324 9 2330 =
39 2321 88 2341 nur
111 2313 214 2349 plebem
237 2322 312 2344 suam
335 2317 369 2344 ab
394 2317 516 2345 hostibus
539 2318 681 2354 liberaret,
707 2320 826 2354 protinus

48 2359 144 2388 to’dttm
165 2362 251 2395 coxit.
273 2363 350 2398 eujus
372 2371 467 2392 carnes
490 2365 636 2392 secundnm
662 2371 824 2402 praeceptum

0 2442 2 2447 ,
37 2405 124 2442 angeli
138 2406 217 2434 simul
231 2414 290 2437 eum
303 2410 404 2444 azymis
419 2417 500 2445 super
511 2416 614 2446 petram
629 2413 726 2447 posuit,
747 2413 828 2448 etius

0 2447 7 2469 Ι
38 2452 158 2480 ¹earnium
176 2452 290 2488 desuper
313 2454 416 2485 effudit.
439 2456 504 2489 Quae
529 2457 592 2485 dum
615 2458 726 2492 angelus
745 2459 828 2494 virgae

0 2493 7 2559 ε
46 2497 181 2526 zaeumine
198 2499 293 2533 tetigit.
306 2501 395 2529 statim
414 2501 447 2529 de
461 2506 537 2537 petra
554 2503 622 2539 ignis
635 2505 733 2539 erupit,
747 2509 827 2540 atquc

73 2565 103 2593 4.
118 2564 180 2599 Atii,
193 2565 222 2592 itt
235 2565 275 2594 via
287 2566 334 2594 liae
347 2574 423 2602 qttatn
433 2568 538 2598 imeit.
553 2571 638 2600 Attttv.

74 2600 141 2628 cae.
157 2607 195 2627 ιιι.
211 2600 243 2627 N.
258 2602 285 2629 t.
301 2601 341 2628 Ex
353 2601 428 2639 orig.
445 2603 537 2633 homil.
553 2606 582 2638 8.
597 2611 624 2635 et
642 2609 724 2644 Aug..
743 2616 825 2638 serm.

38 2634 93 2663 tos
107 2635 142 2662 de
154 2639 236 2670 temp.
250 2635 344 2664 Gattt..

76 2668 105 2696 t.
119 2668 174 2697 Pro
194 2670 377 2704 redemptionis
392 2677 486 2701 noum
503 2675 625 2711 nlipiotu
638 2686 655 2705 a
668 2680 771 2715 populis
783 2681 829 2708 de-

4 2696 6 2700 '
54 2704 277 2746 urendam—Pro
291 2706 412 2742 reliqiotte
426 2708 515 2743 pop-tt
526 2710 703 2746 deferendum,
716 2715 798 2750 Aug„
812 2723 829 2744 a

2 2752 3 2756 =
41 2750 54 2774 ,ς
79 2746 98 2768 o
113 2740 237 2768 videntur
249 2740 344 2769 abesse
366 2741 427 2770 dua
447 2750 527 2772 voees
540 2745 715 2781 redemptione
730 2755 829 2778 nostra.

51 2778 69 2831 'a
104 2791 121 2831 1η
160 2776 326 2840 maronam
344 2777 519 2814 deferendam,
543 2779 608 2808 Bed-
631 2786 660 2810 et
683 2782 752 2818 val„
777 2792 832 2816 non

94 2862 102 2881 2
116 2864 132 2872 „
167 2853 204 2875 tv.
227 2846 261 2875 Ν.
282 2847 309 2874 t.
328 2847 371 2876 Ex
394 2847 490 2878 iisdem
507 2849 586 2887 loeis,
601 2854 699 2888 pretet·
717 2860 750 2884 ea
771 2861 831 2893 qrae

357 146 583 186 ouAEsrtom
599 145 635 176 ΙΝ
655 146 735 176 vm.
757 146 905 175 Tsenti.
927 162 963 169 -—
983 147 1016 176 lN
1037 148 1166 178 Limum
1186 149 1348 179 molenti.

19 204 165 245 §meris
189 207 342 244 resplendet
371 210 400 234 et
426 205 534 234 desinit.
562 204 611 233 ilie
637 211 702 240 ergo
739 205 912 235 BaraeAita
937 206 1098 234 sacrificium
1122 207 1192 242 quod
1219 206 1385 235 offerebatur
1416 206 1588 243 absumptum
1615 212 1669 236 est.

1616 148 1670 177 332

916 251 942 279 5.
959 253 1018 285 Quo
1032 252 1131 280 indicio
1141 252 1306 280 declaratum
1321 253 1427 281 videtur
1446 253 1518 288 quod
1537 257 1611 288 petra
1626 253 1671 282 illa

879 302 970 334 typum
994 299 1118 328 habuerit
1135 299 1257 331 corporis
1272 299 1382 332 Christi,
1406 299 1491 327 Paulo
1504 303 1647 327 attestante
1662 309 1669 326 :

879 345 958 372 Petra
973 351 1056 372 nutem
1072 350 1126 373 erat
1139 345 1256 373 Christus
1269 345 1297 381 (1
1312 345 1373 372 Cor.
1385 345 1423 381 x).
1440 350 1499 373 sam
1515 351 1579 374 tunc
1592 347 1673 382 igitur

878 391 904 418 in
920 391 1048 426 mysterio
1069 391 1235 418 declaratum
1259 396 1301 418 est
1322 391 1384 426 quia
1404 391 1532 418 Dominus
1552 391 1631 419 lesus
1646 393 1673 420 in

877 442 959 463 carne
972 443 1019 462 sna
1038 435 1117 463 totins
1133 435 1224 462 mundi
1250 439 1357 469 peccata
1381 435 1524 463 crucifixus
1541 436 1672 470 aboleret,

878 489 927 510 nec
949 481 1035 509 solum
1057 481 1154 508 delicta
1177 481 1322 514 tactorum,
1343 482 1391 509 sed
1411 483 1491 509 etlam
1514 483 1674 517 cupiditates

878 532 1003 564 purgaret
1014 527 1176 555 animorum.
1189 528 1258 555 Caro
1267 529 1340 555 enim
1351 528 1432 564 493
1445 529 1512 556 haedi
1524 529 1557 556 ad
1568 530 1673 565 culpam

878 577 938 604 sacti
964 575 1090 610 refertur,
1105 575 1158 611 2jus
1176 577 1210 603 ad
1236 576 1377 604 illecebras
1391 576 1580 612 cupiditatum,
1604 577 1672 604 sicut

876 623 1005 658 scriptum
1024 626 1089 650 est:
1114 622 1182 654 Quia
1204 622 1349 656 concupivit
1372 622 1484 657 populna
1507 623 1673 657 stupiditatem

877 670 1024 703 pessimam,
1045 673 1068 695 et
1083 669 1203 696 dixerunt
1217 676 1225 695 .-
1242 668 1307 702 Quis
1320 676 1367 695 nos
1380 668 1474 696 cibabit
1487 669 1585 696 carue?
1598 668 1675 702 Quod

877 715 956 750 igitur
971 714 1091 742 extendit
1105 715 1216 750 angelus
1231 715 1343 749 virgam,
1360 719 1388 742 et
1407 715 1494 750 tetigit
1508 720 1624 750 petram,
1641 716 1675 743 de

877 768 928 796 qua
947 761 1015 795 ignis
1029 761 1122 794 exivit,
1146 761 1264 788 ostendit
1275 761 1347 796 qnod
1372 769 1436 789 cat-o
1450 761 1566 791 Domini,
1579 763 1675 796 spiritu

877 810 978 844 repleta
1005 809 1106 842 divino,
1121 813 1231 844 peccata
1254 809 1343 837 omnia
1366 809 1529 836 conditionis
1550 809 1675 836 hnmana:

878 860 1015 883 exureret.

24 895 101 931 apud
119 894 195 923 Jahel
215 895 364 930 mulierem,
381 896 407 924 id
422 901 474 929 est,
491 896 654 931 Ecclesiam;
671 905 731 925 nam
748 898 826 928 tanet
842 895 865 925 B
916 901 943 929 4.
959 901 1035 929 Unde
1049 904 1076 928 et
1091 901 1221 929 Dominus
1241 901 1278 929 ait
1301 909 1309 928 ι
1335 901 1427 937 Ignem
1449 902 1505 930 veni
1527 902 1626 929 mittere
1649 902 1675 929 in

880 951 973 974 terram
988 947 1064 981 (Luc.
1081 947 1141 982 xit).
1160 947 1282 975 Advertit
1297 948 1377 982 igitur
1391 949 1431 975 vir
1446 948 1541 976 doctus
1564 952 1591 975 et
1607 955 1675 982 prte-

877 999 958 1027 sagus
974 992 1123 1020 futurorum
1133 1001 1247 1027 superna
1260 994 1399 1028 mysteria.
1415 994 1447 1021 Et
1458 994 1518 1021 ideo
1529 994 1675 1021 secundum

879 1038 986 1066 oracula
999 1038 1097 1066 occidit
1110 1039 1220 1066 vitutum
1233 1046 1247 1066 a
1262 1044 1337 1073 patre
1350 1047 1399 1067 suo
1413 1040 1491 1067 idolis
1504 1040 1674 1074 deputatum,

879 1089 907 1113 et
923 1085 980 1119 ipse
990 1090 1147 1119 septennem
1163 1086 1244 1112 alium
1257 1086 1368 1113 vitulum
1383 1087 1529 1114 immolavit
1540 1087 1604 1114 Deo.
1617 1087 1675 1120 Quo

881 1131 951 1158 sacto
966 1130 1186 1158 manifestissime
1196 1132 1324 1159 revelavit
1338 1136 1398 1165 post
1410 1132 1553 1159 adventum
1570 1132 1675 1160 Domini

879 1175 970 1203 omnia
984 1175 1141 1209 gentilitatis
1162 1176 1291 1203 abolenda
1303 1184 1363 1204 esse
1374 1177 1517 1211 sacrificia,
1534 1177 1675 1212 solumque

880 1221 1040 1249 sacrificium
1057 1222 1111 1248 Deo
1124 1222 1265 1249 dominicae
1278 1223 1407 1256 passionis
1423 1230 1471 1257 pro
1482 1223 1675 1257 redemptionis

881 1274 980 1295 nosti-:e
1006 1268 1136 1302 religione
1165 1276 1180 1295 a
1210 1269 1314 1303 populis
1350 1269 1535 1296 deserendum.
1569 1269 1674 1296 Etenim

880 1314 978 1341 vitulus
1001 1314 1046 1341 ille
1066 1318 1124 1340 erat
1143 1314 1169 1340 in
1190 1318 1253 1348 typo
1266 1314 1376 1347 Christi,
1393 1314 1419 1341 in
1439 1321 1492 1348 qno
1511 1315 1674 1349 septiformis

880 1358 1058 1391 spiritualium
1083 1358 1220 1393 plenitudo
1243 1359 1385 1393 virtutum,
1408 1359 1478 1386 sicut
1498 1359 1578 1387 lsaias
1600 1360 1673 1394 dicit,

879 1405 1020 1432 inhabitat.
1338 1415 1341 1418 ι

1188 1449 1302 1477 CAPUT
1322 1450 1367 1478 tv.

1148 1495 1185 1523 De
1195 1495 1286 1523 vellere
1298 1501 1323 1523 et
1337 1503 1409 1525 area.

917 1540 1082 1568 1.1¹raevi‹lit
1104 1547 1167 1575 ergo
1187 1542 1345 1576 mysterium
1361 1542 1480 1569 victoria:
1503 1542 1624 1576 cedson,
1649 1548 1675 1571 et

841 1582 864 1614 C
880 1591 968 1615 tamen
980 1587 1041 1615 licet
1057 1587 1131 1615 sortis
1147 1591 1174 1615 et
1190 1587 1259 1615 fidus
1275 1588 1393 1622 pleniora
1408 1589 1496 1616 adhue
1509 1589 1543 1617 de
1559 1590 1673 1617 Domino

847 1653 849 1656 ⁴
879 1633 975 1660 futurae
989 1633 1109 1660 victorias
1130 1633 1291 1661 documenta
1306 1634 1454 1668 quaerebat,
1473 1639 1503 1662 ut
1526 1643 1577 1662 una
1599 1640 1676 1663 nocte

879 1678 947 1706 lanae
963 1679 1048 1706 vellus
1063 1680 1089 1707 in
1105 1686 1167 1707 area
1183 1683 1344 1713 poneretur,
1367 1683 1394 1707 et
1416 1684 1487 1708 esset
1509 1688 1590 1715 super
1612 1681 1675 1708 illud

881 1725 1068 1752 tantummodo
1094 1732 1150 1758 ros,
1169 1730 1196 1752 ct
1219 1732 1302 1759 super
1317 1733 1424 1753 omnem
1442 1731 1540 1754 terram
1558 1727 1674 1755 siccitas.

880 1771 915 1799 Et
929 1778 1021 1798 rursus
1037 1770 1160 1799 similiter
1184 1777 1328 1805 poneretur
1342 1771 1437 1805 vellus,
1453 1777 1480 1800 et
1499 1781 1579 1808 super
1595 1778 1676 1801 totam

882 1822 978 1844 terrain
993 1825 1037 1844 ros
1054 1817 1169 1851 plueret,
1183 1822 1210 1845 et
1225 1818 1332 1845 siccitas
1344 1823 1415 1846 esset
1429 1819 1454 1846 in
1467 1820 1577 1847 vellere.

917 1863 944 1890 2.
960 1863 1068 1896 Quaeret
1083 1863 1198 1891 sortasse
1215 1863 1311 1898 aliquis
1328 1869 1415 1892 utrum
1433 1866 1508 1900 quasi
1524 1866 1677 1894 incredulus

880 1917 941 1938 esse
959 1910 1091 1942 videatur,
1113 1909 1158 1944 qui
1180 1909 1365 1944 frequentibus
1384 1911 1438 1945 jam
1465 1911 1550 1940 suerat
1574 1913 1676 1940 indiciis

882 1957 1053 1985 informatus.
1070 1956 1157 1984 Absit.
1179 1956 1236 1984 Non
1251 1957 1323 1984 enim
1337 1957 1381 1985 ille
1394 1958 1531 1994 ambiguus
1546 1965 1614 1991 erat.
1629 1961 1676 1989 scd

883 2001 1008 2030 nimirum
1036 2001 1121 2028 lutura
1147 2002 1272 2037 mysteria
1304 2003 1478 2036 praevidebat.
1509 2005 1573 2038 Quae
1595 2006 1675 2033 etiam

883 2047 1010 2081 providus
1025 2046 1231 2082 diligentissime
1253 2048 1419 2082 explorabat,
1436 2054 1465 2075 ut
1486 2051 1600 2084 amplius
1618 2059 1677 2079 cre-

881 2094 958 2123 deret
972 2098 999 2121 et
1010 2094 1177 2129 mysterium,
1191 2094 1254 2122 dum
1268 2094 1444 2123 intellexisset
1456 2097 1604 2124 oraculum.

918 2142 944 2167 5.
962 2140 1031 2173 Quid
1048 2148 1112 2174 ergo
1124 2141 1208 2168 vellus
1222 2141 1398 2175 complutum,
1423 2146 1450 2169 et
1470 2149 1531 2170 area
1552 2143 1633 2175 sicca,
1650 2148 1677 2170 ct

883 2191 975 2221 postea
998 2187 1131 2221 compluta
1155 2186 1238 2222 494.
1253 2194 1314 2214 area
1330 2188 1404 2214 sicco
1416 2188 1518 2215 vellere
1532 2189 1674 2223 significat,

884 2232 935 2260 nisi
947 2232 1016 2267 quod
1030 2233 1115 2267 primo
1128 2240 1180 2260 una
1192 2239 1257 2266 gens
1271 2232 1444 2260 llebraeorum
1460 2233 1573 2262 habebat
1584 2235 1676 2269 gratim

0 2281 2 2287 ·
32 2265 224 2296 ¹d0fl⁶ie¹¹¹ibus
241 2269 400 2304 l¹⁰l³¹¹¹⁰fu¹¹¹
416 2270 542 2304 millibus,
557 2272 582 2299 5¹¹
599 2280 651 2300 ⁰¹¹⁰
664 2273 720 2300 Viro
737 2273 828 2300 Domi·
842 2268 867 2297 D
880 2279 1048 2315 mysterium,
1067 2283 1137 2306 totus
1158 2279 1232 2307 orbis
1245 2286 1346 2307 vacuus
1359 2285 1429 2314 erat,
1441 2276 1524 2307 'nunc
1544 2285 1633 2308 autem
1647 2280 1675 2307 in

877 2325 1092 2352 manifestatione
1114 2325 1212 2352 Christi
1236 2330 1306 2353 totus
1332 2326 1412 2353 habet
1438 2327 1488 2354 hoc
1510 2327 1594 2358 orbis,
1627 2327 1674 2352 illi

876 2377 959 2398 vacua
988 2370 1047 2398 est?
1068 2371 1137 2398 Area
1160 2370 1230 2399 enim
1253 2370 1297 2399 illa
1320 2376 1404 2399 totum
1427 2371 1519 2399 orbem
1544 2376 1674 2399 terrarum

879 2416 1021 2451 significat.

915 2463 944 2490 4.
962 2462 1082 2496 Denique
1101 2462 1209 2496 quando
1235 2466 1306 2489 totus
1328 2463 1402 2489 orbis
1417 2462 1583 2489 intruetuoso
1603 2464 1675 2490 cuttu

877 2508 984 2544 gentilis
998 2506 1195 2542 superstitionis
1215 2506 1319 2539 arebat,
1335 2510 1397 2534 tune
1417 2510 1478 2534 erat
1491 2514 1537 2534 ros
1559 2507 1604 2534 ille
1620 2513 1676 2534 οω-

913 2575 941 2602 2.
957 2575 1070 2609 Quoeret.
1090 2573 1128 2602 lta
1148 2573 1294 2601 Albornoz.
1310 2573 1412 2602 Codex.
1427 2572 1555 2608 Grialius,
1570 2576 1673 2611 quaerlt.

879 2611 964 2639 Anev.

914 2645 942 2673 5.
959 2644 1028 2679 Quid
1046 2652 1107 2679 erqo
1131 2644 1220 2677 vellus,
1246 2651 1330 2679 nsque
1350 2643 1384 2671 ad
1408 2651 1489 2671 vacua
1510 2648 1559 2680 est,
1580 2652 1614 2672 ex
1638 2653 1674 2673 xn

880 2685 969 2709 contr.
988 2679 1091 2710 Faust..
1106 2686 1165 2715 cap.
1180 2678 1226 2706 52.
1241 2679 1338 2708 Gittitt.

916 2715 985 2743 Ibid.
1004 2714 1056 2741 ma
1068 2722 1147 2742 vacua
1158 2718 1203 2741 est.
1215 2729 1250 2736 --
1269 2713 1383 2745 vacuata
1394 2718 1442 2748 ert,
1459 2716 1498 2744 Au
1518 2733 1527 2743 .
1542 2714 1637 2743 Genu„

917 2751 944 2778 t.
961 2750 1128 2785 Infractuoto
1140 2749 1223 2777 culta.
1237 2764 1272 2771 —
1283 2748 1395 2784 Instat.
1411 2756 1484 2785 treta,
1521 2758 1565 2786 ug.
1577 2750 1673 2779 cunt.

918 2786 987 2814 uid.
1001 2784 1036 2812 111
1056 2789 1104 2817 eet,
1119 2785 1146 2812 itt
1159 2784 1263 2813 Judoea.
1285 2785 1391 2813 additae
1405 2791 1468 2817 sunt
1482 2786 1525 2815 lm
1546 2793 1627 2815 vot-os
1640 2794 1674 2817 ex

863 2836 865 2838 ·
882 2821 923 2850 Αιι
943 2825 995 2849 nst.
1010 2827 1070 2854 qnae
1083 2819 1196 2848 deerant
1209 2820 1236 2847 in
1250 2819 1312 2849 Mas.
1329 2819 1424 2849 canit.

935 2857 987 2884 bid.
1003 2854 1090 2883 1mter
1101 2855 1198 2884 ille.—
1211 2855 1362 2892 ucat-sque
1373 2863 1432 2884 sttot
1446 2858 1505 2895 setta
1516 2856 1562 2886 tuo
1573 2856 1673 2890 mm

861 2906 866 2911 ·
878 2891 999 2938 incertia
1009 2890 1122 2937 pontium
1134 2890 1346 2928 devinctum-Aug.
1360 2890 1455 2921 Gutt-
