1832 3016
152 180 221 211 ¹095

152 285 289 318 plusquam
302 277 556 312 quadringentorum
581 275 708 302 librorum
723 273 857 300 volumina
880 280 943 307 sup-

153 330 288 362 putantur.
305 322 480 350 Homiliarum
495 327 559 348 vero
582 323 610 347 et
630 319 803 354 epistolarum
818 319 943 353 quaestio-

152 377 268 405 numque
295 367 413 395 infinitus
439 366 535 393 modus
559 369 610 398 est,
635 369 665 391 ut
695 371 763 399 pene
790 364 832 390 vix
858 363 943 397 possit

151 417 291 452 quisquam
307 412 421 441 articulo
436 418 484 439 suo
500 411 585 438 aliena
608 414 680 437 tanta
700 409 829 442 scribere,
845 413 943 445 quanta

152 464 196 492 iile
207 462 316 499 proprio
331 460 421 488 labore
430 458 594 494 composuit.

434 514 548 543 CAPUT
567 513 651 542 xxtt.

185 568 231 595 28.
241 565 400 599 Primastus,
415 565 558 593 Africanus
569 563 879 599 episcopus‚composuit
888 570 944 590 ser-

151 620 230 642 mone
241 611 399 639 scholastico
413 610 446 638 de
458 609 610 637 ilaeresibus
622 614 675 636 tres
690 609 772 636 libros
787 609 944 636 directosad

152 659 328 688 Fortunatum
343 658 514 692 episcopum,
534 656 672 691 explicans
696 655 722 682 in
742 655 782 682 eis
795 655 865 689 quod
880 654 944 682 olim

151 706 324 734 beatissimus
337 703 502 738 Augustinus
523 703 549 730 in
572 702 640 730 libro
655 702 799 730 liaereseon
819 702 945 737 imperfe-

152 756 240 784 ctum,
269 754 355 778 morte
376 748 588 782 interveniente,
619 749 788 782 reliquerat:
810 748 835 775 in
859 748 945 782 primo

155 798 233 834 152
242 804 355 831 namque
366 795 510 823 ostendens
522 795 584 830 quid
597 794 750 821 haereticum
760 794 847 827 faciat,
862 793 888 821 in
903 802 945 821 se-

152 843 239 872 cundo
251 847 279 870 et
294 842 373 870 tertio
383 842 506 876 digerens
521 841 584 876 quid
598 841 752 868 haereticum
767 840 943 868 demonstret.

433 897 546 925 CAPUT
565 897 661 924 xxttt.

187 949 231 975 29.
244 948 392 982 Proterius,
403 947 591 975 Alexandrina}
603 947 728 974 Ecclesiae
749 947 870 979 antistes,
880 948 947 975 scri-

153 995 206 1030 psit
220 994 347 1029 epistolas
364 993 398 1021 ad
418 993 534 1021 Leonem
555 994 682 1021 Romanae
705 993 776 1021 sedis
791 994 947 1028 episcopum

154 1041 190 1069 de
209 1041 353 1068 testivitate
382 1040 511 1075 paschali.
537 1039 614 1066 Hunc
632 1044 720 1066 autem
744 1039 842 1066 Leonis
857 1040 948 1073 Augu-

153 1086 187 1113 sti
207 1085 371 1120 temporibus
398 1084 518 1112 Dioscori
547 1085 665 1112 haeretici
691 1091 873 1117 successoreS,
898 1091 948 1111 au-

153 1136 227 1160 ctore
243 1131 394 1164 Timotheo,
417 1131 552 1158 seditione
573 1131 653 1163 facta,
672 1130 858 1158 crudelissime
871 1137 949 1164 pere-

153 1181 269 1209 merunt,
291 1176 435 1211 ipsumque
449 1176 620 1204 Timotheum
639 1176 690 1203 sibi
706 1184 753 1211 pro
768 1175 949 1203 Alexandrino

154 1223 280 1259 episcopo
302 1226 464 1250 statuerunt.

431 1278 545 1307 CAPUT
565 1279 659 1306 xxtv.

190 1329 234 1358 50.
247 1330 438 1363 Paschasinus,
453 1329 602 1357 Siciliensis
616 1328 948 1364 episcopus,'ediditunam

155 1375 293 1410 epistolam
319 1375 484 1409 paschalem,
509 1375 542 1401 ad
558 1375 674 1402 Leonem
702 1374 882 1408 supradictum
903 1382 948 1408 pa-

156 1430 215 1457 pam
230 1422 368 1455 directam,
386 1422 411 1448 in
425 1429 475 1455 qua
491 1421 572 1448 refert
585 1421 719 1455 paschaiis
734 1421 853 1455 mysterii
869 1420 949 1447 mira-

156 1469 243 1496 cutum
261 1468 302 1496 his
318 1468 408 1496 verbis
421 1467 496 1498 :Est,
523 1468 618 1502 inquit,
632 1468 768 1501 possessio,
790 1475 848 1501 quoe
861 1467 949 1501 appet-

156 1514 224 1541 latur
236 1514 368 1547 Metlinas,
382 1514 408 1540 iu
424 1513 551 1540 montibus
573 1513 672 1545 arduis,
694 1520 724 1539 ac
738 1511 807 1539 silvia
827 1511 949 1538 densissi-

157 1561 205 1588 mis
226 1561 364 1587 constituta
378 1579 386 1592 ,
411 1559 465 1586 illic
486 1567 612 1593 perparva
636 1564 711 1593 atque
725 1559 768 1585 viti
791 1566 865 1592 opere
888 1565 948 1584 con·

157 1611 252 1634 structa
266 1605 382 1633 Ecclesia
395 1610 445 1639 est,
473 1606 501 1631 in
524 1606 599 1638 cujus
614 1605 760 1639 baptisterio
772 1610 844 1632 nocte
858 1612 944 1631 sacro-
959 1602 983 1634 C

961 916 986 946 B

191 1680 259 1707 Ibid.
279 1680 353 1707 Notae
382 1680 409 1707 in
438 1680 564 1707 Editione
593 1680 687 1707 Grialii
715 1679 835 1707 confusae
862 1685 950 1708 erant.

157 1716 275 1744 Joannes
290 1716 396 1743 Salinas
417 1715 531 1743 Possidii
554 1716 700 1742 indiculum
721 1720 748 1742 et
770 1715 857 1742 Vitam
881 1723 952 1743 anno

158 1752 225 1779 1751
245 1752 336 1779 Romae
351 1753 422 1785 typis
437 1751 536 1783 edidit,
551 1751 663 1785 ejusque
683 1750 762 1777 tidem
785 1755 874 1778 tuetur
888 1758 952 1778 con-

158 1792 197 1814 tra
212 1786 341 1814 ioannem
364 1786 516 1818 Clericum,
532 1786 588 1813 sive
604 1786 789 1820 Phereponum
801 1806 807 1817 ,
824 1786 851 1812 ἱη
867 1786 953 1812 anim-

158 1822 357 1849 adversionibus
370 1822 403 1848 ad
418 1822 503 1848 sancti
519 1821 658 1856 Augustini
677 1829 769 1854 opera.
783 1820 868 1848 Vitam
889 1820 953 1848 Pos-

158 1857 238 1890 sidii,
264 1858 298 1883 ab
320 1858 427 1884 oculato
453 1861 521 1884 teste
545 1857 739 1889 conscriptam,
765 1856 847 1883 habes
872 1858 951 1883 etiam

159 1892 227 1926 apud
242 1892 419 1919 Bollandistas
434 1892 467 1918 ad
483 1892 552 1919 diem
570 1892 602 1918 ¹7
618 1892 688 1918 Maii.
705 1891 790 1918 Ansv.

193 1927 239 1955 28.
256 1927 410 1954 Primau’us.
422 1928 499 1954 Anno
516 1927 576 1954 555.
593 1926 662 1953 Ibid.
684 1925 866 1953 Fortunatam.
888 1926 952 1954 Pro-

159 1962 253 1989 vincioe
278 1963 421 1997 Byzacenae
435 1963 530 1989 dicitnr
546 1962 571 1989 in
587 1970 601 1988 v
622 1962 718 1988 concii.
736 1962 949 1996 constantinop„

159 1998 247 2025 collat.
263 1997 291 2023 2.
309 1997 376 2023 ibid.
403 1997 572 2024 Demonstrat.
591 1997 704 2024 Exstant
721 1996 780 2031 ejus
800 1997 950 2024 Comment.

160 2032 185 2059 in
201 2034 359 2068 Apocalyps.
373 2033 471 2059 Pertez.

195 2067 265 2094 Itn'et.
287 2068 352 2095 i’ost
379 2068 532 2094 demonstret
561 2068 587 2094 in
616 2067 751 2095 nonnullis
781 2067 951 2095 Editionibus

161 2102 279 2129 additur:
295 2103 393 2130 claruit
408 2102 556 2129 Justiniarw
569 2108 708 2138 regnante,-
726 2110 773 2136 pro
788 2102 950 2134 lastiniam),

161 2138 307 2170 mendose,
327 2137 445 2164 tuliano.
468 2138 575 2165 Miraeus
596 2139 634 2165 ait
654 2139 812 2165 Priumsium
834 2138 950 2172 obiisse,

162 2179 214 2198 non
228 2180 297 2198 anno
312 2174 381 2205 tto,
399 2178 426 2199 ut
440 2172 540 2207 Xystus
556 2173 686 2200 Senensis
711 2174 807 2205 refert,
823 2173 870 2200 sed
886 2173 948 2200 505.

163 2207 287 2234 Perezius
303 2207 402 2234 indicat
416 2215 515 2243 annum
532 2208 594 2234 553.
613 2210 701 2235 Ausv.

197 2241 242 2269 29.
258 2241 402 2268 Proterins,
427 2243 504 2268 Auno
518 2242 581 2268 457.
605 2241 674 2269 ibid.
691 2242 767 2269 Hunc
780 2247 875 2273 autem,
897 2248 948 2271 etc.

163 2276 336 2310 Nicephorus,
346 2277 391 2303 lib.
400 2283 510 2311 xv,c:ip.
521 2276 565 2308 t5;
573 2276 721 2308 Liberatus,
730 2284 788 2310 cap.
797 2277 840 2304 16.
849 2278 947 2305 Pensz.
962 2296 988 2325 D

197 2311 266 2339 Ibrd.
276 2312 392 2346 Epistola
405 2312 514 2338 Proterii
527 2312 560 2337 de
571 2312 695 2345 paschate
705 2312 774 2338 edita
782 2312 829 2338 fuit
837 2313 870 2339 ab
876 2313 949 2347 AEgi·

164 2347 207 2374 dio
219 2347 357 2379 Bucherio,
369 2354 427 2381 cap.
439 2345 457 2371 2
467 2346 650 2373 commentarii
661 2346 693 2373 ad
706 2346 814 2373 Victorii
827 2347 950 2381 Aquitani

163 2390 303 2410 canonem.
321 2382 371 2408 Pro
394 2389 550 2409 successores
573 2381 695 2408 Zaccaria
717 2381 874 2414 conjiciebat
896 2385 952 2417 sus-

165 2419 318 2453 [rayatoi-es.
333 2417 403 2444 Mors
427 2416 538 2443 Proterii
554 2417 664 2451 contigit
676 2424 746 2443 anno
759 2414 811 2443 457
823 2437 830 2448 ,
846 2422 949 2450 quarto,

167 2454 205 2479 vel
216 2473 224 2485 ,
240 2457 268 2484 uz
283 2453 326 2479 alii
345 2452 464 2483 malunt,
479 2451 573 2486 quinto
587 2452 646 2479 Kal.
661 2451 768 2486 Aprilis.
786 2454 870 2478 Ansv.

200 2487 245 2515 50.
254 2487 407 2523 Epictetum.
419 2489 495 2513 Anno
503 2482 556 2513 1145
569 2488 667 2520 scripta
678 2490 720 2514 est.
727 2486 849 2520 epistola.
858 2486 952 2513 Exstat

165 2531 224 2550 cum
240 2523 358 2558 epistolis
370 2522 483 2554 Leonis,
500 2526 563 2549 tom.
575 2522 584 2549 l
596 2522 696 2550 Concii.
714 2521 887 2548 Paschasinus
908 2521 950 2548 hic

167 2558 337 2594 Lilybetanns
349 2557 386 2593 (in
399 2556 499 2592 Sicilia)
514 2557 653 2592 episcopus
669 2557 726 2589 fuit,
741 2557 843 2592 legatus
853 2556 949 2583 Leonis

168 2601 241 2627 papa:
251 2594 278 2620 iu
288 2593 385 2620 concil.
397 2591 610 2620 chalcedonens.
619 2600 690 2619 atino
702 2591 765 2620 ⁴51.
778 2591 791 2618 Ι
795 2591 847 2618 bid.
859 2590 950 2625 Bapti-

168 2629 243 2655 zaudi
256 2629 328 2655 liora.
344 2627 461 2662 contigit
480 2635 551 2655 anno
567 2627 631 2655 4¹7.
647 2627 738 2656 Simile
751 2627 907 2654 miraculum
923 2626 948 2654 in

169 2663 293 2698 Hispania
303 2685 311 2697 ‚
326 2670 396 2690 anno
411 2662 478 2695 5⁸5,
500 2670 532 2690 ex
549 2662 660 2698 Gregor.
676 2662 839 2694 Turonens..
856 2662 904 2690 lib.
915 2669 946 2694 x,

168 2705 227 2732 cap.
242 2699 288 2731 22,
301 2703 326 2726 et
341 2698 489 2733 sigeberto.
507 2698 604 2725 Penez.

203 2733 274 2761 thid.
298 2733 381 2761 Notas
409 2732 541 2760 Editionis
569 2733 660 2761 Griaiii
685 2733 735 2761 hoc
762 2740 867 2769 quoque
890 2733 950 2760 ioco

169 2768 294 2796 confusas
309 2769 334 2796 in
349 2768 470 2796 ordinem
490 2768 590 2804 redegi.
613 2768 803 2802 Pau-hosium:
821 2769 856 2796 al.
867 2789 874 2801 ,
895 2767 950 2795 Pa·

170 2803 295 2831 maasias.
319 2803 371 2831 Pro
394 2803 532 2838 neuim,
552 2805 606 2837 al.,
627 2804 762 2837 Miuinau
779 2804 836 2836 al„
856 2802 951 2832 lumi-

171 2845 226 2869 no,·
249 2843 276 2865 et
296 2846 343 2872 pro
367 2838 493 2872 diucitin
514 2839 570 2873 ai.,
591 2840 679 2867 minus
701 2840 786 2873 bene,
809 2837 949 2867 detonuit.

173 2871 250 2904 Quod
273 2873 356 2900 refert
377 2878 485 2901 sauctus
508 2873 656 2910 Gregorius
678 2874 842 2903 Turonensis
863 2873 952 2902 simile

173 2907 330 2936 miraculum
354 2907 381 2936 in
402 2908 529 2944 Hispania
552 2909 701 2944 accidisse,
727 2909 845 2945 mirum,
867 2909 953 2947 inquit

663 173 693 200 S.
715 170 837 201 lSiDORi
857 170 1080 199 liiSPALENSlS
1101 170 1255 200 eviscot’t

151 244 257 267 merans
271 235 367 269 quanta
380 231 449 259 idem
465 222 637 258 beatissimus
653 228 746 255 doctor
758 228 875 262 scripsit,
891 227 937 254 ubi
953 227 978 257 Α
991 227 1210 261 sanctepaschaii,
1221 225 1368 261 baptizandi
1383 222 1526 258 hora‚'cwn
1537 225 1623 253 nultus
1634 225 1731 253 canalis
1741 227 1785 261 sit,

1718 171 1787 202 ¹09⁰
1806 146 1810 151 v

996 273 1034 299 vei
1045 272 1132 307 fistula
1139 281 1184 299 nec
1193 281 1260 307 aqua
1271 273 1474 306 onininovicina,
1486 272 1544 307 sons
1551 280 1583 299 cx
1595 279 1649 299 sese
1659 271 1786 307 repletum

997 317 1180 352 paucisquequi
1187 318 1280 352 fuerim
1288 318 1450 352 cortsecralt's,
1460 326 1516 344 cum
1523 318 1700 344 deductorium
1709 318 1788 354 15³

997 362 1096 388 nullum
1115 362 1163 395 nit,
1175 367 1203 389 ut
1215 367 1315 389 venerat
1336 371 1414 397 aqua,
1437 371 1468 389 ex
1486 370 1539 389 nese
1553 363 1669 390 discedit.
1684 362 1789 391 claruit

997 408 1047 435 sub
1061 407 1213 436 Theodosio
1225 407 1345 442 iuniore,
1363 409 1469 436 Arcadii
1491 409 1662 444 imperatoris
1677 409 1742 438 filio.

1284 466 1396 494 CAPUT
1416 466 1500 494 XXV.

1035 510 1081 536 31.
1095 509 1217 538 Julianus
1235 510 1343 544 quidam
1357 531 1364 543 ,
1380 511 1483 544 Gallus,
1502 516 1679 548 cognomento
1694 513 1790 541 Pome-

998 554 1067 582 rius.
1084 554 1133 581 llic
1146 560 1207 582 octo
1222 554 1304 582 libros
1319 555 1352 583 de
1363 556 1459 583 animae
1471 556 1569 584 Natura
1582 558 1608 584 in
1623 557 1718 593 dialogi
1733 565 1790 586 mo·

999 608 1056 628 rem
1083 601 1252 635 conscripsit.
1279 600 1379 628 tiorum
1401 601 1502 636 primus
1528 603 1646 630 continet
1669 603 1732 638 quid
1754 603 1790 631 sit

999 647 1097 680 anima,
1114 647 1155 675 vel
1168 647 1281 682 qualiter
1295 646 1420 674 credatur
1434 647 1467 674 ad
1490 647 1537 674 Dei
1550 648 1691 682 imaginem
1709 649 1788 676 tacta.

999 694 1029 721 ln
1043 693 1163 722 secundo
1177 694 1293 729 loquitur
1307 699 1396 721 utrum
1419 694 1506 721 anima
1529 700 1668 728 corporca,
1690 701 1724 721 an
1746 694 1790 722 in·

999 748 1128 776 corporea
1149 741 1195 768 sit.
1211 741 1240 768 ln
1267 741 1345 768 tertio
1363 740 1472 768 disserit
1493 741 1578 775 primo
1599 740 1698 768 homini
1721 740 1791 769 unde

1000 787 1087 814 anima
1102 787 1137 814 sit
1159 786 1238 814 facta.
1255 786 1284 813 in
1298 790 1394 820 quarto
1418 789 1506 813 utrum
1531 793 1598 813 nova
1620 786 1708 813 anima
1733 785 1791 814 sine

1001 839 1109 869 peccato
1121 834 1175 867 fiat,
1190 841 1223 860 an
1239 837 1377 867 peccatum
1398 832 1478 867 primi
1492 832 1608 860 hominis
1622 840 1655 859 ex
1669 831 1714 859 iilo
1727 839 1790 866 pro-

1000 883 1095 915 pagata
1106 878 1270 914 originaliter
1284 878 1382 905 trahat.

1034 924 1078 951 52.
1100 925 1128 951 ln
1154 924 1247 958 quinto
1269 923 1395 951 describit
1418 931 1476 958 quae
1499 923 1534 950 sit
1558 922 1668 950 facultas
1683 922 1790 950 animaez

998 969 1026 997 ln
1050 974 1126 997 sexto
1148 969 1282 1004 eloquitur
1298 969 1368 996 unde
1392 968 1426 996 sit
1441 968 1485 995 ilia
1505 967 1637 995 discordia
1652 975 1703 1003 qua
1717 967 1791 995 carni

998 1015 1128 1049 spiritus,
1157 1015 1198 1042 vel
1223 1021 1287 1041 caro
1310 1013 1414 1048 spiritui
1438 1013 1604 1040 adversatur.
1625 1012 1652 1039 ln
1678 1013 1791 1047 septimo

999 1064 1086 1086 autem
1103 1059 1196 1087 scribit
1212 1059 1246 1086 de
1265 1059 1412 1086 differentia
1425 1058 1538 1085 vitarum
1552 1062 1578 1085 et
1593 1057 1730 1089 mortium,
1748 1058 1793 1086 vel

1000 1107 1197 1135 resurrectione
1217 1105 1305 1132 carnis
1321 1110 1348 1132 et
1370 1105 1476 1137 animm,
1496 1105 1553 1132 sive
1575 1104 1609 1132 de
1631 1109 1718 1132 morte
1732 1111 1792 1132 car-

1000 1151 1056 1184 nis,
1082 1159 1113 1178 ac
1136 1151 1169 1178 de
1193 1150 1249 1185 ejus
1274 1150 1481 1178 resurrectione.
1507 1149 1535 1176 ln
1558 1154 1652 1176 octavo
1675 1149 1794 1184 loquitur

1001 1197 1034 1223 de
1062 1196 1105 1223 his
1133 1203 1192 1230 quae
1220 1196 1246 1222 in
1276 1195 1329 1222 iine
1355 1194 1445 1221 mundi
1470 1193 1556 1221 sutura
1581 1198 1662 1227 sunt,
1689 1193 1731 1221 vel
1758 1193 1794 1222 de

999 1242 1190 1278 quaestionibus
1205 1249 1264 1276 qnae
1285 1241 1373 1268 solent
1394 1240 1428 1269 de
1443 1240 1642 1268 resurrectione
1665 1240 1792 1275 proponi,

999 1290 1056 1316 sive
1081 1289 1115 1316 de
1129 1288 1226 1315 finibus
1240 1288 1370 1315 bonorum
1386 1292 1466 1322 atque
1486 1287 1628 1314 maiorum.

1036 1334 1079 1360 55.
1094 1334 1140 1361 ilic
1148 1339 1246 1366 tamen,
1255 1333 1281 1360 in
1291 1333 1407 1360 secundo
1419 1332 1537 1366 eiusdem
1546 1332 1634 1366 operis
1643 1331 1721 1365 libro,
1729 1332 1794 1360 Ter-

1001 1380 1101 1407 tulliani
1109 1379 1244 1406 erroribus
1253 1378 1435 1410 consentiens,
1444 1378 1558 1404 animam
1568 1384 1725 1412 corpoream
1733 1383 1794 1406 esse

1000 1424 1075 1456 dixit,
1093 1423 1249 1458 quibusdam
1266 1422 1316 1450 hoc
1338 1417 1476 1449 fallacibus
1497 1422 1659 1456 argumentis
1673 1427 1794 1450 astruere

999 1468 1171 1495 contendens.
1189 1467 1278 1494 Edidit
1297 1467 1378 1494 etiam
1395 1474 1477 1493 unum
1495 1466 1614 1494 libellum
1629 1467 1663 1494 de
1679 1467 1794 1502 Virgini-

999 1513 1048 1540 bus
1064 1512 1251 1545 instituendis,
1277 1511 1343 1538 alios
1370 1518 1475 1546 quoque
1490 1516 1544 1539 tres
1565 1511 1598 1539 de
1617 1511 1712 1539 futurae
1733 1513 1794 1540 vitae

999 1559 1236 1592 contemplatione,
1251 1558 1291 1584 vel
1304 1558 1401 1585 actuali
1415 1558 1628 1591 conversatione,
1642 1565 1747 1586 necnon
1758 1558 1793 1588 de

1000 1604 1071 1632 vitiis
1086 1608 1167 1638 atque
1182 1602 1336 1630 virtutibus·

1003 1685 1145 1716 Schottns,
1166 1683 1191 1711 id
1213 1683 1247 1710 ab
1268 1683 1369 1710 isidoro
1394 1690 1447 1710 non
1468 1683 1617 1715 recenseri,
1641 1691 1726 1718 neque
1741 1685 1792 1712 hoc

1005 1721 1079 1751 loco.
1097 1727 1183 1754 neque
1198 1719 1224 1746 in
1239 1718 1312 1746 libris
1328 1718 1572 1753 Etymologiarnm,
1594 1718 1639 1746 ubi
1659 1719 1693 1746 de
1712 1727 1792 1748 cereo

1004 1755 1122 1789 paschali
1136 1755 1199 1788 agit.
1214 1754 1271 1782 Alia
1286 1753 1412 1780 miracula
1427 1753 1488 1780 huic
1502 1753 1590 1780 affinia
1604 1758 1695 1780 narrat
1708 1754 1791 1781 ioan-

1004 1798 1052 1817 nes
1066 1789 1207 1823 Moschus,
1224 1790 1250 1816 in
1266 1789 1344 1816 Prato
1359 1788 1504 1820 spirituali,
1520 1796 1579 1822 cap.
1600 1788 1653 1816 ΞΝ
1672 1794 1698 1816 et
1718 1789 1789 1823 215,

1004 1825 1054 1852 alia
1070 1825 1131 1857 aiii,
1153 1829 1182 1851 ut
1201 1824 1284 1851 videri
1307 1829 1393 1857 potest
1412 1825 1438 1850 in
1458 1828 1513 1850 not.
1536 1824 1568 1850 ad
1590 1823 1686 1851 librum
1707 1825 1792 1853 saneti

1004 1860 1144 1892 ildefonsi,
1159 1860 1192 1887 de
1212 1859 1368 1894 cognitione
1389 1859 1528 1893 baptismi,
1551 1862 1617 1886 tom.
1638 1858 1659 1886 il
1682 1859 1790 1887 Patrum

1003 1895 1209 1928 Toletanorum,
1235 1902 1294 1928 cap.
1311 1894 1378 1926 105,
1405 1901 1466 1928 pag.
1486 1894 1554 1926 2¹0,
1577 1894 1622 1921 ubi
1642 1894 1791 1922 eruditissi-

1003 1938 1063 1957 mus
1084 1935 1178 1957 auctor
1201 1930 1343 1957 ostendere
1363 1933 1475 1956 conatur
1500 1929 1589 1956 simile
1614 1929 1789 1962 miraculum,

1022 1966 1072 1992 uod
1090 1965 1236 1992 ildefonsus
1248 1969 1456 1996 commemorat,
1470 1971 1529 1991 esse
1542 1963 1606 1990 iilud
1621 1965 1706 1998 ipsum
1719 1965 1791 1999 quod

1015 2001 1147 2034 ‚regorius
1167 2001 1333 2027 Turonensis
1357 2000 1489 2035 liispaniae
1508 1999 1650 2033 ascripsit,
1668 2000 1791 2034 quamvis

1003 2035 1152 2062 ildefonsus
1167 2036 1254 2062 locum
1271 2035 1391 2062 miraculi
1409 2041 1460 2061 non
1482 2034 1657 2067 expresserit.
1679 2034 1791 2070 Semper

1003 2075 1090 2098 tamen
1106 2071 1204 2097 mirum
1219 2070 1305 2098 videri
1319 2070 1398 2097 debet
1413 2069 1483 2104 quod
1498 2077 1586 2103 neque
1602 2069 1729 2103 Isidorus,
1744 2077 1791 2098 no-

1002 2113 1054 2139 que
1077 2106 1222 2133 ildefonsus
1247 2106 1273 2132 in
1300 2105 1427 2140 Hispania
1455 2104 1604 2138 hujusmodi
1633 2105 1790 2132 miraculum

1002 2142 1146 2176 contigisse
1161 2141 1348 2168 indicaverint.
1367 2140 1484 2174 Epistola
1500 2139 1654 2166 paschasini
1669 2147 1683 2166 a
1699 2139 1790 2167 Μίνωα

1001 2177 1098 2210 scripta
1114 2176 1211 2203 dicitur
1225 2183 1295 2202 anno
1307 2175 1370 2203 ⁴45.
1381 2174 1456 2208 Quod
1471 2175 1596 2202 Perezius
1608 2175 1663 2207 ait,
1677 2174 1789 2210 Contigit

1001 2219 1068 2237 αιιηο
1083 2212 1144 2243 417,
1161 2212 1192 2238 ad
1209 2211 1364 2237 miraculum
1379 2210 1474 2237 referri
1487 2209 1602 2237 videtur.
1619 2209 1703 2236 Anev.

1037 2247 1080 2273 5t.
1097 2245 1227 2273 Julianus.
1240 2247 1315 2273 Anno
1329 2245 1391 2272 450.
1406 2245 1503 2272 Pensz.
1691 2253 1695 2258 ·

1037 2280 1106 2307 Ibid.
1122 2280 1223 2307 Gallus.
1248 2281 1366 2307 Moturum
1381 2280 1418 2306 ait
1428 2279 1511 2306 fuisse
1529 2278 1692 2306 Gennadius.
1709 2278 1790 2306 Falso

1004 2323 1069 2350 ergo
1084 2316 1249 2342 confundunt
1261 2316 1366 2355 quidam
1381 2314 1530 2341 Pomerium
1542 2321 1601 2340 curn
1616 2314 1720 2341 Juliano
1731 2315 1789 2349 epi-

1003 2351 1120 2411 sowa-1
1126 2349 1344 2419 ‘iiiiiigt‘i’t'sgt'ingi'
1347 2353 1402 2411 nelei,
1406 2355 1460 2410 nliliz
1471 2347 1652 2424 fsgrliogziiiiis
1668 2383 1791 2412 Julianus

1004 2420 1147 2447 Toletanus
1165 2427 1226 2446 cum
1246 2419 1352 2446 Juliauo
1374 2419 1496 2446 Pomerto
1516 2417 1698 2451 confunditur,
1714 2424 1743 2446 ut
1756 2422 1797 2447 ex*

1003 2455 1136 2481 veteribus
1148 2453 1288 2481 Codicibus
1313 2453 1406 2488 liquet.
1425 2453 1548 2488 Alioquin
1574 2453 1698 2481 Julianus
1712 2454 1791 2482 Τοιο-

1003 2493 1081 2516 tanus
1102 2496 1174 2523 saepe
1197 2489 1348 2516 Pumeriuni
1376 2488 1468 2515 iaudat
1482 2509 1490 2522 ,
1517 2489 1636 2523 sequitur
1656 2496 1699 2516 ue.
1725 2488 1802 2520 Videt,

1003 2523 1155 2557 Hispaniam
1170 2531 1284 2557 sacram,
1300 2528 1365 2551 tom.
1379 2523 1414 2556 V,
1429 2531 1489 2558 pag.
1504 2523 1566 2556 500,
1581 2528 1610 2551 et.
1654 2526 1716 2551 itam
1729 2523 1799 2552 san-'⁴
1813 2542 1822 2567 ἱ

1004 2559 1039 2586 cti
1052 2558 1149 2586 satiant
1162 2559 1284 2586 Toletani
1294 2560 1423 2594 episcopt,
1441 2562 1507 2586 tom.
1522 2558 1543 2586 ll
1558 2558 1666 2586 Patrurn
1680 2558 1790 2587 Toleta-
1814 2569 1820 2576 ’

1004 2601 1111 2621 norum.
1126 2594 1326 2622 Observandum
1338 2594 1409 2629 quod
1425 2593 1588 2627 Gennadius,
1604 2593 1656 2622 etsi
1670 2594 1762 2621 Mauru

1002 2630 1110 2656 natione
1122 2628 1186 2656 dicit
1199 2629 1360 2663 Pomerium,
1377 2630 1402 2656 in
1416 2628 1500 2656 Gallia
1523 2633 1614 2656 tamen
1637 2628 1762 2656 ordinatu
1782 2631 1785 2634 '

1002 2664 1308 2727 ατε
1323 2671 1377 2727 ‘¹²¹3
1390 2661 1711 2727 mastratis&
1725 2664 1789 2696 ‘¹⁰¹²

1063 2707 1135 2726 umv
1172 2709 1183 2725 a
1207 2707 1213 2731 ;
1239 2707 1270 2727 ve
1300 2707 1353 2727 omi
1378 2707 1410 2727 en

1002 2734 1080 2761 uultis
1095 2734 1270 2763 Editionibus.
1286 2736 1371 2762 Ansv.
1774 2744 1778 2755 ³

1039 2769 1084 2796 52.
1106 2770 1261 2805 suspicatur
1280 2770 1406 2798 schottus
1425 2773 1548 2798 octavum
1574 2768 1671 2798 tibrum
1690 2763 1727 2798 tie
1746 2768 1764 2798 it

1023 2811 1063 2831 uae
1077 2804 1104 2832 in
1125 2804 1177 2833 tine
1192 2805 1283 2833 mundi
1307 2805 1396 2834 futura
1417 2809 1488 2839 sunt,
1513 2810 1574 2833 eut
1742 2808 1745 2809 ⁷

1003 2839 1081 2872 itud,
1104 2840 1174 2874 quod
1195 2840 1278 2869 nuaet
1299 2838 1477 2875 BoetiusEpo
1490 2839 1583 2868 edidit.
1605 2838 1654 2876 At,
1712 2876 1715 2877 ⁷
1759 2870 1777 2873 ‚¹

1022 2875 1144 2904 iio-ticon
1169 2880 1245 2904 certo
1265 2881 1307 2905 est
1328 2882 1397 2912 opus
1423 2874 1522 2904 :uuam
1547 2872 1684 2911 Toletanig
1693 2871 1790 2910 itt-tino

1015 2909 1148 2940 deutidem
1164 2911 1247 2941 verba
1260 2910 1376 2941 Pomoru
1395 2911 1556 2940 reteruntur·
1570 2909 1654 2941 Διιν.
