1832 3016
70 96 124 130 525

464 102 507 130 DE
526 100 606 130 ΗΒΕ
625 99 820 130 ΟΑΤΒΟΙᾸΟΑ
838 101 975 131 comas
995 100 1138 132 JtJbAEos
1155 101 1258 132 1.thss
1276 103 1308 133 lt.

1651 107 1705 136 52⁸

72 158 213 194 AEgyptios
240 162 319 194 atque
343 157 484 193 Assyrios.
506 157 577 185 inter
600 157 760 193 Babylonios
771 178 779 192 ,
800 159 856 186 sive
871 162 895 190 Α
909 163 935 186 et
947 167 962 187 a
977 159 1091 187 Domino
1102 159 1243 188 salvatore
1252 160 1342 188 cordis
1354 160 1562 190 circumcisione
1581 167 1703 199 postmo-

71 203 224 237 chaldaeos,
233 204 284 231 boc
295 204 430 238 signaculo
442 202 476 229 ab
487 202 530 236 iis,
539 203 580 231 vel
593 211 608 230 a
617 205 722 231 caeteris
734 204 858 238 gentibus

72 251 276 284 nationibusque
290 249 525 284 distinguerentur.

107 297 135 324 2.
152 296 270 329 Denique
278 300 327 329 per
339 294 514 329 quadraginta
524 302 610 322 annos
625 295 651 322 in
664 302 755 323 eremo
770 296 859 323 nullus

71 346 114 369 cst
138 341 328 374 circumcisus,
352 340 403 368 soli
430 341 527 376 quippe
556 341 615 369 sine
638 342 725 376 gentis
749 342 859 370 alterius

71 386 253 414 commistione
268 385 407 414 vivebam.
423 385 457 413 At
472 386 516 414 ubi
541 386 666 414 Jordanis
689 388 793 416 alveum
809 395 857 422 po-

70 432 149 467 pulus
161 431 322 459 israeliticus
337 434 523 466 transmeavit,
547 438 626 468 atque
642 435 667 461 in
681 435 737 470 98
759 441 857 463 tert-am

70 477 282 513 reprotnissionis
308 478 555 512 pet-venustianum
580 480 790 507 circumcisionis
815 481 858 507 i'u-

69 527 128 550 turo
141 530 175 550 ex
195 523 386 551 commistione
398 525 517 559 gentium
540 526 656 560 provi-iit
666 529 761 559 errori,
779 535 856 562 quatu

67 569 258 597 rationabiliter
281 570 440 597 custoditam
463 578 524 598 esse
549 573 693 604 credimus,
720 580 858 608 quousque

67 620 223 644 nasceretur
249 615 382 651 Cin-istus,
399 618 492 652 quiex
508 619 610 645 semiue
634 619 748 646 auratum
773 620 859 647 inerat

66 662 253 696 repromissus,
269 663 312 697 qui
325 670 377 690 non
392 662 445 697 jam
459 671 505 697 per
518 663 747 692 circumcisionem
758 666 856 699 carnis,

66 707 112 735 sed
140 716 187 743 per
214 710 426 743 amputationem
457 710 580 737 vitiorum
612 711 753 738 mundaret
777 712 858 738 corda

66 755 185 781 omnium
197 756 328 790 gentium.

101 802 128 828 3.
144 802 219 835 Quod
235 808 288 830 non
302 803 391 830 carnis
406 803 638 832 circumcisionem
651 822 659 837 ,
686 806 734 832 sed
748 806 836 833 cordis
850 825 858 839 ,

65 846 169 882 Moyses
184 848 245 875 liliis
258 849 339 876 lsrael
354 850 388 876 ita
405 850 518 876 suturam
533 851 726 884 praenuntiabat
740 852 834 879 dicens
848 861 854 878 ε
872 852 896 886 Β
912 863 986 890 „mis
997 870 1023 889 >-
1045 865 1145 891 sanctis

66 892 78 918 1
83 901 99 919 n
110 894 249 921 novissimis
263 895 351 922 aiebat
364 896 525 923 circumcidet
536 896 663 925 Dominus
678 907 720 925 cor
735 903 816 931 tuum,
833 904 858 927 et

66 946 108 965 cor
117 940 222 967 seminis
235 941 271 967 tsi
283 940 374 975 (Dent.
387 948 453 975 xxx,
465 942 504 978 6).
521 943 597 971 Unde
609 949 637 971 et
646 944 777 972 tei-etuias
790 953 858 980 pra:-

66 984 158 1014 videns
171 987 226 1021 jam
247 987 313 1014 illud
332 989 482 1022 proximum
503 994 619 1023 tempus,
631 990 737 1019 Judaeos
755 992 788 1018 ad
803 992 855 1019 No-

68 1039 130 1058 vum
142 1032 342 1060 Testamentum
357 1038 384 1060 et
399 1034 432 1061 ud
443 1033 675 1063 circumcisionem
691 1037 789 1070 cordis,
804 1045 857 1064 non

66 1080 198 1114 corporis,
212 1080 250 1107 ita
263 1086 400 1115 provocat,
415 1082 524 1112 dicens:
542 1091 551 1109 t
564 1083 626 1111 litec
652 1084 716 1112 dicit
730 1085 858 1113 Dominus

67 1126 123 1152 viro
140 1126 218 1160 tuda,
237 1131 265 1154 et
278 1127 425 1156 Jerusalem
443 1138 449 1156 :
471 1130 572 1158 Novate
599 1132 673 1159 vobis
699 1133 805 1167 novate,
832 1138 858 1161 ct

67 1172 148 1199 nolite
162 1180 252 1200 serere
267 1181 347 1208 super
371 1176 480 1210 spinas;
497 1179 720 1206 circumcidimini
744 1180 858 1208 Domino

67 1222 167 1250 vestro,
183 1223 210 1246 ct
222 1219 325 1247 auferte
340 1222 468 1255 praeputia
489 1223 608 1250 cordium
629 1229 789 1258 vestrorum,
806 1226 858 1254 viri

67 1264 143 1298 iuda,
156 1271 182 1292 et
193 1266 356 1295 habitatores
372 1269 532 1303 Jerusalem,
545 1278 578 1297 ne
589 1271 658 1299 l'orte
668 1273 819 1307 egrediatur
830 1279 858 1301 ut

67 1310 133 1343 ignis
149 1311 294 1345 indignatio
310 1320 379 1346 mea,
396 1318 424 1340 et
439 1315 627 1348 succendatur,
642 1320 669 1344 et
683 1324 736 1344 non
764 1318 799 1345 sit
813 1319 858 1353 qut

67 1363 125 1382 cn·-
139 1361 218 1391 nguat
234 1356 385 1391 (Jerem.1v,
398 1358 437 1393 5).
456 1369 466 1384 ι

99 1402 127 1429 a.
140 1402 241 1434 Quibus
254 1404 344 1431 verbis
358 1405 520 1434 admonetur
534 1406 683 1436 Jerusalem
695 1416 710 1436 a
724 1414 856 1437 vetustate

65 1447 277 1476 circumcisionis
298 1455 325 1476 et
354 1451 430 1486 legis,
445 1459 505 1486 quae
529 1453 615 1487 spinis
632 1459 813 1489 comparatur,
830 1460 856 1482 et

66 1494 202 1529 vepribus,
229 1495 260 1522 atl
276 1496 387 1530 gratiam
411 1497 475 1525 Novi
491 1500 606 1527 transire
630 1500 805 1535 Testamenti,
830 1508 857 1530 et

910 206 973 232 dum
1000 206 1145 234 credentes
1170 213 1233 234 esse
1260 207 1439 235 mundandos.
1466 207 1499 235 ttt
1519 208 1588 236 bone
1609 210 1705 238 cultris

910 251 1023 286 lapideis
1037 252 1155 280 secunda
1170 253 1340 280 circumcisio
1355 253 1394 286 tit,
1416 254 1479 288 quia
1494 258 1569 288 petra
1583 254 1704 284 cbristus

910 302 962 330 est,
977 305 1025 332 per
1037 306 1116 333 quem
1131 298 1262 331 spirituali
1271 299 1478 328 circumcisione
1490 301 1631 330 cmdetttos
1641 309 1693 338 pur

911 347 1007 378 gantur
1017 344 1054 372 ab
1065 344 1192 372 omnibus
1207 345 1343 372 illecebris
1357 345 1494 374 vitiorum.

1199 390 1315 418 CAPUT
1337 390 1420 419 xvtt.

1208 435 1248 462 De
1266 436 1410 470 sacrificiis.

945 488 972 518 t.
986 489 1045 518 Jam
1068 492 1136 518 vet-o
1161 490 1196 519 de
1223 489 1351 519 sacrificii
1379 493 1480 521 veteris
1507 495 1706 531 reprobatione,

910 535 980 571 quod
988 535 1104 563 victimae
1111 542 1203 563 eorum
1212 536 1325 571 abjectae
1337 536 1401 571 sint,
1409 542 1436 565 et
1443 538 1469 565 in
1478 538 1706 569 abominationem

911 581 1075 615 transierint,
1087 588 1136 617 per
1146 582 1242 610 isaiam
1253 583 1293 610 sic
1303 582 1432 611 Dominus
1446 585 1529 613 dicit:
1545 594 1555 611 t
1569 586 1629 620 Quo
1641 588 1707 616 milti

911 628 1111 657 multitudinem
1123 630 1294 658 victimarum
1308 633 1477 659 vestrarum!
1489 633 1554 661 dicit
1567 634 1707 663 Dominus.

910 675 1009 703 Plenus
1023 683 1082 704 sum
1103 677 1268 705 holocaustis
1282 677 1409 712 arietum,
1422 683 1449 706 et
1464 679 1543 714 adipe
1555 681 1707 716 pinguium,

910 727 937 750 et
952 724 1110 759 sanguinem
1133 725 1278 753 vitulorum
1290 746 1298 759 ,
1322 730 1348 753 et
1363 733 1504 760 agnorum,
1519 729 1547 754 el.
1570 728 1706 758 hircorum

911 769 993 797 nolui.
1006 769 1072 798 Cum
1095 773 1222 800 veneritis
1247 777 1310 800 ante
1335 777 1509 808 conspectum
1532 782 1630 807 meum,
1648 776 1708 810 quis

910 818 1036 851 quaesivit
1050 817 1107 845 baec
1122 818 1155 846 de
1177 817 1302 846 manibus
1317 819 1424 854 vestris,
1441 824 1469 848 ut
1483 820 1657 850 ambularetis
1680 823 1707 849 in

1155 869 1175 906 Ἰ
1188 865 1275 892 meis?
1286 865 1324 893 Ne
1335 865 1450 894 afferatis
1464 867 1532 895 ultra
1547 867 1707 895 sacrificium

909 908 1023 942 frustra;
1037 910 1175 937 incensum
1188 912 1353 939 abominatio
1366 917 1408 940 est
1427 913 1504 941 mihi.
1521 913 1706 949 Neomeniam,

909 959 936 982 et
951 954 1081 988 Sabbata,
1102 960 1129 983 et
1146 956 1308 985 festivitates
1319 962 1424 986 vestras
1439 959 1506 989 alias
1529 968 1583 988 non
1607 960 1704 995 seram,

910 999 995 1035 iniqui
1008 1005 1070 1027 sunt
1082 1007 1168 1029 coetus
1177 1001 1412 1032 vestr1.Kalendas
1425 1011 1528 1033 vestras
1541 1011 1569 1034 et
1577 1007 1706 1035 solemni-

910 1050 978 1073 tates
993 1052 1098 1075 vestras
1113 1047 1196 1075 odivit
1210 1051 1299 1078 anima
1312 1057 1389 1083 mea;
1405 1051 1475 1078 sacta
1492 1057 1554 1079 sunt
1569 1052 1634 1079 milti
1650 1060 1708 1080 mo-

909 1091 987 1123 lesta,
1003 1092 1124 1120 laboravi
1140 1095 1288 1128 sustinens,
1310 1100 1337 1123 et
1351 1103 1412 1124 cum
1425 1098 1602 1126 extenderitis
1614 1106 1709 1127 manus

909 1142 1023 1173 vestras,
1039 1143 1157 1166 avertam
1175 1139 1267 1168 oculos
1287 1150 1362 1170 meos
1376 1150 1391 1170 a
1413 1144 1500 1177 vobis,
1515 1148 1542 1172 et
1556 1151 1616 1172 cum
1639 1146 1709 1173 mul-

911 1185 1094 1219 tiplicaveritis
1117 1187 1277 1222 orationem,
1305 1196 1357 1216 non
1383 1191 1538 1218 exaudiam.
1556 1190 1650 1219 Manus
1673 1198 1701 1219 >⁴

908 1231 978 1258 enim
990 1236 1009 1273 Ἴ
1021 1236 1115 1260 vestroe
1130 1235 1259 1269 sanguine
1271 1235 1357 1270 plenae
1370 1240 1432 1263 sunt
1445 1235 1521 1271 (lsai.
1539 1245 1558 1270 1,
1573 1237 1619 1273 ll)
1648 1245 1658 1265 t

943 1278 971 1304 ἓ.
987 1278 1050 1306 ltcm
1063 1279 1120 1314 ipse
1135 1280 1168 1307 de
1186 1281 1339 1308 iudoeorum
1355 1282 1496 1310 sacrificiis
1514 1292 1520 1310 ε
1539 1283 1622 1311 Facta
1645 1289 1708 1313 sant

908 1325 1058 1352 morticinia
1084 1333 1171 1353 eorum
1191 1328 1265 1360 quasi
1289 1333 1386 1355 stercus
1412 1329 1439 1356 in
1467 1331 1550 1357 medio
1563 1331 1710 1366 platearum

907 1370 986 1405 (lsai.
999 1380 1026 1403 v,
1042 1372 1100 1406 25).
1113 1373 1177 1405 Quae
1193 1379 1255 1400 sunt
1270 1374 1327 1401 11:130
1350 1376 1500 1403 morticinia
1511 1398 1518 1410 ‚
1543 1371 1599 1405 nisi
1609 1379 1710 1407 veteris

908 1416 975 1450 legis
986 1418 1130 1450 sacrificia,
1150 1427 1220 1453 quae,
1237 1419 1362 1454 quoniam
1373 1421 1427 1455 jam
1443 1427 1546 1450 remota
1558 1425 1710 1456 sunt‚velut

907 1463 1010 1497 abjecta
1027 1469 1144 1491 stercora
1161 1471 1324 1501 reputantur
1337 1466 1348 1494 ζ)
1362 1466 1439 1496 Unde
1454 1474 1481 1496 et
1498 1470 1568 1498 idem
1578 1472 1711 1507 propheta

909 1509 974 1535 alias
996 1509 1030 1536 de
1045 1509 1111 1544 ipsis
1132 1518 1225 1538 corum
1242 1513 1383 1540 sacrifieiis
1394 1515 1432 1541 sic
1448 1514 1512 1542 dicit
1526 1523 1533 1541 ε
1552 1515 1604 1549 Qut
1618 1517 1710 1545 immo-

67 1549 114 1576 μοι·
132 1542 210 1569 tidem
228 1543 362 1578 Evangelii
382 1545 471 1573 cordis
487 1546 723 1575 circumcisionem
752 1554 856 1581 tenere,
872 1541 896 1575 C
911 1552 947 1580 lat
967 1554 1063 1587 bouem,
1077 1556 1150 1589 qnasi
1163 1557 1207 1591 qai
1220 1557 1357 1592 interficiat
1376 1559 1476 1592 viram5
1490 1560 1534 1595 qui
1549 1566 1646 1589 mactat
1665 1570 1710 1598 pe-

67 1597 118 1616 non
135 1591 234 1624 caruis,
251 1591 327 1625 juxta
344 1593 414 1627 quod
436 1593 561 1629 legimus,
577 1595 657 1622 Petro
670 1596 793 1630 apostolo
814 1596 857 1624 dt-

66 1642 144 1663 ccnte
161 1635 251 1664 :Fide
273 1639 415 1673 purificans
439 1641 517 1667 corda
538 1649 626 1668 eorum
653 1643 731 1677 (Aa.
749 1650 792 1675 xv,
817 1643 857 1678 9).

66 1682 151 1715 Quam
174 1682 298 1710 similiter
311 1684 401 1718 tidem,
414 1686 468 1719 iam
481 1695 533 1713 non
551 1695 598 1721 per
621 1688 710 1722 prisca
723 1690 858 1724 signacula

67 1728 167 1759 carnis,
179 1733 206 1756 et
219 1729 344 1763 injuriam
360 1733 491 1765 corporis,
503 1734 549 1761 sed
567 1742 614 1769 per
634 1743 730 1763 novam
745 1737 858 1772 gratiam

69 1774 167 1801 lavacri
183 1775 328 1809 spiritualis
341 1777 550 1813 adipiscendam,
562 1780 690 1809 Dominus
702 1790 749 1816 per
764 1783 858 1810 isaiam

68 1820 216 1851 annuntiat,
229 1820 321 1848 diceus
335 1831 341 1848 t
353 1822 395 1849 Ne
410 1825 572 1852 memineritis
585 1827 710 1860 priorum,
722 1833 745 1854 et
757 1829 860 1863 antiqua

69 1873 100 1891 ne
123 1866 283 1895 intueamini.
301 1867 365 1894 Ecce
384 1876 447 1896 notia
471 1871 573 1904 faciam.
591 1880 648 1905 qnae
659 1881 724 1900 nanc
735 1875 858 1907 orientur,

70 1915 93 1936 et
106 1914 262 1946 cognoscetis
283 1918 366 1945 ea;et
391 1920 418 1942 ut
433 1916 587 1944 ostenderet
602 1926 662 1952 quae
689 1925 779 1947 essent
802 1921 859 1954 ipsa

70 1964 149 1990 nova,
162 1959 274 1992 subis-cit
289 1969 295 1986 ε
314 1960 419 1988 Faciam
431 1963 457 1989 in
474 1963 573 1991 deserto
586 1965 664 1997 viam,
679 1971 702 1993 et
714 1968 822 2001 flumina
834 1969 860 1994 in

71 2005 125 2031 loco
135 2005 267 2038 inaquoso,
280 2008 407 2042 adaquare
415 2018 493 2045 genus
509 2013 716 2046 meumetcetttm‚
727 2018 750 2040 et
763 2013 860 2048 plebem

69 2058 160 2083 meam,
176 2059 252 2086 quant
265 2054 384 2087 acquisivi
397 2054 473 2090 (lsai.
484 2064 556 2089 xum.
571 2058 626 2092 18).

105 2097 132 2124 5.
146 2098 213 2131 Quid
227 2105 291 2133 ergo
311 2099 362 2126 ltoc
381 2101 525 2135 indicabat,
540 2103 592 2130 nisi
607 2103 774 2138 baptismatis
787 2105 861 2140 puri-

68 2143 220 2171 ticationem
238 2145 372 2173 suturam?
386 2148 411 2174 in
427 2155 478 2182 qua
495 2156 547 2176 non
563 2150 615 2184 jam
632 2155 736 2178 vetusta
746 2152 860 2179 circum-

67 2190 168 2219 cisione
181 2193 269 2219 carnis
277 2194 390 2227 artisque
404 2195 533 2230 signatur,
548 2197 595 2224 sed
608 2197 664 2225 sola
679 2199 762 2233 gratia
775 2206 859 2227 sacrat

71 2238 148 2265 uudae
170 2245 216 2272 per
244 2239 322 2268 iidem
342 2241 469 2270 abluitur.
485 2243 581 2271 Verum
603 2246 664 2280 quia
681 2247 749 2274 nanc
771 2248 860 2275 cot-dis

68 2284 300 2314 circumcisionem
336 2288 439 2316 ttebraei
466 2297 519 2317 non
549 2291 679 2326 recipiunt
694 2313 701 2325 ,
728 2293 859 2322 ieremias

70 2329 197 2362 praedixit
209 2331 264 2367 ω
276 2333 368 2360 dicens
378 2342 385 2361 t
395 2334 489 2363 Omnes
496 2342 582 2372 qentes
593 2338 684 2365 nabent
694 2341 858 2375 praepatium,

72 2375 154 2402 omnia
167 2381 251 2404 atatem
265 2378 355 2406 domas
375 2379 460 2408 Israel
483 2383 646 2412 circumcisus
660 2389 697 2412 etl
711 2386 788 2414 corde
802 2385 859 2422 (Je-

73 2428 136 2448 rem.
152 2428 192 2455 tx,
202 2422 259 2458 26).

109 2464 135 2494 θ.
151 2464 216 2497 Natu
229 2475 258 2499 ν·
277 2471 347 2506 quod
358 2475 416 2513 ,Ἱοι
427 2481 444 2503 o
457 2473 522 2504 lesu
537 2475 605 2505 duce
626 2479 745 2507 secundo
764 2479 861 2515 legitur

73 2512 188 2547 populus
212 2514 394 2554 circumdans,
408 2523 439 2548 ut
451 2521 614 2556 signiticaret
637 2524 664 2552 in
692 2532 786 2554 eremo
799 2534 860 2555 ces·

73 2561 150 2588 sssse
161 2552 404 2599 circumcisionem,
416 2569 475 2601 quta
487 2564 516 2595 ln
538 2567 655 2606 AEgypto
669 2572 857 2608 exercebatur,

523 2780 540 2804 ’·
578 2798 716 2836 tentat,
738 2808 771 2830 ω
791 2783 862 2832 attt‘t

911 1607 967 1630 cas,
982 1601 1056 1634 masi
1068 1602 1111 1635 qni
1124 1602 1264 1628 excerebret
1283 1610 1370 1630 canem
1380 1611 1389 1635 ‚¹
1400 1605 1444 1639 qni
1457 1606 1537 1641 100
1547 1606 1623 1641 offert
1639 1608 1711 1636 obla-

912 1645 1005 1672 tionem
1018 1667 1025 1678 ,
1049 1647 1125 1681 quasi
1149 1649 1192 1683 qai
1222 1649 1373 1683 sanquinem
1397 1650 1506 1678 satttum
1532 1650 1640 1686 offerat,-
1667 1662 1711 1690 aar

910 1690 1061 1717 recordatur
1086 1692 1178 1726 thuris,
1206 1693 1280 1728 quasi
1299 1694 1343 1728 qai
1366 1694 1498 1723 benedicat
1525 1696 1597 1725 idota
1621 1697 1710 1733 (lsai.

912 1743 987 1770 vat,
1009 1736 1047 1771 5).

946 1782 973 1809 5.
985 1781 1051 1810 item
1065 1781 1198 1812 ieremias
1212 1783 1247 1812 ‹le
1262 1786 1377 1819 repulsis
1391 1793 1407 1814 a
1422 1786 1536 1816 Domino
1546 1787 1664 1817 vlotimis
1683 1794 1710 1818 et

912 1831 1074 1858 holocaustis
1088 1831 1100 1858 J
1106 1830 1242 1858 udoeorum
1257 1839 1266 1858 ε
1284 1841 1293 1857 t
1310 1831 1344 1860 Ut
1358 1833 1423 1867 quid
1432 1834 1499 1862 mihi
1512 1835 1575 1862 titus
1587 1835 1622 1863 de
1638 1835 1710 1864 Saba

911 1878 1025 1911 offertis,
1041 1883 1068 1905 et
1081 1878 1214 1906 calamum
1230 1880 1431 1908 suaveolentem
1459 1882 1493 1909 de
1517 1886 1589 1910 terra
1605 1882 1710 1918 tongin-

912 1926 981 1959 qua?
1008 1926 1238 1954 holocaustomata
1263 1931 1352 1955 vestra
1378 1935 1433 1956 non
1449 1933 1513 1956 sunt
1537 1934 1648 1965 accepta
1659 1951 1667 1965 ,
1682 1935 1710 1959 et

912 1972 1029 1999 victimae
1058 1977 1155 2000 vestrae
1184 1980 1237 2000 non
1264 1973 1426 2007 placuerunt
1459 1974 1536 2002 mihi.
1563 1975 1710 2011 Propterea

914 2019 970 2045 liaec
985 2018 1049 2045 dicit
1060 2018 1189 2046 Dominus
1201 2027 1209 2046 τ
1226 2019 1294 2047 Ecce
1305 2026 1355 2054 ego
1366 2019 1436 2048 dabo
1448 2021 1476 2048 in
1490 2021 1618 2057 populum
1629 2022 1710 2050 istum

912 2064 1013 2099 ruinas,
1025 2069 1053 2092 et
1065 2069 1145 2092 ruent
1158 2066 1184 2092 in
1194 2065 1233 2093 eis
1244 2070 1345 2101 patres,
1361 2071 1388 2094 et
1402 2067 1450 2095 lilii
1460 2067 1550 2101 simul,
1563 2066 1668 2096 vicinus
1682 2072 1710 2096 et

912 2111 1059 2146 proximus,
1076 2115 1103 2139 et
1118 2111 1244 2146 peribunt
1264 2110 1372 2147 (lei-em.
1396 2120 1433 2148 vr,
1454 2112 1516 2149 20).
1536 2123 1546 2139 ι
1564 2113 1632 2142 Vide
1647 2113 1710 2149 quia

913 2164 1005 2185 eorum
1020 2157 1152 2186 sacrificia
1165 2165 1218 2186 non
1234 2162 1344 2194 propter
1359 2166 1388 2187 se
1403 2159 1548 2188 carnaliter
1571 2166 1709 2188 commen-

913 2204 1019 2237 dantur,
1027 2205 1073 2232 sed
1085 2209 1194 2239 propter
1206 2205 1291 2232 solam
1301 2204 1391 2234 cordis
1404 2210 1430 2235 et
1439 2204 1501 2234 fidei
1514 2205 1704 2243 obedientiam,

874 2235 901 2271 Ὁ
913 2257 991 2285 quam
1005 2249 1133 2278 increduli
1155 2251 1312 2279 amiserunt.

949 2294 976 2322 t.
989 2295 1066 2324 unae
1078 2294 1165 2324 adhuc
1178 2296 1251 2325 tuem
1274 2289 1405 2333 propheta
1430 2297 1469 2326 stc
1493 2297 1560 2326 <nen
1575 2305 1583 2326 ι
1599 2306 1608 2324 ι
1619 2295 1709 2327 noto·
1734 2329 1736 2333 f

914 2345 1076 2369 caustomata
1090 2346 1180 2370 vestra
1202 2342 1291 2370 addite
1307 2343 1421 2371 victimis
1444 2344 1552 2377 vestris,
1574 2343 1708 2373 comedite

914 2394 1018 2422 carnes,
1034 2388 1096 2422 quia
1110 2395 1164 2415 non
1177 2396 1236 2416 sum
1247 2389 1352 2416 loeutus
1362 2389 1482 2425 patribus
1495 2389 1603 2423 vestris,
1614 2393 1642 2417 et
1653 2398 1707 2418 non

914 2433 1028 2469 praecepi
1044 2433 1122 2462 eisin
1137 2432 1180 2461 die
1191 2441 1243 2469 qua
1252 2433 1332 2462 eduxi
1347 2442 1393 2462 eos
1404 2434 1438 2462 de
1452 2439 1522 2463 terra
1537 2434 1656 2471 AEgypti,
1672 2436 1707 2465 de

915 2481 997 2508 verbo
1023 2480 1279 2508 holocaustomatum
1291 2500 1300 2514 ,
1328 2486 1356 2508 et
1382 2481 1558 2509 victimarum.
1578 2482 1632 2511 Sed
1655 2483 1708 2511 boc

915 2526 1025 2553 verbum
1040 2526 1154 2561 praecept
1173 2527 1227 2560 eis,
1241 2526 1333 2554 dicens
1350 2535 1356 2553 τ
1372 2526 1470 2556 Audite
1483 2533 1577 2556 vocem
1605 2535 1704 2565 meam,

915 2576 942 2601 et
956 2580 1004 2601 ero
1026 2572 1102 2600 vobis
1117 2571 1200 2609 Deus,
1216 2577 1243 2602 et
1258 2581 1306 2601 vos
1329 2571 1406 2604 eritis
1426 2575 1493 2604 milti
1519 2575 1652 2612 popum,
1677 2582 1706 2606 et

945 2665 972 2690 a.
988 2663 1044 2695 Ab,
1061 2662 1143 2690 lomi
1157 2668 1175 2691 a
1187 2667 1319 2692 setam.
1332 2664 1369 2693 ut
1391 2665 1490 2700 mora,
1511 2670 1561 2702 pro
1575 2666 1700 2704 primm.

910 2698 1044 2766 mirsam,
1057 2734 1215 2770 caryotae-r,
1228 2736 1280 2770 m
1293 2735 1467 2765 modam.
1481 2737 1550 2766 uait.

945 2770 1012 2796 (lar.
1029 2775 1092 2796 xvtt.
1105 2770 1140 2797 Ν.
1157 2770 1437 2834 LW,
1451 2778 1502 2808 pm
1512 2773 1703 2810 mme-

914 2805 946 2832 Et
961 2803 1113 2838 amortuis,
1124 2810 1174 2839 pro
1317 2807 1359 2834 tir.
1372 2806 1446 2837 flu.
1599 2815 1601 2819 ⁴

949 2839 977 2867 2.
989 2839 1018 2867 ln
1031 2839 1153 2875 Vulgata,
1165 2841 1309 2870 morticina.
1322 2841 1410 2871 Αιιν.
