1832 3016
159 107 205 139 ⁶3¹

156 214 228 240 11001.

193 258 238 285 19.
258 256 345 283 Corde
368 256 438 283 male
457 256 574 291 loquitur
591 258 637 292 qui
653 257 764 285 interius
779 258 954 293 cogitationes

154 303 248 330 noxias
274 302 417 329 meditatur
437 307 465 330 et
484 303 595 337 cogitat.
616 303 717 338 Lingua
740 305 812 331 male
837 305 955 339 loquitur

152 349 196 382 qui
214 356 261 382 pro
276 356 308 375 eo
322 349 392 383 quod
411 350 480 376 male
495 349 548 383 agit.
570 350 732 384 flagellatur,
743 355 770 377 et
791 357 952 379 murmurat.

152 394 241 421 Factis
271 395 340 422 male
369 396 484 430 loquitur
509 397 554 431 qui
584 397 653 424 male
681 397 795 425 vivendo
822 399 952 433 exemplis

151 440 208 466 suis
225 440 291 467 alios
302 441 335 467 ad
352 448 432 474 prave
448 442 580 475 agendum
596 442 732 471 informat.

188 485 234 511 20.
256 486 345 512 Semel
360 487 427 513 bene
453 487 571 520 loquitur
591 488 663 522 (Iob.
681 498 776 525 xxxin,
793 490 837 526 tt)
858 491 902 524 qui
921 498 951 518 se

152 531 308 564 poenitendo
325 531 470 566 redarguit.
488 533 532 560 Ris
557 534 626 562 hene
639 535 757 570 loquitur
770 536 815 571 qui
828 537 897 564 bene
911 537 950 564 vi-

152 575 239 602 vendo
254 580 280 602 et
294 575 361 602 alios
375 576 495 604 instruit.

186 619 231 646 at.
252 621 341 648 Semel
354 622 423 649 male
438 622 556 657 loquitur
570 624 615 658 qui
631 630 692 659 post
708 626 802 653 vitium
817 626 871 654 cito
890 634 949 655 cor-

151 665 256 699 rigitur.
284 667 327 693 Bis
352 667 422 694 male
448 668 564 702 loquitur
584 670 630 704 qui
657 670 726 697 male
754 671 821 698 vivit
834 676 861 699 et
880 674 949 700 male

150 712 237 738 docet.
254 712 317 739 ltem
332 713 372 739 bis
391 713 462 741 male
476 714 592 748 loquitur
607 716 653 749 qui
671 721 698 743 et
718 717 788 744 male
800 717 910 752 cogitat,
921 723 948 745 et

148 759 218 785 male
241 759 323 786 refert
342 759 466 794 cogitata.
484 761 547 788 item
572 762 612 789 bis
629 763 699 790 male
721 763 837 799 loquitur
858 765 902 799 qui
920 769 948 792 et

147 804 247 831 honum
272 807 340 838 quod
357 806 448 833 debuit
474 814 527 834 non
552 808 616 843 egit,
633 813 660 835 et
681 809 779 836 malum
795 810 865 844 quod
893 818 945 838 non

147 851 299 885 oportebat,
317 852 436 878 admisit.

179 896 225 923 ⁶2⁶2.
252 897 310 923 Mali
333 898 401 924 mala
423 899 585 932 respondent
611 907 659 934 pro
680 900 768 933 bonis,
783 906 810 927 ct
832 901 947 929 adversa

145 947 194 975 pro
208 942 327 975 optimis,
345 943 407 970 Boni
423 943 492 970 bona
508 946 671 980 respondent
683 954 732 981 pro
746 947 832 980 malis,
847 953 875 975 et
887 955 948 982 pro-

145 994 222 1021 spera
242 995 290 1022 pro
304 989 435 1016 adversis.

179 1032 223 1058 25.
245 1034 380 1061 Adversus
407 1036 557 1062 convicium
580 1037 677 1071 linguae
709 1038 837 1065 tortitudo
868 1038 947 1065 adhi-

144 1079 230 1106 benda
246 1085 286 1107 est
302 1081 447 1114 patientiae,
465 1087 494 1108 ut
511 1084 622 1110 tentatio
635 1084 718 1116 verbi,
735 1093 794 1118 qnae
810 1085 876 1112 soris
897 1086 946 1112 im-

144 1130 253 1158 pugnat,
270 1126 420 1153 tolerantiae
437 1127 534 1155 virtute
548 1129 652 1156 devicta
668 1130 799 1157 discedat.

179 1172 225 1199 24.
241 1173 299 1200 Non
312 1176 399 1201 omnis
411 1177 455 1209 qui
470 1177 568 1210 patitur
579 1178 673 1211 probra
683 1177 834 1212 justtisest;
846 1179 892 1206 sed
901 1180 945 1214 qui

144 1225 194 1252 pro
205 1220 316 1247 veritate
327 1221 408 1248 innox
422 1223 531 1256 patitur,
545 1224 589 1251 ille
599 1226 878 1259 tantummodojnstus
889 1231 942 1254 est.

180 1264 225 1292 25.
248 1265 318 1293 Inter
335 1267 544 1301 vituperationes
566 1270 664 1303 liuguae
683 1275 710 1297 et
727 1272 871 1305 opprobria
895 1273 944 1299 110-

143 1311 243 1337 minum
268 1311 320 1338 isto
340 1312 459 1339 remedio
480 1321 555 1340 mens
579 1314 643 1348 justi
666 1323 695 1343 se
723 1317 891 1351 corroborat,
915 1323 943 1345 ut

143 1360 217 1382 tanto
231 1356 342 1383 solidius
358 1358 383 1383 in
399 1358 481 1384 Deum
497 1359 592 1393 figatur
613 1361 734 1395 interius,
748 1368 846 1397 quanto
858 1368 942 1393 exte-

142 1401 198 1428 rius
210 1402 243 1429 ab
260 1402 382 1429 humanis
395 1405 532 1437 spernitur
548 1406 680 1433 sensibus.

177 1447 223 1473 26.
245 1447 294 1479 Qut
312 1448 399 1474 illatas
413 1449 463 1475 sibi
487 1451 666 1478 contumelias
681 1453 825 1487 tranquillo
849 1454 939 1483 animo

142 1492 241 1526 prodit,
256 1494 376 1521 dolorem
391 1495 479 1521 cordis
502 1496 598 1528 aperit,
617 1502 643 1524 et
661 1498 735 1525 virus
756 1500 828 1534 quod
850 1501 939 1529 fervet

141 1538 167 1564 in
179 1539 268 1565 animo
280 1539 358 1566 facite
373 1540 471 1574 rejicit.

179 1584 256 1619 231
279 1585 324 1611 ⁶27.
344 1586 461 1614 Vulnera
475 1590 547 1615 enim
560 1590 658 1617 mentis
671 1594 763 1624 aperta
777 1591 831 1619 cito
845 1592 934 1620 exha-

141 1629 207 1662 lant,
224 1631 314 1658 clausa
326 1633 406 1660 nimis
427 1635 594 1662 exulcerant.
651 1631 657 1632 ⁷

178 1675 223 1702 28.
252 1677 303 1710 Qui
326 1679 446 1705 dolorem
472 1680 574 1714 injuriae
605 1681 697 1709 clauso
723 1687 831 1717 pectore
855 1685 934 1720 tegit,

141 1727 242 1754 quanto
253 1724 367 1756 amplius
381 1725 488 1751 silentio
502 1726 617 1760 linguam
633 1728 742 1762 premit,
761 1734 834 1756 tanto
846 1731 936 1758 acrio-

141 1774 199 1793 rem
216 1768 335 1796 dolorem
353 1769 514 1798 intrinsecus
527 1773 620 1799 nutrit.
644 1773 721 1800 Unde
743 1779 770 1801 et
785 1782 849 1803 vere
870 1777 935 1810 qui-

139 1812 200 1838 dam
215 1818 350 1845 poetarum
362 1816 500 1849 gentilium
516 1817 585 1843 dixit
599 1826 605 1843 :
620 1818 725 1852 Quoque
735 1820 815 1854 magis
831 1821 933 1855 teqitur,

139 1863 219 1885 tectus
235 1861 315 1895 maqis
328 1866 418 1887 (estuat
431 1862 508 1896 iqnis.
522 1863 614 1890 Caecus
631 1864 702 1890 enim
728 1865 841 1899 languor
854 1867 935 1894 vehe-

138 1911 215 1931 mens
230 1911 315 1933 estac
337 1907 444 1942 nimius,
469 1908 529 1942 quia
554 1909 661 1936 tacitum
689 1910 748 1937 vivit
770 1912 816 1938 sub
833 1917 934 1947 pectore

138 1950 238 1977 vulnus.

962 855 987 885 B

955 1550 977 1581 C

176 2043 220 2069 ΞΟ.
243 2042 330 2070 Verba
349 2043 408 2070 Jobi
423 2053 429 2070 τ
456 2045 541 2072 Semel
555 2046 668 2080 loquitur
692 2047 773 2080 Deus,
789 2053 813 2074 et
830 2050 941 2076 secundo

137 2077 260 2109 idipsum
275 2086 326 2104 non
341 2080 440 2113 repetit.
455 2081 540 2106 Atmv.

175 2111 219 2137 25.
242 2112 341 2144 AliLnt
355 2115 501 2141 tentationis
527 2117 601 2142 verba
617 2125 674 2150 qnae
688 2118 752 2151 soris
779 2119 941 2154 impuqnant,

138 2146 280 2172 soterann'oe
293 2148 384 2173 virtute
396 2149 493 2175 devicta
507 2150 648 2177 discedant.
662 2152 747 2178 Anev.

174 2180 218 2208 28.
242 2180 281 2207 Ex
297 2181 372 2208 Ovid.
387 2183 575 2218 Metamorph„
592 2185 638 2212 lib.
654 2194 688 2212 ιν.
704 2187 768 2220 Quse
782 2194 932 2222 sequuntur

139 2217 223 2243 verba
243 2224 250 2242 z
266 2216 353 2243 Coecus
368 2218 436 2244 enim
449 2219 561 2253 lanquor
578 2219 708 2247 vehemens
723 2226 758 2247 est
777 2231 807 2248 uc
822 2224 931 2258 nimius,

139 2256 264 2284 putamus
279 2259 387 2279 versum
398 2259 502 2287 quoque
514 2252 596 2281 fuisse
611 2262 644 2281 ex
658 2256 710 2282 alio
725 2257 783 2284 loco
796 2264 932 2291 pentame-

140 2291 209 2313 trum
223 2287 259 2313 ita
274 2287 388 2314 tortasse
402 2294 560 2322 conceptum
578 2298 585 2315 ;

204 2342 287 2367 Caeeus
300 2343 364 2367 enim
377 2343 488 2375 languor,
503 2344 599 2369 vividus
608 2345 638 2370 ab
649 2346 655 2370 1
669 2346 776 2370 nimium.

173 2395 243 2422 thid.
261 2396 358 2424 Ultima
373 2398 469 2432 eapitis
483 2399 575 2430 verba.
591 2398 709 2426 Tacitum
724 2400 781 2426 vivit
799 2400 845 2426 rub
871 2409 930 2434 pec-

140 2435 194 2456 tore
209 2432 312 2464 uulnus,
328 2437 390 2459 sunt
402 2433 482 2460 etiam
499 2434 696 2461 hemistichium
712 2443 746 2462 ex
764 2434 864 2469 Virgilii
879 2435 926 2463 lib.

138 2473 163 2490 iv
183 2466 258 2499 AEn..
274 2466 319 2498 67,
336 2468 370 2495 de
385 2476 437 2502 quo
453 2469 513 2496 vide
526 2469 688 2497 Macrobinm
705 2490 714 2502 ,
731 2470 776 2497 lib.
791 2477 817 2496 vi
829 2470 926 2498 Satur-

139 2501 181 2526 001
198 2523 205 2534 ,
222 2509 281 2536 cap.
297 2503 322 2529 6.
339 2504 424 2530 Anev.

173 2536 238 2563 (311).
258 2545 321 2564 xxx.
343 2538 374 2564 N.
389 2539 416 2566 ¹.
433 2539 518 2566 Locus
533 2539 700 2574 Hieronym..
724 2541 802 2574 epist.
819 2541 853 2568 ad
873 2540 926 2569 Ju-

139 2569 202 2598 lian.
221 2572 295 2599 Diae.
312 2572 440 2607 Antiquus
454 2582 536 2601 sermo
557 2580 594 2601 est
607 2583 618 2602 .·
633 2574 770 2603 Mendoces
781 2576 881 2611 faciunt
895 2581 926 2604 ue

137 2611 183 2631 nec
196 2614 254 2633 uera
267 2608 408 2635 dicentibus
420 2610 547 2636 credatur.
562 2610 670 2637 borist.

172 2639 198 2666 6.
217 2641 260 2667 22.
278 2642 378 2674 Qna‘st.
390 2644 417 2676 1;
433 2649 460 2671 et
475 2644 544 2679 apud
558 2645 693 2680 Magistr.,
710 2644 737 2672 iu
752 2644 780 2678 5,
791 2645 855 2674 dlst.
871 2645 922 2680 593

137 2678 164 2710 01
179 2675 331 2712 Polycarp„
349 2679 367 2705 l.
380 2686 417 2714 vi,
435 2680 475 2706 tit.
494 2679 544 2712 ¹23
562 2681 670 2711 Burcii..
688 2681 707 2707 Ι.
725 2688 773 2715 xu,
795 2689 854 2716 cap.
868 2679 921 2715 20;

137 2708 221 2743 ivon„
238 2720 264 2746 p.
279 2720 327 2744 xu,
341 2721 365 2740 0.
378 2714 410 2745 7;
427 2714 565 2748 panorm„
581 2715 626 2742 lib.
641 2723 769 2743 Lxxxvm.
784 2716 891 2745 Lause.

173 2744 198 2771 7.
219 2749 382 2782 Augustinus
393 2754 453 2776 octo
463 2757 560 2785 genera
572 2750 770 2778 mendaciorum
781 2755 921 2780 enumerat

135 2778 182 2804 1111Α
195 2781 228 2820 gie
242 2782 374 2815 alendae..
389 2791 448 2818 cap.
465 2785 508 2817 14,
522 2787 718 2820 septimumque
728 2793 789 2814 esse
803 2787 840 2815 ait
850 2786 920 2828 quod

135 2813 201 2841 nun»
213 2815 292 2851 obest,
307 2822 331 2844 et
346 2819 447 2853 prodest
460 2820 536 2847 uticus·
544 2828 555 2853 ,·
569 2821 645 2848 vetuti
657 2822 680 2848 si
690 2821 779 2849 notem
789 2821 920 2850 homnium

905 2875 915 2900 t

676 108 704 134 S.
726 106 851 134 istoont
871 103 1096 137 HlSPALENSlS
1116 107 1273 138 Episcopi

157 167 248 196 Factis
269 167 337 195 bene
357 165 473 199 loquitur
491 164 536 199 qui
553 164 619 193 alios
636 165 714 193 110015
738 165 869 200 exemplis
891 166 956 194 aedi-
968 167 998 198 A

1744 107 1812 139 659·

1285 170 1399 199 CAPUT
1418 170 1505 198 XXX.

1310 227 1350 255 De
1361 228 1506 255 mendacio.

1041 281 1068 307 1.
1089 281 1228 310 Mendaces
1253 283 1354 311 faciunt
1377 288 1406 311 ut
1427 291 1476 311 nec
1491 291 1554 311 vera
1569 282 1722 311 dicentibus
1736 291 1796 312 cre-

1005 326 1092 354 datur.
1110 327 1208 355 Reddit
1220 329 1291 356 enim
1321 337 1394 364 soepe
1421 330 1556 357 bominem
1585 330 1667 358 multa
1694 330 1796 358 falsitas

1005 373 1085 399 etiam
1099 374 1125 400 in
1136 374 1247 402 veritate
1258 381 1423 410 suspectum.

1039 418 1067 445 2.
1087 419 1164 454 Saepe
1179 428 1241 447 vera
1269 421 1420 455 praemittit,
1437 422 1482 457 qui
1503 421 1569 448 salsa
1593 421 1713 449 dicturus
1732 426 1790 455 est,

1004 468 1033 491 01,
1047 473 1106 491 cum
1123 466 1236 500 primum
1249 467 1405 501 acquisierit
1416 467 1505 500 fidem,
1520 467 1553 494 ad
1566 468 1668 502 reliqua
1679 467 1790 495 menda-

1003 511 1043 537 cia
1055 511 1193 538 audientes
1206 512 1330 539 credulos
1340 511 1429 539 fat-iat.

1039 556 1065 583 5.
1087 556 1174 583 Multis
1199 557 1322 584 videntur
1342 565 1406 585 vera
1427 565 1487 585 esse
1505 566 1564 591 quae
1587 557 1655 585 salsa
1679 562 1751 590 sunt,
1767 562 1794 585 et

1002 603 1063 630 ideo
1078 611 1131 630 non
1145 611 1179 630 ex
1193 603 1248 631 Deo
1258 623 1266 636 ‚
1285 604 1333 631 sed
1347 612 1379 631 ex
1393 611 1442 632 500
1455 604 1621 632 mendacium
1636 605 1793 639 loquuntur.

1037 649 1064 676 4.
1081 649 1276 684 Nonnunquam
1293 649 1395 677 salsitas
1411 650 1562 685 veriloquio
1580 650 1743 685 adjungitur,
1767 655 1794 678 et
1826 682 1832 687 ,.

1001 696 1158 730 plerumque
1171 703 1185 722 a
1197 696 1308 723 veritate
1324 696 1429 731 incipit,
1447 696 1491 731 qui
1504 696 1569 723 l'alsa
1585 697 1723 731 contingit.

1037 742 1063 768 5.
1081 742 1177 769 Latent
1189 749 1260 777 saepe
1275 750 1376 770 venena
1388 743 1536 770 circumlita
1547 743 1626 770 melle
1638 743 1792 776 verborum;
1827 757 1832 763 ·

1000 793 1026 815 et
1042 788 1131 815 tandiu
1150 789 1277 822 deceptor
1293 789 1430 816 veritatem
1445 789 1570 823 simulat,
1591 796 1729 824 quousque
1742 789 1792 817 fal-

1000 834 1080 861 lendo
1100 835 1225 869 decipiat.

1039 880 1064 907 6.
1086 880 1280 915 Nonnunquam
1301 881 1375 915 pejus
1400 885 1441 908 est
1467 882 1635 909 mendacium
1659 882 1793 915 meditari,

1002 933 1081 961 quam
1104 926 1186 960 loqui.
1205 934 1265 953 nam
1289 927 1423 955 interdum
1446 929 1559 963 quisque
1585 929 1706 955 incautus
1725 928 1793 956 solet

1002 978 1034 997 ex
1050 970 1261 1004 praecipitatione
1276 972 1347 1006 loqui
1363 972 1543 1006 mendacium
1563 973 1686 1000 meditari
1702 977 1791 1000 autem

1001 1023 1054 1042 non
1071 1020 1172 1050 potest,
1190 1017 1240 1043 nisi
1256 1024 1303 1050 per
1317 1017 1445 1044 studium.
1474 1017 1588 1045 Gravius
1608 1025 1672 1052 ergo
1693 1018 1738 1045 illo
1757 1025 1792 1045 ex

1000 1061 1088 1087 studio
1103 1061 1211 1088 mentiri
1228 1062 1397 1096 perhibetur,
1413 1070 1493 1097 quam
1516 1063 1539 1090 is
1555 1063 1600 1098 qui
1614 1071 1646 1091 ex
1663 1062 1790 1098 praecipi-

1000 1106 1102 1134 tatione
1113 1107 1170 1134 sola
1186 1108 1324 1135 mentitur.

1035 1163 1060 1189 7.
1089 1163 1263 1198 Summopere
1291 1164 1437 1191 cavendum
1459 1169 1500 1191 est
1514 1171 1594 1191 omne
1607 1164 1787 1198 mendacium,

998 1209 1123 1243 quamvis
1144 1217 1336 1244 nonnunquam
1365 1210 1445 1245 232
1469 1210 1504 1237 sit
1525 1210 1630 1244 aliquod
1655 1210 1788 1238 mendacii

997 1262 1081 1289 genus
1095 1255 1180 1289 cutpae
1197 1256 1318 1288 levioris,
1332 1256 1353 1283 si
1366 1255 1509 1290 qnisquam
1532 1263 1580 1289 pro
1594 1256 1682 1284 salute
1697 1256 1785 1283 bomi-

998 1310 1059 1329 num
1088 1302 1241 1329 mentiatur.
1265 1303 1318 1330 Scd
1345 1304 1406 1337 quia
1432 1303 1560 1337 seriptum
1577 1308 1617 1331 est
1633 1312 1640 1330 :
1668 1303 1702 1331 Os
1717 1303 1786 1339 quod

995 1349 1115 1374 mentitur
1128 1349 1219 1374 occidit
1244 1349 1354 1374 animam
1379 1348 1456 1382 (Sap.
1486 1356 1504 1381 1,
1535 1348 1590 1384 tt),
1617 1354 1662 1376 et:
1689 1348 1785 1375 Perdes

994 1402 1036 1420 eos
1046 1394 1088 1428 qui
1104 1394 1239 1428 loquuntur
1250 1394 1409 1420 mendacium
1425 1394 1509 1429 (Psal.
1523 1402 1548 1426 v,
1564 1394 1604 1429 7);
1615 1395 1665 1423 hoc
1676 1402 1781 1430 quoque

994 1439 1126 1466 mendacii
1142 1447 1226 1473 genus
1239 1439 1348 1474 perlecti
1362 1440 1412 1466 viri
1427 1447 1598 1474 summopere
1615 1440 1734 1474 fugiunt,
1752 1446 1780 1469 ut

994 1493 1044 1513 000
1055 1486 1109 1512 vita
1121 1486 1266 1519 cujuslibet
1283 1493 1330 1520 per
1345 1493 1438 1513 eorum
1461 1485 1592 1513 fallaciam
1610 1486 1780 1520 defendatur,

992 1539 1026 1559 110
1042 1539 1097 1559 suec
1113 1532 1209 1559 animae
1228 1537 1360 1565 noceant,
1375 1532 1438 1559 dum
1456 1537 1584 1568 praestare
1599 1533 1693 1561 atienae
1707 1534 1781 1561 carni

993 1579 1122 1611 nituntur,
1135 1587 1285 1614 quanquam
1298 1579 1348 1606 11οο
1358 1579 1445 1614 ipsum
1454 1580 1554 1614 peccati
1565 1586 1649 1614 genus
1658 1579 1782 1608 facillime
1823 1590 1827 1594 ·

990 1625 1123 1653 credimus
1139 1624 1263 1651 relaxari.
1283 1624 1349 1652 Nam
1364 1625 1387 1651 si
1410 1624 1537 1659 quaelibet
1561 1625 1638 1659 culpa
1657 1625 1780 1659 sequenti

990 1672 1258 1707 mercedepurgatur‚
1271 1675 1370 1705 quanto
1383 1670 1468 1704 magis
1481 1670 1538 1698 haee
1553 1669 1632 1698 tacite
1644 1670 1780 1706 abstergi-

992 1724 1048 1752 tur,
1065 1726 1145 1753 quam
1161 1725 1265 1745 merces
1281 1718 1337 1752 ipsa
1351 1717 1512 1744 comitatur?

1027 1775 1053 1802 8.
1075 1774 1155 1802 Multa
1180 1774 1344 1801 mentiuntur
1366 1773 1502 1808 multaque
1531 1773 1633 1808 lingunt
1655 1774 1778 1802 homines
1822 1795 1823 1798 1

989 1825 1099 1856 propter
1115 1819 1255 1847 hominum
1271 1820 1392 1852 laudem;
1407 1820 1499 1853 sicque
1515 1820 1543 1847 111
1557 1824 1625 1848 11101
1644 1820 1689 1848 isti
1701 1828 1778 1848 men—

990 1867 1081 1894 tiendo
1093 1872 1219 1900 pereant,
1232 1870 1259 1893 et
1273 1874 1320 1894 eos
1335 1873 1402 1901 quos
1415 1866 1523 1894 laudant
1534 1866 1567 1894 ad
1581 1874 1659 1894 vanae
1683 1867 1776 1902 gloria

989 1913 1093 1941 ruinam
1108 1912 1263 1947 perducant.

1025 1961 1053 1987 9.
1074 1959 1148 1988 Sicut
1170 1959 1240 1987 bene
1262 1959 1313 1986 sibi
1340 1958 1462 1987 conscius
1486 1966 1540 1987 non
1564 1959 1659 1987 metuit
1682 1959 1776 1988 atienae

995 2050 1029 2076 ud
1053 2054 1158 2077 mortem
1176 2049 1308 2084 quaesttum
1323 2047 1429 2084 prodere
1442 2049 1588 2077 mentiatur.
1616 2050 1649 2078 Et
1662 2052 1775 2080 concilio

996 2085 1125 2113 Toletano
1140 2093 1196 2118 vni,
1212 2093 1236 2112 c.
1250 2085 1278 2116 2,
1296 2085 1348 2111 duo
1363 2089 1497 2118 ponuntur
1509 2092 1607 2119 genera
1619 2086 1773 2115 mendacio-

996 2125 1067 2153 rum,
1084 2121 1109 2147 in
1121 2120 1216 2155 quibus
1230 2128 1281 2147 non
1293 2123 1335 2147 est
1348 2127 1441 2154 magna
1455 2120 1542 2154 culpa,
1556 2121 1602 2148 sed
1614 2125 1702 2149 tamen
1715 2129 1773 2150 om-

951 2161 978 2190 1)
991 2157 1055 2182 nino
1070 2163 1122 2182 non
1134 2161 1197 2183 sunt
1214 2156 1272 2183 sine
1282 2155 1374 2188 culpa,
1391 2162 1451 2182 cum
1465 2159 1511 2181 aut
1521 2155 1652 2190 jocamur,
1664 2160 1726 2192 aut,
1743 2162 1772 2185 ut

991 2191 1117 2224 proximis
1133 2190 1274 2224 prosimus,
1289 2190 1442 2217 mentimur.
1459 2190 1569 2218 Loustt.

1021 2225 1103 2257 Ibid„
1128 2225 1268 2252 Proestare.
1293 2225 1329 2251 lta
1356 2225 1462 2258 quidem
1485 2225 1555 2259 apud
1582 2225 1672 2261 Greg„
1692 2231 1720 2254 et
1741 2228 1770 2256 in

985 2258 1066 2286 Goth.
1082 2260 1179 2292 Codd..
1195 2260 1242 2286 sed
1257 2264 1329 2286 recte
1342 2259 1455 2286 tortasse
1477 2266 1528 2285 vox
1541 2260 1619 2286 vitam
1633 2262 1667 2288 ab
1681 2261 1772 2289 Exco.-

983 2295 1021 2321 sis
1032 2296 1118 2322 abest.
1132 2295 1169 2322 lta
1186 2295 1256 2321 enim
1277 2300 1348 2327 saepe
1363 2293 1429 2320 alias
1448 2293 1575 2327 loquitur,
1600 2299 1628 2322 ut
1648 2301 1770 2330 praestare

983 2337 1032 2363 pro
1047 2331 1164 2362 prodens
1175 2333 1292 2362 usurpet.
1303 2328 1410 2355 Lonsn.

1017 2364 1100 2396 lbra„
1116 2364 1249 2399 Sequenti,
1261 2368 1314 2390 etc.
1332 2362 1416 2390 Verba
1436 2362 1557 2398 Gregorii
1570 2371 1677 2393 sensum
1689 2365 1768 2402 huius
1801 2395 1803 2398 ⁴

981 2400 1119 2426 sententiae
1129 2399 1284 2433 explicant„
1296 2398 1344 2425 lib.
1359 2398 1452 2425 Moral.
1465 2406 1542 2431 xvni,
1553 2407 1613 2433 cap.
1623 2400 1651 2428 4.
1665 2401 1734 2429 Nam
1743 2402 1768 2430 et*
1813 2410 1821 2415 ·

980 2434 1183 2468 quaetibetcutpa
1195 2433 1308 2465 sequenti
1326 2433 1388 2459 solet
1413 2434 1456 2466 pia
1478 2435 1626 2468 operatione
1647 2437 1763 2472 purgari,

979 2473 1073 2502 quanto
1087 2469 1166 2503 maqt's
1181 2469 1236 2495 hoec
1251 2468 1372 2502 facillime
1395 2468 1559 2504 abstergitur,
1582 2478 1660 2506 quam
1681 2476 1763 2500 mam

980 2503 1038 2530 boni
1051 2503 1134 2539 operis
1149 2504 1228 2536 pietas
1246 2503 1400 2530 comitatur?
1414 2503 1522 2531 Lonsn.

1014 2538 1084 2566 Ibid.
1101 2537 1229 2565 Proestare
1241 2546 1288 2573 pro
1301 2539 1421 2572 prodesse
1434 2539 1504 2573 apud
1519 2539 1586 2567 alios
1608 2540 1708 2575 etiam,
1733 2546 1763 2571 et

977 2573 1047 2608 apud
1058 2573 1189 2601 isidorum
1205 2574 1293 2607 ipsum
1303 2573 1366 2601 alibi
1379 2573 1513 2606 occurrit:
1525 2575 1586 2602 etin
1601 2577 1684 2604 veteri
1698 2577 1770 2606 Enim

977 2609 1049 2636 tione
1061 2616 1093 2636 ac
1103 2616 1163 2636 meo
1180 2608 1229 2635 Ms.
1241 2609 1317 2635 abest
1327 2616 1378 2636 vox
1389 2609 1483 2642 etiaim
1495 2610 1584 2645 itaque
1591 2618 1651 2639 enm
1664 2611 1765 2647 delevi,

976 2644 1096 2677 quamvis
1125 2643 1218 2671 Loaisa
1230 2643 1344 2671 ediderit
1353 2649 1472 2678 proestaro
1487 2645 1564 2672 uitam
1575 2645 1667 2674 attam
1679 2647 1782 2677 carni-2·-

975 2678 1043 2707 Vide
1056 2683 1112 2706 not.
1121 2679 1154 2706 ad
1163 2680 1330 2707 Dracontium
1338 2679 1364 2707 in
1373 2679 1513 2713 sanat-ct„
1534 2687 1606 2710 vere.
1616 2676 1662 2709 64.
1675 2681 1753 2711 Aur

1013 2714 1040 2741 9.
1061 2714 1088 2741 tn
1103 2713 1227 2742 Editione
1239 2714 1331 2742 Griatii
1345 2715 1477 2745 indicatur
1491 2722 1540 2749 pro
1556 2715 1607 2744 bae
1624 2716 1772 2749 sententie,

975 2750 1186 2784 annotatio‚quae
1201 2750 1311 2778 excidit.
1324 2750 1364 2778 Ac
1379 2748 1494 2779 rorasse
1505 2749 1652 2779 1100501001
1663 2751 1759 2783 deute

973 2784 1017 2811 Ea:
1027 2783 1135 2821 Gregor.
1151 2784 1197 2812 tib.
1213 2793 1252 2819 tx,
1264 2784 1371 2821 epiuota
1385 2783 1593 2815 uerbenatum
1607 2785 1762 2818 Parrum,

975 2821 1063 2847 Anv.
