1832 3016
12 159 74 191 535

17 265 60 292 itio
75 263 147 291 enim
157 267 209 296 est,
226 262 288 289 dum
301 259 438 295 Scriptura
460 257 532 286 redit
546 258 579 285 ad
591 258 656 285 illud
671 258 748 292 cuius
759 266 823 285 nar-

14 310 90 336 rratio
99 309 154 344 jam
165 305 395 338 transierat,sicut
401 311 462 331 cum
476 303 544 331 lilios
556 303 670 330 liliorum
686 303 741 331 Noe
752 304 822 331 Scri-

14 359 99 387 ratur-a
115 355 362 383 commemorasset,
379 349 450 376 dixit
464 349 524 377 illos
538 349 620 377 fuisse
638 349 664 376 in
681 348 777 384 linguis
795 354 822 377 et

13 401 146 436 egentibus
161 399 224 431 ειιίε,
237 401 361 425 ettamen
377 401 479 430 postea,
493 396 568 430 quasi
579 395 628 422 linc
638 396 719 423 etiam
733 396 758 423 in
775 403 821 422 or-

15 448 88 475 ·dine
110 451 258 480 temporum
283 447 464 478 sequeretur:
481 442 514 469 Et
528 448 599 474 erat,
626 442 722 477 inquit,
742 442 822 469 munis

14 501 90 521 «ferra
102 492 197 520 labium
205 499 293 523 rmum,
301 494 380 517 etvoa:
390 498 442 516 una
457 490 572 517 omnibus
583 494 636 516 erat
648 489 725 523 (Gen.
735 496 774 522 ιι,
783 488 819 523 1).

25 538 158 572 Quomodo
169 545 233 572 ergo
257 536 402 563 secundum
418 543 480 563 suas
499 542 592 570 gentes
603 540 632 563 et
642 543 704 562 suas
718 535 821 570 linguas

26 589 106 617 want,
116 583 137 611 si
146 583 291 617 unalingna
299 586 356 609 erat
364 581 498 614 omnibus,
509 581 559 608 nisi
567 581 628 616 quia
637 581 669 608 ad
679 579 820 614 illudquod

30 638 73 657 -zm
93 629 236 658 transierat
251 628 453 662 recapitulando
466 631 508 655 est
522 635 630 655 reversa
646 626 784 654 narratio?

56 676 100 703 ¹7.
110 675 303 711 Recapitulatio
310 675 380 702 enim
390 679 441 708 est,
449 674 512 701 dum
522 681 610 701 rerum
623 673 820 708 praeteritarum

29 730 108 750 zausae
120 722 213 749 suturis
222 722 367 748 miscentur
375 721 468 755 gestis,
478 722 546 747 sicut
560 725 585 747 et
600 720 624 746 in
640 719 819 751 Genesi,dum

35 773 99 796 exto
109 768 151 796 die
160 768 292 795 bominem
301 767 365 795 dicit
373 767 471 794 sactum
485 766 577 799 fuisse,
586 766 674 794 denuo
684 767 819 800 recapitu-

23 819 56 842 ω
79 814 220 841 formatum
242 814 333 841 dicens
360 822 366 839 ε
392 812 525 840 Formavit
548 812 616 840 Deus
638 813 766 839 hominem
786 813 820 839 ad

30 859 155 893 maqinem
175 867 248 885 snam
272 857 348 892 (Gen.
372 865 390 884 ιι
403 877 411 891 ,
433 857 472 892 Ἰ).
496 857 551 884 Nec
577 865 630 884 non
655 861 682 884 et
707 857 750 884 ubi
774 865 820 884 ex-

23 950 63 977 «iie
76 950 250 985 requievisse,
270 948 471 984 recapitulando
492 949 629 984 subjungit
645 957 651 976 :
667 948 729 976 Ittae
744 958 821 984 qene-

31 996 134 1022 ·att'ones
149 996 204 1022 coeli
216 1000 238 1022 et
249 1000 338 1028 terrie,
365 996 467 1029 quando
482 1001 575 1023 ιιι-(ἀίω
589 1001 648 1022 sunt
659 1016 667 1030 ,
679 996 705 1023 in
717 996 759 1022 die
771 1005 822 1030 quo

37 1044 113 1070 renuit
132 1043 196 1070 Deus
209 1043 342 1076 coelum,et
357 1048 462 1075 terram,
480 1047 503 1069 et
515 1051 589 1070 omne
600 1044 738 1078 virgultum
753 1044 822 1079 ayri,

31 1094 156 1124 mteqnnm
172 1091 280 1116 oriretur
291 1096 366 1123 super
381 1094 482 1115 terram.
499 1087 623 1114 Nondum
641 1089 707 1115 enim
723 1088 823 1123 pluerat

49 1135 102 1170 72
113 1134 238 1161 Dominus
248 1133 317 1160 Deus
328 1142 405 1167 super
420 1138 525 1165 terram,
535 1138 559 1160 et
569 1133 645 1160 homo
655 1142 706 1160 uon
718 1139 772 1160 erat
780 1134 825 1168 qui

2 1191 5 1204 ι
30 1186 168 1216 ‚peraretur
179 1184 284 1211 terram,·
295 1180 339 1205 sed
353 1179 411 1213 [ons
422 1179 574 1206 ascendebat
584 1179 615 1206 de
630 1184 697 1206 terra
711 1180 823 1214 irrigans

33 1227 167 1253 iniversam
196 1225 355 1260 superficiem
375 1229 458 1251 terroe.
488 1225 551 1252 llaec
574 1226 664 1252 omnia
690 1226 823 1260 recapitu-

1 1274 4 1279 ’
27 1273 102 1300 tando
116 1273 141 1299 in
159 1273 228 1300 serie
251 1272 412 1299 narrationis
436 1271 517 1298 rebus
540 1271 636 1299 suturis
653 1277 822 1305 nectuntur;

5 1337 6 1343 ι
32 1327 83 1347 zum
105 1319 173 1347 intra
196 1327 243 1347 sex
257 1319 316 1346 dies
330 1318 411 1346 etiam
426 1317 485 1345 liaec
497 1322 598 1352 patrata
613 1318 768 1346 videantur.

60 1378 102 1405 18.
120 1378 235 1413 Septima
255 1377 345 1412 regula
361 1381 402 1404 est
418 1377 452 1404 de
466 1377 572 1404 diabolo
584 1381 612 1404 et
627 1377 685 1411 ejus
697 1384 821 1411 corpore,

34 1425 85 1459 ruia
107 1431 178 1459 saepe
196 1424 321 1452 dicuntur
346 1423 430 1458 ipsius
455 1424 549 1458 capitis
565 1444 572 1457 ‚
600 1432 660 1459 quac
674 1431 723 1451 suo
739 1425 824 1458 magis

32 1469 188 1496 eonveniunt
210 1470 334 1504 corpori;
364 1476 436 1504 saepe
450 1476 515 1496 vero
526 1469 583 1504 ejus
607 1469 730 1497 videntur
753 1469 823 1497 dicta

29 1515 217 1548 membrorum,
245 1520 271 1542 et
289 1514 394 1542 nonnisi
416 1515 496 1549 capiti
521 1521 681 1550 congruunt.
698 1515 774 1543 Sicut
798 1516 823 1542 in

0 1582 8 1603 t
39 1560 104 1594 saia,
119 1560 163 1588 ubi
187 1561 248 1587 dum
263 1565 353 1588 contra
379 1560 561 1596 Babyloniam,
590 1561 642 1589 boc
652 1565 703 1594 est,
731 1566 824 1588 contra

34 1659 118 1678 *ursus
133 1651 164 1679 ad
180 1657 269 1687 caput,
284 1652 310 1679 id
321 1656 373 1684 est,
389 1652 421 1678 ad
437 1652 582 1685 diabolum,
598 1652 699 1680 oraculi
714 1657 822 1680 senten-

4 1700 14 1722 Γ
32 1697 91 1724 »iam
113 1698 225 1730 derivat,
253 1698 345 1725 dicens
366 1706 372 1724 :

38 1743 140 1777 Lucifer,
152 1744 193 1777 qni
207 1751 279 1770 ntane
294 1743 414 1770 oriebaris
432 1743 457 1778 (1
461 1744 508 1775 sai.
521 1752 576 1776 xiv,
588 1743 643 1778 12).
656 1744 667 1770 ?

10 1805 15 1811 «
64 1789 106 1815 19.
124 1788 166 1815 Ex
189 1789 296 1816 nomine
310 1789 406 1823 quippe
420 1789 542 1823 corporis
555 1789 712 1824 intelligitur
726 1794 822 1825 caput,

27 1839 55 1862 ιι
66 1839 106 1862 est
130 1834 194 1861 illud
206 1834 232 1860 in
249 1833 391 1867 Evangelio
405 1834 439 1861 de
456 1835 564 1861 zizaniis
577 1834 667 1861 tritico
680 1835 803 1862 admistis
814 1855 822 1867 ,

27 1878 133 1906 licente
145 1877 270 1904 Domino:
281 1877 405 1904 Inimicus
416 1877 491 1904 bomo
501 1878 549 1905 hoc
560 1878 620 1914 fecit
633 1878 743 1914 (Matth.
761 1886 821 1911 ιιιι,

401 1697 535 1730 Quomodo
559 1698 674 1725 cecidisti
704 1698 735 1725 de
749 1699 822 1730 coeto,

56 1946 215 1980 ripturarum
225 1945 288 1971 satis
315 1944 448 1978 viniianter
468 1944 605 1971 inventam.
632 1944 677 1972 Sic
692 1946 760 1972 enim
784 1945 825 1971 di-

37 1986 121 2008 cuntur
135 1981 264 2016 quoedam,
285 1980 358 2014 quasi
372 1983 510 2014 sequantui·
529 1980 554 2006 in
581 1980 672 2007 ordine
693 1981 824 2014 temporis,

35 2018 68 2043 ret
79 2024 164 2043 rerum
178 2014 368 2042 continuatione
387 2020 533 2047 narrentur,
553 2023 609 2042 cum
624 2016 658 2041 ad
674 2016 760 2050 priora
771 2022 827 2049 quoe

30 2068 33 2075 ·
47 2052 199 2078 roetermissa
218 2051 327 2085 suerunt,
345 2050 450 2076 latenter
474 2051 589 2077 narratio
599 2055 738 2083 revocetur,
753 2050 821 2085 quod

37 2087 79 2114 risi
93 2095 123 2113 ez
136 2087 182 2112 linc
195 2086 284 2120 regula
296 2085 462 2120 intelliguntur,
484 2090 592 2112 erratur.
607 2085 714 2112 Lomsn.

7 2121 15 2128 ”
65 2121 134 2148 Ibid.
152 2121 223 2148 Sicut
237 2129 304 2148 cum.
319 2120 408 2148 Codex
419 2120 530 2148 Guadal.
542 2122 581 2148 sie
592 2121 671 2147 ltabet
687 2129 694 2146 :
709 2120 782 2147 Sicut
797 2120 823 2146 in

7 2155 13 2167 '¹
39 2157 111 2188 ¹ruia.
124 2157 166 2182 ubi
177 2157 238 2182 ilum
244 2161 332 2182 contra
339 2155 504 2190 Babylonem,
515 2156 563 2182 hoc
573 2161 621 2187 est,
630 2161 717 2182 contra
728 2155 823 2182 diaboli

16 2186 19 2197 ¹
37 2192 207 2226 eorpusrnnlta
216 2191 319 2217 uixisset
326 2199 408 2218 sermo
419 2191 591 2225 propheticus,
599 2198 688 2222 rursus
694 2191 727 2217 ad
735 2196 822 2225 caput,

45 2239 49 2249 ι
69 2232 115 2260 est,
124 2226 158 2252 ad
170 2225 308 2259 diabolum,
322 2226 418 2252 oraculi
431 2226 554 2252 sententia
568 2226 706 2258 derivatur,
721 2227 822 2252 dicens:

1 2295 6 2313 ²
38 2305 89 2324 inm
103 2296 171 2332 {ilios
182 2295 296 2330 filiorum
309 2295 367 2323 Noe
380 2296 439 2323 Scri
457 2301 516 2322 tura
530 2300 760 2328 commemorasset.
769 2301 822 2324 etc.

56 2339 94 2360 aec
119 2331 250 2359 habentur
272 2332 332 2359 lsai.
355 2338 410 2358 xiv.
455 2338 530 2358 erum
559 2331 592 2357 ad
613 2332 681 2358 lianc
706 2331 826 2366 regulam

8 2369 20 2397 'J
51 2375 86 2395 on
102 2368 247 2401 pertinent,
275 2367 322 2394 sed
337 2366 370 2393 ad
394 2367 533 2400 septimam
548 2366 583 2393 de
603 2365 710 2394 diabolo
725 2372 753 2394 et
767 2367 827 2401 eius

0 2413 1 2419 1
48 2409 155 2434 ornore.
177 2406 205 2428 ut
218 2406 288 2436 patet
301 2409 332 2429 ex
347 2401 504 2436 Augustino.
519 2401 629 2428 Lonsr.

9 2444 11 2446 ’
70 2437 113 2464 1¹1.
128 2436 191 2464 llaec
213 2437 300 2463 omnia
315 2437 342 2463 in
357 2437 431 2464 nullo
444 2441 550 2464 exstant
569 2436 637 2464 Cod.
654 2445 706 2464 ms.
732 2445 825 2465 eorum

32 2488 33 2494 ι
51 2479 101 2499 uos
119 2475 212 2498 nactus
226 2479 285 2498 sum
298 2471 332 2498 ad
342 2471 421 2506 buius
430 2472 519 2507 operis
531 2472 740 2505 correctionem,
757 2473 827 2501 inter

2 2515 19 2519 *¹
41 2513 101 2541 qnos
114 2506 169 2534 duo
180 2511 256 2533 erant
275 2506 440 2534 membranei
461 2506 639 2541 antiquissimi
662 2507 758 2535 litteris
777 2507 830 2535 Go-

36 2543 114 2569 thicis
128 2541 231 2575 scripti,
247 2548 314 2568 unus
329 2541 455 2569 Ecclesia
467 2542 615 2576 Toletame,
632 2550 686 2570 aera
701 2543 754 2570 955
768 2551 831 2571 exa-

14 2583 15 2586 ¹
56 2596 57 2599 η
67 2582 108 2604 tus
119 2585 126 2610 ;
139 2573 208 2603 a'lius
219 2582 253 2615 ex
266 2576 360 2612 insigni
373 2576 485 2611 collegio
491 2577 617 2606 ovetensi
629 2578 700 2612 apud
709 2578 831 2606 Salman-

16 2621 19 2626 ’
47 2612 115 2640 icant
143 2619 176 2639 eo
189 2611 332 2643 antiquior.
351 2615 380 2638 ut
393 2617 426 2638 ex
450 2611 546 2641 litteris
563 2613 657 2640 miram
670 2617 830 2641 vetustatem

55 2655 90 2676 ra:
112 2654 142 2674 se
160 2645 305 2673 ferentibus
317 2645 444 2680 colliget-e
456 2645 529 2674 licet.
542 2647 711 2682 Quapropter
723 2649 814 2676 omnia
822 2668 830 2681 ,

0 2683 20 2716 '⁵
53 2680 830 2752 ‘'1222'‘51222ssit‘3212322232‘zfflwestrem...

38 2782 41 2786 Δ
63 2757 92 2786 j.
106 2753 230 2788 Bissuoeus
244 2750 302 2778 haee
316 2750 354 2777 ait
367 2757 383 2777 a
397 2757 428 2778 se
442 2754 549 2785 reperta
568 2751 597 2778 iu
612 2750 830 2787 Uessuuium:-

38 2817 41 2823 ,
63 2799 75 2810 ·=
116 2808 125 2820 ‚
138 2789 165 2815 iu
177 2787 274 2821 quibus
285 2786 396 2813 deerant
415 2784 615 2825 procedentia:
728 2786 828 2815 'statio

15 2848 24 2855 Α,
50 2827 69 2851 J
119 2827 190 2850 est...
207 2828 308 2849 reversa
321 2821 444 2848 narratio.
469 2819 533 2847 flac
546 2819 654 2855 quidem
666 2821 693 2848 ul
715 2827 758 2849 ma
777 2829 827 2850 ex·

23 2857 25 2869 ’
68 2860 69 2863 ’
89 2862 111 2886 t
129 2858 156 2886 in
179 2856 349 2885 Editionibue
369 2855 574 2891 antiquioribus.
598 2854 656 2883 Atia
680 2855 776 2884 decue
799 2858 826 2886 in

81 2899 85 2902 ’
109 2892 175 2922 flu.
200 2892 296 2920 maias
311 2895 438 2923 testatur:
454 2897 543 2926 nequo
562 2889 591 2919 in
604 2890 707 2920 nostris
716 2890 827 2926 quum

180 2939 319 2972 Punor..
339 2937 519 2970 Lxxxm.

495 167 501 171 ·
552 149 824 185 sssmssn'rtsttun
843 152 945 183 LIBER
964 152 1101 184 remus.

59 218 102 245 16.
115 216 196 245 Sexta
206 214 299 252 regula
308 217 349 243 est
358 213 392 241 de
399 211 627 247 recapitulatione.
640 212 811 247 Reeapitula-
823 216 851 245 Α
861 211 921 248 28),
938 213 1074 241 hominem
1095 212 1182 247 ipsum
1193 211 1328 240 diabolum
1340 218 1451 246 vocans,
1469 215 1498 240 et
1508 219 1542 241 οι
1555 212 1666 241 nomine

1615 152 1668 181 585

874 259 968 293 capitis
980 259 1143 294 significatur
1153 265 1261 293 corpus,
1274 258 1343 286 sicut
1353 258 1380 285 in
1395 258 1542 295 Evangelio
1551 258 1650 286 dicitur
1660 278 1670 287 .

875 302 1016 331 Duodecim
1023 312 1066 331 vos
1073 304 1148 339 elegi,
1159 305 1204 331 sed
1213 312 1280 330 unus
1287 311 1319 330 cx
1326 303 1395 330 vobis
1404 303 1520 331 diabolus
1529 307 1565 331 cat
1576 303 1669 340 (toan.

873 356 910 383 vr,
920 349 952 377 7¹
959 351 977 382 );
985 349 1081 377 Judam
1090 350 1181 385 utique
1188 350 1320 382 indicans,
1331 350 1392 384 quia
1398 349 1601 386 diabolieorpus
1607 350 1670 379 furt.

873 395 1000 429 Apostata
1021 396 1120 429 quippe
1130 395 1242 429 angelus
1264 395 1383 422 iminium
1407 399 1487 429 caput
1496 400 1538 423 est
1563 396 1672 431 iniquo-

873 448 944 473 rum,
968 444 996 467 et
1019 439 1098 474 liuius
1124 440 1220 474 capitis
1246 447 1344 474 corpus
1370 443 1434 467 sunt
1457 447 1553 468 omnes
1577 441 1672 476 iniqui.

874 487 971 522 Sicque
990 494 1051 514 cum
1073 487 1200 517 membris
1215 487 1272 514 suis
1285 494 1355 514 unus
1369 492 1421 520 est,
1445 491 1476 514 ut
1489 494 1572 521 saepe,
1601 487 1673 521 quod

873 533 981 568 corpori
1000 534 1058 567 eJus
1074 533 1181 567 dicitur,
1202 533 1235 560 ad
1255 541 1317 560 eum
1332 533 1419 567 potius
1442 532 1594 565 referatur3
1615 540 1676 560 rur-

873 587 932 608 sum
945 580 1014 610 duod
1030 580 1084 614 illi,
1097 580 1131 607 ad
1145 580 1265 607 membra
1279 580 1375 607 iterum
1390 579 1473 614 ipsius
1488 579 1637 607 derivetur.

1126 628 1203 664 173
1219 627 1333 655 CAPUT
1350 627 1409 654 XX.

1041 674 1080 701 De
1105 673 1248 708 differentia
1271 673 1501 700 Testamentorum.

911 721 936 748 t.
950 720 1064 754 Quidam
1079 719 1140 747 ideo
1155 727 1208 747 non
1221 719 1354 753 recipiunt
1364 719 1445 746 Vetus
1455 719 1673 753 Testamentum,

874 773 923 801 pro
938 774 970 793 eo
986 766 1057 801 quod
1073 765 1145 793 aliud
1169 766 1195 792 in
1217 770 1338 800 tempore
1354 765 1458 799 prisco,
1485 764 1557 792 aliud
1581 769 1676 800 agatur

873 812 900 840 in
915 819 994 839 novo.
1019 811 1084 839 Non·
1099 811 1278 847 intelligentes
1303 811 1375 846 quod
1400 811 1471 839 Deus
1485 811 1549 846 quid
1575 812 1672 846 cuique

874 858 1026 893 congruerit
1039 858 1154 893 tempori
1170 865 1266 892 magna
1282 857 1395 892 quadam
1405 857 1593 885 distributione
1604 865 1674 885 con-

1 919 7 929 ι,
31 905 98 932 »letis
119 904 242 931 omnibus
267 903 402 938 operibus,
432 903 494 930 dum
511 903 593 930 Deum
619 903 682 930 dicit
707 903 822 938 septimo
837 905 1079 940 Bcesserit:sicut
1090 905 1180 939 inlege
1192 905 1304 939 imperat
1315 905 1420 939 nuptias
1432 904 1552 940 (Denter.
1563 905 1675 939 xxv)‚in

875 951 1020 987 Evangelio
1027 952 1203 986 virginitatem
1211 950 1498 987 conimendat(Matth.
1514 951 1581 985 xix);
1598 951 1624 978 in
1637 953 1676 978 le-

874 1005 906 1032 ge
915 997 1021 1024 oculum
1033 1004 1081 1031 pro
1093 998 1171 1025 oculo
1188 997 1293 1025 auferre
1305 997 1422 1032 (Denter.
1431 997 1499 1031 ιιι),
1516 997 1541 1024 in
1554 996 1675 1034 Evange-

876 1044 911 1071 lio
919 1044 1048 1070 alternam
1063 1043 1183 1078 praebere
1194 1043 1352 1077 percutienti
1365 1042 1501 1070 maxillam
1511 1042 1618 1075 (Mattb.
1633 1041 1675 1077 v).

910 1091 938 1117 Ξ.
953 1090 1004 1118 Sed
1020 1091 1063 1117 illa
1077 1098 1125 1124 pro
1134 1095 1255 1124 tempore
1269 1089 1352 1124 fragili
1360 1089 1469 1124 populo,
1481 1089 1603 1116 istavero
1613 1096 1675 1123 per-

876 1136 945 1164 fecto
954 1157 961 1169 ‚
974 1137 1079 1171 utrique
1091 1142 1180 1164 tamen
1196 1143 1243 1170 pro
1259 1140 1378 1170 tempore
1390 1143 1438 1162 sua
1453 1142 1566 1170 quaeque
1577 1142 1676 1162 conve-

876 1184 976 1211 nientia
992 1184 1178 1211 commodans.
1195 1183 1228 1210 Et
1242 1187 1328 1210 tamen
1343 1189 1392 1218 pro
1400 1182 1450 1210 ista
1464 1182 1611 1209 mutatione
1621 1188 1674 1208 non

876 1235 915 1257 est
941 1229 1090 1257 credendus
1107 1230 1178 1256 Deus
1200 1229 1345 1261 mutabilis,
1361 1228 1408 1255 sed
1428 1227 1516 1262 potius
1542 1226 1604 1254 inde
1628 1227 1676 1254 ad-

876 1275 1007 1302 mirabilis
1027 1274 1212 1310 praedicandus
1227 1279 1278 1306 est,
1294 1274 1355 1308 quia
1370 1280 1482 1300 manens
1498 1273 1676 1300 incommuta-

876 1322 946 1355 bilis,
970 1322 1033 1356 quid
1050 1322 1148 1357 cuique
1164 1321 1204 1357 (ut
1224 1319 1354 1355 diximus)
1368 1319 1481 1354 tempori
1504 1319 1676 1347 commodum

875 1367 941 1401 suit,
954 1375 1049 1402 magna
1064 1375 1124 1394 cum
1141 1367 1330 1394 distributione
1344 1366 1488 1393 concessit.

912 1415 939 1440 5.
957 1414 1106 1442 SubVeteri
1119 1413 1290 1440 'testamento
1302 1412 1413 1439 minoris
1426 1412 1512 1446 culpae
1524 1416 1601 1439 erant
1613 1418 1676 1445 pec-

876 1465 947 1493 cata,
963 1460 1023 1494 quia
1037 1461 1064 1487 in
1084 1467 1116 1487 eo
1133 1468 1183 1487 non
1200 1460 1256 1493 ipsa
1268 1458 1378 1492 veritas,
1391 1458 1438 1486 sed
1449 1458 1542 1485 umbra
1555 1458 1676 1485 veritatis

877 1507 978 1534 aderat.
990 1505 1056 1533 Nam
1073 1506 1099 1533 in
1114 1505 1287 1532 Testamento
1298 1504 1371 1532 Novo
1386 1504 1526 1539 praeceptis
1537 1504 1676 1531 altioribus

877 1554 1018 1581 manifesta
1033 1552 1102 1580 sacta
1122 1551 1254 1586 quaedam,
1271 1559 1330 1585 quze
1345 1552 1373 1578 in
1386 1551 1432 1578 illo
1452 1551 1550 1585 populo
1575 1550 1678 1577 umbrae

0 1618 9 1638 t
37 1605 125 1632 liaboli
154 1613 251 1640 corpus
276 1605 359 1633 inulta
379 1605 491 1633 dixisset
517 1613 607 1633 sermo
630 1606 801 1640 propheticus
815 1627 822 1640 ‚
838 1605 861 1635 C
877 1599 996 1627 veritatis
1010 1599 1203 1630 deservierant,
1218 1596 1366 1624 deserenda
1379 1596 1455 1623 nobis
1470 1595 1673 1630 praecipiuntur.

877 1647 932 1674 lllic
956 1646 1028 1673 enim
1045 1644 1185 1671 fornicatio
1210 1647 1237 1670 et
1256 1643 1396 1670 retributio
1422 1641 1526 1676 injuriae
1546 1642 1676 1676 permissa

879 1698 953 1726 sunt,
971 1700 1021 1719 nee
1036 1692 1184 1724 nocebant;
1195 1691 1221 1717 iu
1233 1690 1405 1717 Testamento
1420 1693 1508 1716 autem
1516 1687 1593 1716 Novo
1606 1687 1679 1724 gravi

878 1738 1112 1767 animadversione
1131 1733 1303 1770 damnantur,
1317 1736 1340 1763 si
1354 1734 1536 1763 admittantur.

1173 1793 1286 1821 CAPUT
1300 1793 1371 1820 xxi.

1101 1830 1139 1857 De
1150 1829 1264 1864 symbolo
1274 1834 1297 1856 et
1313 1829 1438 1855 oratione·

914 1877 941 1903 t.
968 1875 1043 1903 Fidei
1067 1875 1220 1910 symbolum
1240 1878 1267 1902 et
1286 1874 1419 1902 dominica
1442 1874 1530 1902 oratio
1551 1881 1599 1908 pro
1622 1877 1679 1901 tota

880 1948 1021 1978 apparent.
1047 1942 1097 1969 nisi
1111 1943 1182 1977 qnod
1204 1942 1239 1969 ita
1265 1943 1332 1970 ordo
1346 1943 1463 1976 capitum
1489 1946 1516 1969 et
1540 1949 1631 1969 rerum
1652 1944 1679 1972 in

881 1979 973 2006 multis
998 1978 1061 2005 Mss.
1086 1978 1206 2004 turbatus
1225 1982 1275 2010 est,
1302 1982 1398 2005 utnon
1417 1978 1514 2004 mirum
1530 1977 1614 2005 videri
1630 1978 1678 2006 de-

881 2014 943 2041 beat
954 2014 975 2041 si
993 2014 1019 2040 in
1034 2013 1123 2047 aliquo
1137 2018 1257 2040 exstent.
1274 2013 1360 2041 Annv.

913 2049 958 2076 18.
966 2049 1030 2082 Quae
1040 2049 1067 2074 in
1076 2048 1228 2082 parenthesi
1236 2048 1407 2076 includuntur
1415 2049 1440 2075 in
1448 2048 1561 2076 Gothico
1575 2053 1676 2077 tantum

876 2084 944 2112 Cod.
972 2084 1100 2111 Ecclesiae
1122 2084 1257 2110 Toletanae
1277 2084 1304 2111 in
1327 2084 1445 2117 margine
1466 2084 1556 2111 addita
1576 2085 1677 2112 inveni.

877 2120 964 2147 Locus
977 2124 1018 2146 est
1033 2119 1117 2152 lsaiae,
1133 2127 1192 2153 cap.
1208 2126 1264 2150 xiv,
1280 2124 1307 2146 et
1323 2119 1391 2153 apud
1405 2119 1494 2146 divum
1510 2120 1635 2154 August,
1651 2121 1678 2147 in

877 2155 1000 2189 exempla
1012 2154 1132 2188 septimae
1141 2155 1284 2188 regulum
1293 2155 1362 2188 apud
1378 2154 1548 2181 Ticltonium.
1566 2155 1675 2183 Lottse.

915 2190 959 2217 19.
977 2191 1094 2224 Angelus
1105 2195 1224 2223 apostata
1240 2194 1280 2216 est
1296 2189 1401 2216 Lucifer
1415 2190 1448 2216 de
1459 2198 1512 2224 quo
1525 2190 1586 2217 lsai.
1604 2199 1649 2217 xiv
1667 2200 1674 2217 :

881 2225 1014 2258 Quomodo
1033 2225 1145 2251 cecidisti
1160 2225 1192 2252 de
1208 2225 1280 2258 coeto,
1301 2225 1426 2258 Lucifer?
1446 2225 1517 2252 idem
1531 2230 1640 2252 vocatur
1650 2231 1679 2253 et

39 2261 166 2291 ruomodo
177 2261 300 2293 cecidisti,
324 2260 438 2293 Lucifer,
461 2262 587 2294 quimane
599 2261 738 2287 oriebaris?
751 2261 824 2288 Sicut
838 2263 864 2293 ι)
877 2261 969 2294 draco,
993 2265 1021 2288 et
1042 2267 1152 2294 serpens
1174 2260 1316 2294 antiquus,
1342 2261 1473 2293 diabolus,
1502 2265 1529 2288 et
1551 2261 1674 2294 Satanas,

880 2298 966 2332 Apoc.
983 2304 1032 2323 ιιι.
1048 2295 1158 2323 ιοΔιεΛ.

914 2331 977 2359 Cer.
996 2339 1043 2358 xx.
1067 2331 1098 2358 N.
1116 2331 1141 2358 t.
1169 2331 1289 2363 Quidam.
1303 2331 1357 2363 At„
1382 2331 1487 2365 quidam
1508 2331 1631 2358 haeretici.
1645 2331 1679 2358 Et

878 2367 1098 2436 “¹‘3¹·‚¹'1'1.⁰3,-⁹s2{2‘;
1111 2366 1627 2435 ‘'KQ-‚³2222”‚¹:1‘3::172}:‘5‘¹2':5.;:³⁸⁸v·

933 2422 940 2429 .
1103 2421 1110 2429 .
1158 2421 1177 2433 .‚
1449 2421 1455 2427 .
1548 2419 1556 2426 .

914 2438 980 2464 Cn.
993 2436 1087 2464 xxi-N.
1098 2437 1123 2463 ί.
1135 2436 1290 2470 Symbolum
1309 2441 1333 2462 et
1349 2436 1511 2463 dominicam
1527 2436 1677 2463 orationem

881 2473 1021 2500 continere
1032 2471 1124 2502 fidemf
1137 2478 1224 2504 spem,
1237 2470 1407 2502 charitatem,
1425 2470 1506 2497 docet
1526 2471 1640 2504 August.
1650 2471 1679 2499 in

883 2508 1073 2540 E·=cbir.‚cap.
1091 2506 1107 2532 6
1118 2510 1145 2532 et
1158 2506 1183 2531 7.
1197 2505 1352 2540 Symbolum
1370 2508 1460 2532 autem
1489 2504 1553 2532 illud
1563 2507 1598 2532 ab
1613 2506 1679 2540 ipsis

883 2541 1041 2577 (Apostolis)
1053 2540 1154 2567 editum
1166 2547 1260 2574 magna
1273 2547 1333 2566 cum
1348 2548 1412 2567 cura
1428 2544 1455 2566 et
1464 2538 1579 2574 Spiritus
1591 2542 1677 2568 sancti

883 2577 1019 2606 instinctu,
1034 2580 1155 2610 apertum
1163 2580 1245 2602 estex
1255 2575 1363 2602 ttufttno
1374 2575 1400 2602 in
1413 2576 1587 2609 Expositlone
1595 2575 1677 2611 Sym-

883 2612 949 2644 boii,
957 2617 983 2638 et
997 2614 1119 2645 August..
1127 2610 1153 2637 in
1160 2617 1285 2637 sermone
1292 2610 1410 2637 secundo
1417 2609 1561 2637 neminie-n
1570 2610 1677 2638 Palma·

883 2655 953 2678 rum,
962 2647 1006 2673 ubi
1017 2653 1095 2680 quam
1110 2645 1208 2680 singuli
1218 2644 1336 2679 Apostoli
1345 2651 1447 2679 partem
1459 2645 1622 2673 contulerint
1628 2645 1679 2674 do-

883 2683 958 2709 cetin
967 2682 1037 2708 hunc
1046 2680 1152 2707 modum
1161 2689 1167 2706 :
1177 2680 1252 2713 Quod
1258 2679 1346 2708 Groece
1354 2680 1506 2715 Symbolum
1513 2680 1619 2713 dicitur,
1627 2681 1680 2709 Ln-

883 2718 936 2744 tinc
946 2716 1056 2744 cottana
1067 2715 1224 2742 nontinatur.
1239 2714 1350 2742 Collatia
1362 2716 1419 2742 ideo
1433 2716 1538 2748 dicitur,
1549 2716 1612 2751 quia
1620 2715 1678 2743 cot-

881 2753 935 2780 tam
948 2752 975 2778 in
986 2759 1064 2778 unum
1076 2750 1153 2777 totitis
1164 2749 1303 2777 Caenonem
1315 2751 1380 2785 legis
1393 2750 1458 2786 [ides
1470 2750 1588 2786 Symboli
1602 2750 1679 2780 cota-

880 2788 951 2822 pitur
960 2787 1080 2813 bretitate
1088 2806 1095 2817 ‚
1107 2787 1182 2826 cujus
1196 2789 1292 2812 textum
1297 2786 1366 2812 vobis
1374 2785 1463 2820 modo,
1475 2785 1532 2814 Deo
1538 2791 1677 2822 minuma,

880 2824 1004 2849 dicemus.
1017 2820 1110 2848 Petrus
1115 2822 1181 2848 dizit
1188 2829 1198 2847 .·
1205 2819 1288 2848 Credo
1296 2822 1323 2848 in
1334 2829 1413 2848 unum
1419 2820 1504 2849 Deum
1509 2820 1680 2852 Patremon»-

880 2858 1047 2892 tripotentem.
1055 2855 1171 2884 Joannes
1182 2855 1248 2883 dixit
1259 2863 1269 2883 .·
1277 2854 1422 2885 Creatorem
1429 2857 1486 2885 ccli
1497 2861 1520 2885 et
1531 2862 1616 2886 ιιι-ηε.
1623 2859 1678 2887 Ja-

858 2936 861 2938 .
878 2891 956 2920 cobus
970 2891 1036 2919 dizit
1051 2900 1061 2919 .·
1077 2891 1159 2920 Credo
1178 2897 1202 2920 et
1212 2892 1239 2919 in
1253 2890 1343 2920 :osum
1355 2891 1487 2922 Christum
1507 2891 1608 2923 Fatum
1621 2895 1678 2931 eju

1483 2946 1521 2978 10
