1832 3016
13 143 86 179 {⁰35

723 137 927 175 canonicos.

1581 141 1632 172 {05
1638 146 1653 170 t·

47 208 94 236 38.
110 204 202 244 1556]
225 206 338 235 Ammon
354 206 449 239 regnat
462 208 546 231 annos
560 209 610 230 ιιι.
627 201 711 236 liuius
734 207 806 232 tem·
818 206 844 236 Α
857 203 884 231 in
896 202 991 239 quibus
1003 201 1071 237 ignis
1086 201 1120 230 ab
1134 201 1209 230 altari
1225 202 1272 230 Dei
1287 201 1424 235 sublatus,
1440 204 1468 229 et
1478 201 1649 230 absconditus

11 255 122 294 poribus
137 253 230 282 Tullus
253 250 390 284 Hostilius,
412 249 593 277 Romanorum
613 256 672 283 rex,
690 248 762 285 prior
777 251 803 277 in

12 301 147 338 republica
172 307 282 328 censum
296 298 367 333 agiu
391 295 462 332 quod
477 295 564 323 adhuc
581 303 628 330 per
641 295 735 323 orbem
750 299 804 323 ter-

13 355 104 376 rarum
122 346 284 383 incognitum
296 347 368 376 erat,
382 342 536 378 primusque
551 349 668 377 purpura
680 346 708 370 et
723 340 804 377 tasci-

13 393 62 422 bus
76 401 140 421 usus
154 398 205 421 est.

49 440 92 468 59.
110 437 300 476 [t58t5110sias
315 440 408 471 regnat
421 442 507 463 annos
525 443 608 462 xxxu.
631 434 729 462 Thales
755 434 804 462 Mi-

14 487 93 515 lesius
113 483 287 520 philosophus
302 482 428 519 physicus
448 481 552 514 claruit,
570 481 614 516 qui
626 501 634 514 ‚
658 480 806 508 defectibus

13 533 76 562 solis
90 531 241 560 acutissima
255 529 464 565 perscrutatione
486 528 696 564 comprehensis,
721 533 805 555 astro-

13 579 89 614 logiae
112 584 250 606 numerum
264 577 365 612 primus
378 576 565 611 investigavit,
582 575 806 609 prophetantibus

13 625 39 653 in
61 624 151 652 Judaea
180 623 310 655 leretnia,
335 621 402 649 Olda
425 626 452 648 et
478 621 623 655 Sopbonia.

46 671 101 707 80
123 669 167 697 ⁴0.
184 668 277 706 [⁴599]
298 667 417 696 Joachim
440 672 534 701 regnat
556 674 641 694 annos
666 675 704 694 xt.
725 666 807 701 liujus

12 718 90 746 tertio
104 724 174 743 anno
195 714 443 742 Nabuchodonosor
466 713 586 740 Judaeam
602 717 707 747 captam
725 713 809 740 tribu-

11 762 105 792 tariam
126 762 199 790 fecit.
217 761 293 789 Tunc
308 760 412 793 Daniel,
431 758 559 793 Ananias,
579 760 690 787 Azarias
707 764 734 787 et
756 759 809 786 Mi·-

12 809 65 838 sael
81 809 107 836 in
122 808 258 844 Babylone
271 807 437 835 claruerunt.

48 854 140 892 [46¹0]
157 853 302 882 Sedechias
325 856 418 888 regnat
438 859 523 879 annos
543 860 580 879 xi.
600 851 675 879 Hunc
694 860 742 879 rex
760 852 809 879 Ba-

857 249 883 277 in
899 254 994 285 puteo,
1009 253 1068 284 post
1087 249 1313 284 septuagesimum
1327 248 1503 284 regressionis
1525 255 1581 275 suae
1600 255 1652 274 an—

857 304 937 330 num,
952 296 1228 324 assumitur-inventus
1239 297 1326 324 vivus.
1340 295 1392 323 Per
1407 296 1477 323 idem
1491 294 1654 328 captivitatis

858 348 973 378 tempus,
986 343 1078 371 iudith
1091 343 1202 371 historia
1218 343 1404 371 conscribitur.
1415 343 1581 378 Pythagoras
1591 348 1655 377 quo-

860 396 912 423 que
935 389 1110 423 philosophus
1124 394 1150 417 et
1174 390 1349 416 arithmeticas
1372 390 1437 416 artis
1461 390 1601 422 inventor;
1628 392 1656 415 et

859 434 1029 469 Pherecydes
1039 455 1046 467 ,
1060 435 1230 462 historiarum
1243 436 1344 469 primus
1359 435 1490 468 scriptor;
1506 439 1585 468 atque
1601 434 1657 461 Xe-

859 480 1007 515 nophanes,
1023 481 1213 514 tragoediarum
1228 481 1364 512 inventor,
1381 481 1498 515 insignes
1509 480 1654 507 habentur.

894 526 938 554 45.
954 525 1046 562 [4714]
1063 526 1158 553 Darius
1179 531 1272 561 regnat
1293 528 1369 554 annis
1394 534 1487 553 xxxiv.
1513 526 1597 561 Hujus
1613 534 1656 553 se-

859 572 946 600 cundo
961 580 1031 599 anuo
1055 571 1208 599 iudaeorum
1232 573 1286 607 81
1302 577 1343 599 est
1358 572 1475 599 resoluta
1496 573 1656 607 captivitas:

859 626 874 645 ιι
888 626 940 654 quo
954 624 1074 653 tempore
1089 619 1115 645 in
1130 618 1280 646 Jerusalem
1293 626 1345 645 non
1360 626 1436 653 reges
1446 639 1452 650 ,
1465 618 1511 645 sed
1525 618 1658 653 principes

861 666 984 699 suerunt,
995 672 1078 700 usque
1089 665 1122 692 ad
1134 665 1329 692 Aristobulum.
1342 665 1417 692 Tunc
1428 665 1561 699 Romani,
1575 666 1659 700 pulsis

861 713 982 748 regibus,
998 713 1122 740 consules
1138 713 1236 740 habere
1249 717 1399 747 coeperunt.

896 760 940 786 tt.
959 757 1052 794 [475⁴]
1079 758 1184 786 Xerxes
1211 763 1303 793 regnat
1327 759 1404 784 annis
1428 766 1472 785 xx.
1499 758 1656 794 AEschylus.

862 804 1010 838 Pindarus,
1036 804 1184 838 Sophocles
1213 809 1241 831 et
1277 804 1417 839 Euripides
1429 826 1435 837 ‚
1471 805 1659 839 tragoediarum

862 851 1022 885 scriptores,
1040 851 1210 878 celebrantur
1229 851 1357 886 insignes.
1382 851 1533 878 llerodotus
1556 859 1662 885 quomo

13 901 132 937 nylonis‚
153 901 271 928 secundo
299 899 408 926 veniens
435 898 467 925 ad
488 898 649 932 Jerusalem,
674 907 734 926 cum
763 907 810 933 po-
826 900 846 929 Β
863 896 1035 924 historiarum
1061 897 1190 931 scriptor,
1216 903 1241 924 et
1269 896 1367 924 Zeuxis
1391 897 1544 931 agnoscitur
1565 898 1662 931 pictor.

14 947 77 982 pulo
97 947 228 981 captivum
248 945 335 976 duxit.
355 944 455 979 templo
470 945 591 977 incenso,
608 953 678 971 anno
694 944 811 972 aedifica·

15 992 94 1020 tionis
117 999 172 1019 sum
187 998 308 1019 ccccuv.
324 990 375 1018 Per
390 990 460 1017 idem
477 995 581 1024 tempus
597 990 704 1025 Sappho
717 991 811 1017 mulier

6 1037 41 1066 tin
55 1037 156 1066 Graecia
171 1037 277 1064 diverso
292 1040 415 1071 poemate
426 1035 532 1063 claruit.
547 1036 629 1063 Solon
644 1036 715 1070 leges
729 1035 811 1064 Athe-

8 1082 152 1110 :niensibus
167 1082 250 1109 dedit.

51 1128 95 1156 ΙιΙ.
112 1127 134 1155 Α
150 1127 230 1155 David
247 1133 330 1162 usque
345 1126 377 1154 ad
389 1127 651 1161 transmigrationem
666 1127 810 1163 Babylonis

7 1174 77 1202 zanni
93 1181 254 1202 ccccexxxv.

52 1221 156 1249 Finitur
175 1223 268 1255 quarta
289 1223 364 1252 zetas,
385 1226 434 1254 per
455 1226 540 1247 annos
564 1219 735 1255 quatermille
749 1227 809 1248 sex-

7 1273 119 1301 ·oontos,
135 1271 162 1294 et
177 1266 280 1294 decem.

270 1311 364 1345 Quinta
377 1316 439 1338 oetas
454 1311 551 1339 soeculi.

53 1359 97 1387 ts.
118 1358 210 1395 [4680]
226 1357 396 1385 liebraeorum
420 1357 575 1392 captivitas,
597 1364 726 1385 annorum
743 1367 810 1394 Lxx,

53 1418 97 1445 38.
110 1416 226 1451 Reg-lV,
236 1423 295 1450 cap.
304 1416 468 1449 xxnt'iginti
479 1416 591 1443 duorum
603 1424 732 1444 annorum
744 1422 811 1450 erat,

10 1461 79 1482 «eum
96 1459 205 1487 regnare
220 1451 358 1485 coepisset,
371 1451 474 1478 duobus
485 1459 591 1486 quoque
602 1453 678 1478 annis
691 1453 814 1486 regnavit

0 1490 47 1520 ¹tin
68 1488 233 1519 Jerusalem;
259 1487 413 1514 interiectus
439 1494 454 1513 a
478 1487 564 1514 servis
589 1487 644 1514 suis
677 1489 811 1515 occubuit.

12 1524 91 1552 ildem
114 1524 238 1550 Clemens
260 1524 338 1550 Alex.
361 1529 369 1548 ι
391 1522 491 1549 Strom.
514 1527 542 1550 et
569 1522 703 1556 Josephus
724 1524 770 1552 lib.
786 1531 813 1554 x,

11 1567 78 1595 resp.
102 1560 131 1591 t,
152 1559 244 1592 Antiq.
267 1558 310 1591 qui
331 1565 392 1584 eum
418 1558 519 1584 vixisse
539 1563 654 1590 quatuor
674 1564 700 1585 et
721 1559 814 1593 viginti

11 1602 114 1626 annos,
124 1594 188 1621 etin
202 1600 282 1627 regno
293 1593 380 1628 ··gisse
390 1593 459 1620 duos
469 1594 516 1620 ait.
531 1593 698 1627 Nicephorm
712 1598 813 1627 tamen,

13 1665 93 1693 iidem
101 1664 162 1692 facit
172 1664 304 1692 Eusebius
314 1662 386 1690 Lxx
395 1665 610 1697 supputationem
625 1670 743 1698 secutus,
754 1673 813 1691 cum

13 1701 79 1736 iipse
103 1705 214 1727 testetur
239 1699 365 1726 Rebi-:eos
394 1704 494 1725 tantum
530 1701 598 1726 duos
627 1707 712 1726 annos
739 1700 814 1734 regni

14 1736 94 1764 »illius
111 1741 265 1769 agnoscere.
290 1734 385 1761 Verum
410 1735 450 1761 bae
467 1735 652 1768 discrepantes
675 1737 816 1770 sentrntiae

14 1772 101 1801 'facile
121 1770 258 1800 concil-ari
281 1774 415 1806 poterunt,
442 1770 463 1796 si
487 1771 579 1797 decem
604 1779 688 1797 annos
719 1771 815 1805 quibus

17 1809 138 1836 ‚uAmmon
159 1816 219 1835 cum
243 1807 322 1834 Patre
345 1806 466 1842 regnarit
485 1805 590 1834 duobus
604 1806 700 1842 jungas
721 1808 816 1842 quit-4¹3

16 1845 107 1871 §olus-

60 1881 104 1907 52).
119 1879 184 1914 Reg.
204 1877 250 1912 lv,
265 1885 324 1912 cap.
336 1885 402 1910 xxti,
417 1878 450 1905 de
465 1878 536 1906 Josia
551 1878 695 1913 regei-»sto
707 1884 733 1905 ct
748 1881 816 1912 :equi

18 1915 263 1943 *observantissimo
275 1914 368 1941 habes.
386 1914 422 1940 Dc
433 1916 526 1940 eodem
539 1922 597 1947 cap.
620 1921 685 1940 xxm
696 1915 793 1941 dicitur
809 1924 815 1942 ε

22 1951 89 1978 JNon
104 1951 151 1984 suit
167 1950 258 1976 sintilis
278 1949 328 1981 illu,
352 1958 429 1983 neque
442 1954 498 1984 post
517 1957 574 1975 eum
588 1951 697 1976 surrexit
714 1950 816 1977 similis.

19 1986 146 2021 “viginta
160 1993 213 2012 uno
229 1993 298 2011 anuo
311 1987 432 2018 regnavit
448 1986 473 2011 iu
488 1984 645 2011 Jerusalem.
672 1985 742 2011 hlem
759 1985 818 2012 Cle-

20 2029 103 2049 mens
112 2021 190 2048 Alex.
205 2028 213 2047 ι
228 2021 327 2047 Strom.
343 2025 370 2046 et
384 2019 517 2053 tosepbus
539 2020 584 2046 hb.
603 2028 628 2052 x,
645 2027 704 2054 cap.
720 2019 747 2048 6,
766 2021 818 2047 Eu-

21 2056 120 2085 sebius
134 2064 232 2083 annum
248 2063 328 2082 unum
343 2055 427 2088 addit,
441 2059 469 2082 ut
484 2056 610 2083 isidorus.

48 2124 50 2126 ‚
64 2091 134 2118 lm.
148 2091 250 2117 Thales.
267 2091 365 2117 Euseb.
377 2090 478 2117 Chron.
490 2091 597 2124 agnosci
609 2091 645 2117 ait
663 2090 820 2126 Olympiade

22 2128 74 2155 55.
92 2126 209 2154 Laertius
225 2126 296 2152 nasci
320 2125 443 2152 cuiindem
469 2133 539 2152 antio
554 2133 562 2152 ι
578 2126 737 2160 olympiadis
762 2127 795 2153 55
812 2134 818 2152 :

21 2163 124 2191 mencio
138 2169 217 2196 quam
233 2162 299 2188 bene
314 2165 466 2195 utrumque.
482 2161 597 2188 Plinium
611 2161 645 2188 de
656 2162 697 2188 his
711 2162 820 2189 consule

20 2198 77 2226 nib.
90 2204 110 2224 ιι
123 2197 215 2224 Natur.
231 2196 343 2227 histor..
356 2203 416 2229 cap.
432 2196 475 2224 12.

66 2233 112 2260 4⁰.
128 2235 195 2259 Ante
202 2233 271 2259 huuc
278 2231 612 2265 regnavittoacbaztritms
621 2232 768 2264 mensibus,
780 2238 820 2266 ut,

65 2274 129 2296 teter
139 2275 228 2295 sacras
239 2268 352 2299 litteraS,
365 2273 458 2294 auctor
469 2273 511 2294 est
523 2268 663 2300 Eusebius,
673 2267 819 2302 Joseplitts.

58 2305 198 2339 icephorus
210 2324 218 2337 ,
248 2303 449 2334 Tltenduretus,
476 2308 503 2330 et
525 2303 677 2330 chronicon
701 2310 821 2331 nostrum

24 2339 168 2368 tetecum.
183 2339 258 2366 Hunc
271 2337 400 2364 Etiachim
414 2343 491 2365 vocat
508 2338 651 2370 ieremias,
665 2343 732 2366 teste
754 2340 824 2366 Ana-

23 2375 112 2406 nasio,
127 2378 277 2408 postquem
297 2374 424 2400 successit
443 2373 576 2406 Joacbtm,
591 2374 636 2407 qui
651 2373 703 2401 alio
716 2376 825 2402 nomine

26 2409 165 2438 OEhacbim
180 2409 286 2441 dicitur.
302 2413 370 2436 teste
383 2408 502 2443 losepho
515 2409 550 2436 lib
563 2416 588 2441 x,
602 2416 652 2443 cap
663 2409 690 2442 7,
705 2410 796 2444 Antiq.

74 2443 142 2471 Ibid-
156 2443 240 2476 Λιιιιο,
257 2449 308 2470 etc.
326 2443 455 2472 Eusebius
473 2443 527 2470 442).
547 2451 631 2471 auritos
646 2444 688 2471 hic
704 2445 776 2479 ponit
791 2453 824 2473 ex

26 2483 169 2508 mententta
176 2478 322 2505 Clementis
331 2479 408 2506 Alex.
417 2487 426 2506 ι
434 2479 534 2507 Strmu.
546 2479 679 2514 losephus
690 2488 763 2510 vero.
777 2480 822 2508 lib.

28 2523 69 2549 u,
83 2522 143 2548 mp.
157 2513 201 2544 lt),
214 2513 340 2548 templum
353 2519 549 2542 concrematum
564 2520 624 2549 post
643 2515 824 2551 quadringen-

27 2556 84 2578 utos
93 2549 259 2584 septuaginta
269 2555 364 2582 annos,
374 2554 402 2576 et
411 2555 515 2577 mentes
525 2557 584 2582 sex.
597 2550 708 2585 diesque
719 2552 823 2581 decem.

28 2583 150 2619 miceph.
166 2584 192 2610 in
210 2582 389 2618 chronologia
403 2589 463 2618 post.
475 2592 560 2612 annos
573 2584 636 2619 424,
654 2587 824 2621 Anastasius,

97 2639 106 2647 .
129 2619 165 2660 ¹²?
186 2622 251 2646 sunit.
268 2618 348 2646 varie
373 2623 402 2646 et
420 2619 601 2655 discrepantes
614 2621 647 2648 de
661 2621 826 2657 temporibus

91 2659 192 2682 tenua.

77 2689 123 2718 Β.
131 2690 168 2717 ita
179 2693 220 2717 est
228 2687 298 2722 apud
307 2687 460 2723 serentum.
469 2696 528 2725 cap.
539 2697 594 2718 nv
601 2698 609 2718 ε
617 2689 733 2719 Ser-vient
741 2699 827 2720 omnes

91 2722 830 2765 tuistoereqiBabylonioseptuaqintnnnmetcnp.xnx;

132 2761 250 2796 ceperint
269 2759 369 2795 impleri
382 2759 410 2786 in
429 2759 560 2796 Babylone
579 2761 738 2796 κριινιρίηιιι
753 2763 826 2798 anui,

117 2795 149 2823 bo
162 2803 216 2823 m.
232 2794 392 2830 Parattpom.
403 2795 484 2823 ettam
499 2794 522 2823 il
535 2814 544 2829 ‚
559 2802 620 2831 cap.
631 2802 720 2830 xxxvi.
731 2796 829 2827 dieitur

88 2867 89 2870 Ἴ
149 2829 284 2859 ‹tantuin-e
304 2830 432 2866 populun
454 2831 588 2870 captirum
609 2838 681 2859 anno
700 2831 828 2868 reginoni

133 2886 143 2900 ‚
156 2865 191 2895 ad
209 2865 372 2902 explendum
393 2872 546 2895 sermonm
558 2866 676 2900 nomint,
695 2874 775 2906 quem
788 2868 828 2898 lo-

132 2902 218 2931 itterat
230 2907 280 2937 per
292 2907 324 2930 os
335 2900 468 2930 letemini.
482 2901 554 2930 idem
567 2902 658 2931 Esdrae
671 2901 718 2932 lib.
731 2911 751 2938 r,
765 2910 826 2943 cap.

182 2949 320 2984 Parnoi..
343 2949 520 2983 Lxxxttt.

899 942 944 970 45.
970 942 1063 980 [4774]
1083 944 1261 977 Artaxerxes,
1285 944 1331 978 qui
1356 948 1382 970 et
1406 943 1595 978 Longimanus,
1621 951 1663 971 re-

863 994 926 1024 gnat
938 989 1015 1016 annis
1036 997 1081 1016 ιιι,-
1098 989 1135 1016 Eo
1159 995 1299 1024 regnante,
1318 989 1415 1016 Esdras
1430 989 1556 1016 sacerdos
1570 990 1663 1017 incen-

864 1043 920 1062 sam
934 1043 948 1062 a
963 1035 1086 1069 gentihus
1104 1036 1189 1070 legem
1215 1035 1370 1068 renovavit,
1387 1039 1413 1061 ct
1428 1035 1570 1062 Nehemias
1583 1035 1662 1063 Jero-

864 1081 1028 1116 solymorum
1056 1089 1146 1108 muros
1175 1081 1300 1108 restituit.
1323 1080 1495 1108 Aristarchus
1522 1082 1618 1114 etiam,
1635 1085 1663 1108 et

866 1127 1073 1161 Aristophanes,
1102 1132 1183 1163 atque
1208 1128 1370 1162 Sophocles,
1387 1128 1575 1162 tragoediarum
1594 1128 1663 1155 scri-

866 1181 956 1210 ptores
971 1176 1053 1203 habiti
1069 1181 1141 1204 sunt.
1159 1177 1334 1211 Hippocrates
1357 1184 1463 1211 quoque
1487 1175 1617 1208 medicus,
1632 1183 1664 1203 ac

867 1223 992 1251 Socrates
1009 1223 1183 1257 philosophus
1197 1244 1204 1256 ,
1220 1229 1246 1251 et
1264 1223 1431 1251 Democritus
1445 1223 1609 1249 claruerunt.

901 1269 944 1297 46.
964 1268 1056 1305 [t7a5]
1082 1269 1191 1302 Darius,
1217 1269 1262 1304 qui
1283 1274 1310 1296 et
1332 1269 1452 1301 Nonius,
1469 1272 1563 1303 regnat
1588 1266 1665 1294 annis

867 1323 924 1343 xix.
946 1315 1009 1342 llaec
1034 1319 1099 1342 :etas
1128 1315 1219 1342 habuit
1239 1315 1426 1350 philosophum
1454 1315 1609 1348 Platonem,
1639 1317 1666 1341 et

867 1362 992 1398 Gorgiam
1006 1363 1121 1398 primum
1137 1363 1270 1391 rhetorem

867 1427 875 1446 ι
891 1425 917 1447 ct
931 1428 960 1447 ιι.
973 1420 1044 1447 ldem
1063 1420 1153 1447 Daniel
1168 1428 1227 1453 cap.
1246 1428 1282 1452 tx,
1299 1420 1432 1454 Josepbus
1445 1420 1492 1447 lib.
1507 1427 1545 1452 xt,
1562 1426 1621 1452 cap.
1639 1418 1666 1445 l.

867 1455 1012 1490 Nicephor.
1030 1455 1205 1491 Chr-onolug„
1227 1456 1352 1483 Clemens
1375 1457 1475 1482 Strom.
1494 1463 1502 1482 1
1528 1456 1609 1482 fuisse
1630 1455 1667 1481 ait

870 1490 940 1518 banc
956 1491 1136 1524 captivitatem
1149 1491 1316 1524 septuaginta
1334 1499 1475 1517 :munrunn

903 1525 973 1553 Ibid.
989 1527 1120 1559 stnbaeus,
1133 1527 1159 1553 iu
1174 1527 1305 1559 epistolis,
1329 1534 1388 1561 pag.
1405 1526 1469 1559 222,
1486 1526 1519 1552 ad
1531 1525 1663 1553 Joarmem

869 1561 1028 1589 Dackerinm
1047 1562 1074 1589 S.
1097 1562 1120 1588 J.
1150 1562 1280 1593 scribens,
1306 1563 1339 1587 de
1352 1567 1431 1588 :etate
1448 1570 1497 1595 qua
1511 1561 1602 1588 Juditlt
1620 1562 1667 1588 llu-

871 1598 935 1631 ruit,
954 1598 1011 1624 fuse
1022 1598 1140 1629 disserit,
1158 1602 1184 1624 et
1200 1597 1345 1631 scriptores
1360 1605 1421 1623 cum
1434 1597 1535 1623 Isidoro
1549 1604 1665 1623 cousen-

12 1635 50 1657 mt
63 1630 188 1659 isidorus,
210 1628 348 1655 duodecim
374 1628 432 1662 ejus
455 1630 528 1662 regni
550 1636 635 1655 antius·
659 1635 812 1657 enumerat.
831 1627 854 1657 C
871 1633 968 1660 tientes
982 1634 1146 1659 clarissimos
1162 1638 1294 1658 recen-ct.
1312 1634 1397 1658 Anssv.

903 1669 949 1696 45.
967 1669 1045 1695 Armis
1057 1675 1147 1694 xxxiv.
1164 1668 1305 1699 Eusebius,
1321 1668 1394 1693 arinis
1408 1675 1502 1694 xxxvr.
1521 1666 1565 1694 Sic
1577 1667 1662 1694 {tero-

869 1704 959 1737 dotus,
972 1704 1138 1738 Nicephorus
1151 1707 1177 1729 et
1187 1703 1242 1729 alii.
1255 1702 1379 1729 Clemens
1395 1702 1524 1729 Alexand.
1538 1710 1546 1728 1
1562 1702 1663 1730 Strom.

869 1739 1042 1774 quadraginta
1053 1746 1098 1765 >ex
1112 1744 1244 1770 numerat,
1254 1739 1297 1772 qui
1310 1738 1344 1764 ita
1358 1738 1456 1772 colligit
1469 1746 1559 1771 regum
1572 1737 1668 1765 Persa-

871 1783 927 1801 rum
939 1779 1057 1808 tcmpora
1070 1783 1075 1799 ;
1087 1773 1167 1808 Cyrus
1176 1782 1267 1807 requae
1281 1778 1288 1799 ι
1300 1775 1374 1799 amns
1386 1781 1449 1804 xxx,
1461 1773 1596 1807 Cambyses
1611 1781 1667 1806 xix,

873 1809 924 1836 Dar
936 1819 965 1836 us
977 1818 1049 1841 nvi,
1063 1809 1162 1835 Xerxes
1175 1816 1252 1839 xxvi,
1267 1811 1417 1835 Artaxerxes
1430 1816 1483 1840 xm,
1499 1809 1594 1835 Darius
1609 1816 1667 1841 vm,

870 1848 1024 1874 Anamares
1038 1853 1099 1877 xm,
1117 1845 1202 1870 Ochus
1218 1844 1254 1870 rel
1267 1844 1339 1870 Arse»-
1355 1852 1399 1875 nt·;
1416 1845 1451 1870 im
1467 1850 1493 1870 ut
1510 1845 1559 1870 κίιιι
1575 1845 1669 1870 inuui-

871 1890 968 1909 reraum
981 1883 1042 1908 anui
1057 1881 1121 1908 255.
1137 1880 1283 1907 Alexander
1303 1880 1423 1912 Macedo,
1444 1880 1571 1907 exstincto
1587 1879 1668 1906 Dario

870 1926 928 1951 reqe
944 1917 1093 1944 Persai-mn.
1112 1916 1143 1942 Et
1159 1916 1216 1942 inde
1229 1924 1312 1942 ortum
1327 1916 1414 1942 habui!
1427 1924 1532 1951 refluum
1546 1915 1669 1942 Macerio-

871 1961 942 1980 uum.
957 1953 1020 1979 llsne
1033 1953 1172 1983 Clemens;
1189 1952 1260 1978 uude
1275 1952 1345 1985 apud
1363 1953 1487 1978 conulem
1502 1951 1627 1978 mendum
1642 1951 1669 1978 in

871 1989 992 2015 numeris
1008 1995 1068 2015 esse
1089 1988 1224 2016 existimo.
1237 1995 1297 2013 cum
1318 1987 1351 2012 ad
1367 1995 1450 2013 annos
1470 1987 1600 2013 dues-ntus
1622 1987 1670 2013 tri-

872 2025 945 2058 ginta
973 2025 1091 2058 quinque
1117 2023 1256 2049 Persarum
1281 2022 1409 2049 extendat
1431 2023 1474 2053 im}
1486 2022 1582 2053 crium,
1609 2029 1670 2056 quae

872 2067 975 2086 summa
990 2067 1049 2085 cnm
1066 2059 1142 2085 annis
1159 2066 1250 2092 regum
1267 2066 1319 2083 uon
1334 2058 1472 2084 convenit.
1485 2058 1603 2084 Observa
1618 2059 1670 2085 hoe

873 2095 980 2129 insuper
997 2095 1066 2126 luco,
1079 2094 1145 2120 alios
1162 2101 1291 2126 praeterea
1314 2100 1390 2127 reges
1413 2094 1447 2119 ab
1462 2093 1579 2119 Eusebio
1595 2092 1668 2127 poni,

873 2130 919 2156 sed
942 2130 1015 2163 rejici
1032 2138 1045 2155 a
1059 2130 1207 2161 Clemente,
1224 2129 1327 2155 isidoro
1345 2135 1371 2155 et
1389 2128 1460 2160 aliis,
1476 2129 1546 2162 quod
1562 2135 1669 2155 :nenses

874 2165 1002 2192 duntaxat
1018 2165 1120 2199 aliquot
1135 2168 1290 2199 regnarunt,
1306 2169 1335 2191 ut
1350 2164 1502 2190 Artabanus
1519 2170 1626 2190 menses
1642 2163 1670 2196 7,

873 2201 1007 2227 sccundus
1023 2200 1126 2227 Xerxes
1142 2207 1248 2226 meuses
1258 2200 1286 2230 2.
1301 2199 1452 2233 Sogdianus
1468 2207 1575 2226 metues
1594 2200 1627 2231 8:
1642 2204 1669 2227 ut

874 2237 954 2263 etiam
966 2236 1089 2263 eaindem
1103 2236 1137 2262 ob
1151 2243 1258 2262 causam
1272 2242 1287 2262 a
1300 2235 1434 2269 plerisque
1449 2235 1608 2261 omittantur
1622 2236 1669 2260 im-

874 2277 1012 2306 peratores
1035 2271 1116 2302 Otho,
1131 2271 1225 2303 Galba,
1245 2270 1377 2301 Vitellius,
1395 2276 1424 2296 ut
1449 2270 1549 2296 notavit
1567 2269 1672 2295 Plutar-

876 2307 943 2334 chus
958 2309 983 2334 in
1002 2306 1058 2334 Vita
1074 2306 1173 2333 Galbae.
1194 2307 1230 2333 De
1251 2307 1358 2340 regibus
1373 2305 1525 2335 Persarum,
1543 2304 1603 2330 viae
1619 2303 1671 2330 ile-

877 2342 1012 2374 rodotum,
1027 2347 1054 2368 et
1079 2341 1273 2376 Thucydidem,
1290 2345 1317 2368 et
1346 2341 1550 2367 Metastheuem.
1567 2339 1597 2365 th
1617 2346 1670 2366 non

877 2382 996 2405 statuunt
1012 2377 1155 2413 imperinm
1177 2376 1317 2412 Cambysis
1332 2380 1395 2402 ante
1411 2376 1527 2406 Darium,
1544 2375 1673 2401 adversus

878 2421 944 2447 quos
964 2417 1005 2440 est
1027 2413 1102 2440 l'tato
1121 2413 1166 2439 lih.
1181 2413 1215 2439 de
1232 2412 1357 2446 Legibus,
1375 2411 1510 2442 Clemens,
1527 2409 1671 2443 Josephus,

877 2449 1000 2480 Orosius,
1015 2452 1042 2474 et.
1067 2448 1234 2482 Nicephorus
1245 2447 1271 2473 in
1292 2446 1465 2479 Chronolog..
1482 2449 1508 2471 ct
1523 2452 1673 2472 consonum

877 2489 918 2511 est
934 2484 1017 2511 sacris
1032 2483 1136 2514 litteris,
1153 2490 1185 2508 ex
1205 2482 1288 2508 Esdra
1306 2481 1313 2506 l
1330 2488 1388 2514 cap.
1405 2488 1432 2506 u.
1451 2480 1484 2507 Et
1499 2480 1525 2506 iu
1540 2487 1673 2507 annorum

878 2519 1066 2553 supputatione
1078 2518 1159 2544 etiam
1171 2517 1364 2550 discrepantes,
1377 2521 1403 2542 et
1414 2515 1493 2541 variae
1505 2515 1674 2548 reperiuntur

880 2554 1031 2585 sententiae,
1044 2557 1074 2580 ut
1082 2557 1187 2579 constat
1197 2559 1229 2579 ex
1239 2551 1403 2578 'l'ertuiliano
1414 2551 1543 2578 adversus
1554 2550 1674 2578 Judaeos.

917 2589 987 2616 Ibid.
1004 2588 1135 2615 Secundo.
1154 2589 1190 2613 lta
1208 2588 1339 2614 Eusebius
1353 2590 1379 2613 ct
1397 2585 1522 2613 Clemens
1542 2585 1674 2613 Alexand.

881 2633 890 2652 ι
904 2626 1016 2655 Strom.,
1030 2623 1164 2656 losephus
1179 2622 1224 2650 lib.
1239 2630 1276 2654 xi,
1292 2629 1351 2656 cap.
1367 2622 1384 2647 ‘2
1399 2625 1426 2648 et
1439 2620 1466 2647 5.

917 2661 963 2686 44.
980 2659 1046 2686 vide
1065 2658 1210 2690 Josephum
1223 2658 1269 2685 lib.
1281 2665 1319 2689 xi,
1334 2664 1394 2691 cap.
1413 2655 1440 2683 5.
1457 2656 1554 2684 Paulus
1564 2655 1676 2684 Orosius

882 2695 928 2723 tib.
943 2702 971 2728 u,
986 2702 1046 2727 cap.
1058 2694 1086 2725 2.
1098 2694 1175 2720 annis
1189 2701 1235 2720 xx,

919 2730 965 2758 45.
979 2728 1170 2763 Aristophanes
1184 2728 1233 2756 luit
1243 2727 1374 2756 cenricus.
1387 2726 1474 2755 Aaav.

918 2765 963 2793 46.
981 2765 1018 2792 lta
1039 2763 1181 2796 Eusebius,
1196 2763 1309 2791 Tertull.
1323 2762 1453 2791 adversus
1465 2762 1583 2796 Judoeos,
1598 2761 1677 2790 Nice-

883 2801 993 2837 phorus,
1009 2798 1091 2832 Beda,
1105 2803 1134 2826 et
1155 2798 1217 2832 alii;
1233 2798 1293 2826 Ado
1316 2803 1420 2826 tantum
1442 2797 1564 2834 agnoseit
1587 2803 1677 2827 ιιιιιιοι

882 2844 958 2866 xvttt.

917 2871 986 2902 thid.
1003 2870 1130 2907 Mellitos,
1144 2869 1189 2908 qui
1202 2874 1226 2899 et
1237 2868 1356 2905 Noctu,
1369 2877 1434 2899 ann.
1443 2869 1488 2899 18.
1504 2868 1591 2900 Aur.

1443 2935 1483 2968 33
