1832 3016
185 139 238 168 4¹⁵

500 192 612 221 CAPUT
632 193 664 221 ll.

421 238 461 266 De
471 240 560 275 templi
568 240 750 271 (edificatione.

221 299 247 325 l.
262 296 327 325 Nam
340 295 378 328 id,
392 296 461 332 quod
481 296 623 324 aedificavit
635 298 764 332 templum
782 289 980 327 eicetlentissi-

184 351 256 372 mum
271 343 395 376 Domino,
407 347 434 370 et
449 343 485 370 ibi
500 342 637 371 Christum
649 335 793 379 sifinilicat,
805 345 850 380 qui
863 345 981 373 aedilica-

183 389 222 416 vit
233 389 342 417 domum
357 388 412 415 Deo
423 388 449 415 in
463 388 630 416 coelestibus.
644 390 726 425 538
741 390 797 417 Non
813 391 847 418 de
859 391 938 426 lignis
953 396 980 419 et

182 435 324 469 lapidibus,
333 435 378 461 sed
387 434 421 461 (le
433 434 585 461 bominibus
594 437 704 468 sanctis,
714 437 764 463 hoc
777 441 828 467 est,
843 437 977 470 fidelibus,

182 481 277 515 quibus
292 480 355 507 dicit
381 480 541 514 Apostolus:
560 479 693 516 Templum
708 482 776 508 enim
791 480 839 509 Dei
855 488 971 509 sanctum

181 531 226 559 est,
239 527 308 561 quod
318 526 377 552 estis
388 533 430 552 vos
445 524 474 560 (Ι
486 525 545 552 Cor.
570 527 620 561 ιιι).

216 572 243 599 2.
264 572 341 605 Quod
356 579 421 599 vero
448 572 543 600 eadem
565 572 661 600 domus
683 573 817 608 lapidibus
842 575 976 603 dedolatis

180 622 261 654 atque
277 619 403 653 perlectis
418 619 547 646 :edificata
563 624 614 651 est,
629 625 657 647 et
678 620 801 654 malleus,
817 625 845 648 et
860 622 975 655 securis,

180 669 209 691 et
233 672 312 691 omne
336 665 527 692 ferramentum
550 672 602 692 non
629 670 670 692 est
690 666 812 693 auditum
830 666 855 693 in
874 667 976 701 templo

179 710 239 743 Dei,
267 718 326 738 cum
351 711 545 744 aedilicaretur;
572 712 635 746 qnid
659 714 729 739 enim
753 713 847 740 domus
869 713 922 746 illa,
947 718 976 740 nt

178 760 335 794 praedictum
349 765 402 794 est,
418 761 469 788 nisi
480 765 600 789 sanctam
614 761 771 794 Ecclesiam,
788 770 867 796 qnam
884 763 909 789 in
919 770 975 790 coe-

179 804 292 832 lestibus
306 805 434 832 Dominus
449 806 590 838 inhabitat,
608 806 753 841 figurabat?
766 806 805 833 Ad
819 807 894 841 cnjus
909 808 974 834 redi-

179 849 333 877 ficationem
345 851 491 878 electorum
507 852 619 885 animre,
637 853 712 886 quasi
730 853 839 886 quidam
856 853 966 887 expoliti

177 894 290 930 lapides,
308 896 475 923 deseruntur.

213 941 238 967 5.
261 942 328 975 Quae
338 949 399 969 cum
416 942 564 970 aedilicatur
575 945 600 970 in
615 943 702 977 coelsss‚
717 944 806 970 nullus
820 944 873 971 illic
893 944 974 971 disci-

176 987 257 1021 plinae
273 987 387 1015 malleus
400 994 520 1021 resonat,
532 989 592 1023 quia
607 989 688 1016 dolati
699 994 778 1023 atque
791 990 899 1023 perlecti
913 991 974 1017 illuc

180 1032 283 1066 lapides
305 1033 439 1066 ducimur,
458 1038 486 1061 ut
509 1035 574 1062 locis
595 1035 673 1069 juxta
701 1036 824 1062 meritum
849 1036 974 1069 congruis

174 1078 357 1113 disponamur.
370 1081 418 1108 llic
428 1082 497 1108 enim
514 1081 578 1109 soris
606 1083 752 1115 tundimur,
779 1088 810 1110 ut
835 1083 899 1110 illuc
915 1083 974 1110 sine

175 1125 385 1160 reprehensione
397 1128 546 1156 veniamus.
571 1129 691 1155 Altitudo
711 1133 799 1156 antem
816 1129 907 1163 templi
923 1129 974 1155 liuL

174 1170 220 1203 jus
234 1171 360 1199 dominici
377 1173 408 1200 ad
423 1173 502 1201 iidem
518 1173 645 1206 refertur,
662 1174 801 1208 longitudo
822 1176 854 1201 :ul
875 1182 948 1208 spern
964 1196 971 1207 ‚

177 1216 290 1245 latitudo
300 1219 333 1246 ad
345 1220 513 1248 charitatem.
543 1222 589 1249 llis
616 1222 686 1249 enim
702 1223 788 1249 tribus
810 1223 970 1253 virtutibus,

179 1265 255 1298 quasi
271 1264 450 1299 lineamentis,
466 1273 566 1295 sancite
583 1269 709 1295 Ecclesiae
724 1269 842 1296 coelestis
869 1269 971 1296 instru-

179 1315 253 1338 ctura
268 1312 413 1347 consur-git.

169 1355 173 1359 '
209 1357 238 1384 4.
258 1357 342 1384 Porro
353 1358 423 1392 quod
436 1359 555 1392 parietes
567 1359 659 1391 templi
671 1360 782 1386 interius
794 1359 865 1393 ligno
880 1364 971 1394 tegun-

175 1406 218 1429 tut·
229 1425 236 1436 ,
252 1403 303 1430 hoc
318 1403 353 1430 ob
368 1405 525 1439 mysterium
541 1405 683 1431 dominica:
698 1406 786 1432 crucis
798 1405 969 1439 imaginatum

178 1451 230 1480 est,
245 1447 294 1474 sub
307 1447 383 1482 eujus
399 1449 479 1475 tutela
493 1453 667 1483 proteguntur
686 1457 780 1476 omnes
803 1451 887 1476 sancti
902 1472 908 1483 ‚
925 1450 970 1484 qui

176 1491 333 1526 indisruptae
348 1493 420 1525 pacis
433 1495 642 1528 perseverantia,
659 1499 784 1528 tanquam
797 1495 900 1528 lapides
916 1496 968 1522 vivi

175 1537 201 1564 in
216 1541 349 1564 structura
360 1539 499 1571 Ecclesiae,
513 1540 615 1567 unitate
628 1540 690 1567 (idei
702 1540 860 1567 solidantur.
874 1541 906 1567 Et
918 1542 965 1568 be-

699 137 728 165 S.
751 137 873 167 tstnom
894 138 1115 172 lllSPALENSlS
1136 143 1290 173 Ertscot’t
1416 134 1420 136 ²
1766 147 1783 180 4

991 200 1015 229 Α
1031 200 1091 234 tuit,
1105 201 1149 236 qni
1166 201 1233 230 faeie
1247 202 1356 237 quidem
1373 210 1420 237 per
1431 202 1553 231 diversas
1563 209 1653 239 partes
1665 207 1774 235 attendu

990 890 1013 920 Β
1027 887 1119 914 orbern
1134 893 1212 916 terrae
1229 890 1412 924 intelligimus,
1429 892 1506 927 cnjus
1531 894 1657 921 ambitum
1684 895 1826 923 insuave-

1031 246 1078 273 sed
1089 246 1115 273 in
1127 255 1179 274 uno
1193 248 1252 275 loco
1263 255 1311 283 per
1322 250 1470 283 posteriora
1484 250 1659 286 colliguntur;
1674 252 1738 288 quid
1748 253 1791 282 ιιι·

1031 293 1102 320 aliud
1117 293 1143 320 in
1159 294 1301 322 duodecim
1317 295 1402 323 bubus
1417 304 1497 331 quam
1519 297 1660 326 duodecim
1683 300 1799 338 apostol>

1031 339 1165 368 credimus
1181 340 1326 375 designari,
1355 343 1399 377 qui
1424 342 1494 371 facie
1517 344 1625 378 quidem
1646 352 1694 380 per
1714 345 1774 373 dive
1795 340 1805 349 ¹

1031 386 1189 420 respiciunt,
1205 388 1252 414 sed
1269 388 1304 415 ita
1320 389 1345 415 in
1363 389 1437 416 labro
1452 394 1514 417 sunt
1527 390 1619 425 positi,
1643 395 1673 418 ut
1689 391 1788 426 posteri

1032 431 1104 460 ribus
1117 433 1283 462 adunentur?
1311 435 1362 469 Qui
1377 436 1403 462 in
1417 437 1464 463 ltac
1475 438 1599 471 praesenti
1627 438 1681 465 vita
1703 438 1734 466 ad
1749 446 1765 474 p
1795 437 1804 476 '⁸

1031 476 1172 505 dicationis
1186 479 1302 507 ol'licinm
1318 481 1344 508 in
1366 481 1481 509 diversis
1501 484 1594 510 mundi
1617 484 1737 518 partibus
1756 478 1804 522 sut

1030 522 1123 556 divisi;
1140 524 1166 550 in
1182 524 1225 551 illa
1241 533 1304 552 vero
1315 527 1379 559 vita,
1391 535 1450 562 quae
1462 528 1523 555 huic
1535 529 1596 555 vitae
1609 530 1743 564 posterior
1765 535 1805 559 est

1030 567 1090 602 quia
1103 573 1161 601 post
1180 569 1247 597 hanc
1262 571 1408 606 videbitur,
1436 573 1461 599 in
1477 578 1575 601 aeterna
1605 575 1697 609 gloriae
1717 569 1804 604 ιιιιίιιιι

1029 615 1201 642 conveniunt.
1819 648 1821 656 A

1065 661 1092 687 8.
1114 660 1166 688 Per
1182 662 1316 690 diversum
1333 670 1396 696 ergo
1407 664 1534 691 mundum
1551 665 1717 699 prmdicando
1731 666 1802 701 respi

1028 706 1114 740 ciunt,
1129 707 1175 734 sed
1193 708 1216 734 in
1232 716 1312 735 unum
1330 709 1513 743 perveniendo
1529 711 1688 738 consistunt.
1700 713 1760 740 ldeo
1774 721 1788 740 a

1029 755 1082 779 tem
1098 753 1172 785 terei,
1187 754 1249 787 qnia
1266 755 1367 781 clamor
1392 756 1590 790 praedicationis
1604 765 1695 784 corum
1720 758 1745 785 in
1762 762 1799 786 tot

1027 798 1126 824 mundo
1152 799 1279 831 insonuit,
1311 801 1378 827 sicut
1393 803 1520 835 scriptum
1532 807 1591 829 est:
1609 802 1641 829 Iu
1658 812 1756 830 omnent
1770 799 1806 831 ιε’

1025 850 1080 868 rum
1091 843 1164 869 exivit
1175 852 1252 871 sonus
1263 853 1350 871 eorum
1362 845 1474 881 (Psalmi.
1494 836 1590 882 Ιιινιιι).
1604 848 1716 876 Labrnm
1728 853 1789 877 aute

1028 940 1089 961 runt
1104 936 1228 969 apostoli,
1245 937 1373 965 docentes
1389 944 1493 972 gentes,
1522 944 1550 966 ut
1571 939 1772 974 baptizarentur
1788 940 1826 972 im

1028 982 1135 1009 nomine
1150 982 1246 1015 Patris,
1267 988 1294 1010 et
1310 984 1382 1015 Filii,
1394 989 1421 1011 et
1431 985 1548 1019 Spiritus
1559 987 1654 1013 sancti.

1333 1042 1445 1069 CAPUT
1465 1043 1508 1070 lll.

1250 1076 1287 1102 De
1298 1078 1423 1110 sapientia
1437 1078 1596 1107 Salomonis.

1064 1120 1088 1147 l.
1111 1121 1227 1149 Locutus
1239 1127 1279 1149 est
1296 1127 1384 1150 autent
1402 1124 1528 1151 Salomon
1556 1126 1605 1153 tria
1633 1127 1716 1155 millia
1740 1135 1824 1162 para·

1027 1166 1118 1199 boias,
1134 1171 1161 1194 et
1176 1168 1281 1195 luerunt
1296 1157 1415 1196 c'armina
1431 1171 1488 1204 ejus
1500 1171 1617 1206 quinque
1632 1173 1730 1204 millia:
1752 1170 1827 1209 quid

1026 1213 1096 1239 cuim
1116 1221 1161 1247 per
1179 1214 1227 1240 tria
1242 1215 1323 1241 millia
1341 1217 1490 1250 parabolas.
1518 1218 1567 1245 nisi
1597 1218 1732 1252 plenitudo
1755 1220 1827 1250 lide}

1027 1257 1051 1284 in
1068 1258 1125 1292 lege
1138 1263 1165 1285 et
1179 1259 1206 1285 in
1223 1260 1374 1293 Evangeliis
1388 1269 1403 1288 a
1414 1262 1520 1289 Christo
1535 1263 1629 1290 tradita
1643 1261 1827 1300 designatur!

1025 1305 1089 1337 Quae
1105 1305 1167 1331 dum
1185 1310 1238 1332 tota
1255 1307 1441 1340 multipliciter
1457 1316 1504 1342 per
1518 1309 1703 1344 allegoriarum
1718 1315 1825 1341 sensu·

1024 1352 1075 1378 sub
1088 1352 1216 1386 mysterio
1230 1353 1367 1381 Trinitatis
1381 1354 1534 1388 disseritur,
1558 1357 1636 1391 quasi
1662 1357 1710 1384 tria
1729 1357 1832 1396 millias,

1024 1397 1158 1430 parabotae
1171 1404 1367 1432 nuncupantur.
1831 1401 1832 1413 ¹

1058 1442 1083 1468 Ξ.
1106 1443 1230 1470 Carmina
1244 1449 1332 1472 autem
1345 1446 1402 1480 ejus
1416 1447 1533 1481 quinque
1556 1448 1637 1475 millia
1665 1456 1712 1483 pro
1735 1449 1832 1483 quin-⁷,

1023 1496 1074 1522 que
1086 1489 1208 1515 sensibus
1228 1490 1348 1523 eorporis
1361 1492 1561 1525 intelliguntur:
1577 1501 1644 1527 quos
1663 1495 1707 1528 qui
1729 1495 1754 1522 in
1775 1495 1824 1522 di-

1029 1534 1113 1561 versis
1126 1535 1270 1562 virtutibus
1285 1538 1353 1563 hene
1367 1538 1444 1571 regit,
1471 1538 1565 1565 beatus
1578 1544 1628 1571 est.
1650 1544 1677 1567 et
1702 1549 1749 1575 pcr
1764 1548 1823 1570 eost

172 1590 206 1610 ne
218 1583 330 1610 interius
341 1585 454 1611 vestitur
464 1585 536 1619 ligno
548 1586 688 1619 templum,
707 1585 768 1620 quia
779 1586 863 1613 corde
877 1586 966 1613 credi-
982 1578 1004 1609 C
1022 1581 1097 1613 ‘1¹¹asi
1109 1581 1227 1614 quinque
1243 1582 1326 1609 millia
1341 1584 1459 1610 carmina
1476 1584 1589 1612 D⁰¹¹⁸³⁰⁰
1603 1586 1685 1614 casm·
1710 1587 1807 1622 Dispu-

173 1633 215 1655 tur
235 1628 268 1655 ad
289 1629 433 1663 justitiam.
457 1630 532 1662 Quod
559 1638 623 1657 vero
645 1635 767 1664 tempore
789 1631 966 1658 dedicationis

171 1672 255 1708 gloria
273 1673 377 1702 Domini
400 1675 520 1710 implevit
539 1675 659 1710 domum,
672 1675 756 1710 gloria
772 1675 876 1703 Domini
894 1677 967 1705 intel-

173 1719 265 1755 ligitur
276 1720 415 1754 Christus,
441 1722 517 1756 cuius
538 1722 590 1750 lide
613 1723 732 1757 repletus
757 1727 797 1751 est
825 1725 965 1752 universus

170 1767 297 1794 mundus.

206 1812 233 1839 5.
254 1812 291 1840 De
306 1820 357 1847 qua
369 1813 452 1847 gloria
467 1821 527 1841 eum
540 1821 588 1849 pro
599 1814 711 1842 adorato
725 1814 808 1841 vitulo
821 1814 964 1843 Dominum

170 1863 327 1893 precaretur
346 1859 470 1895 Moyses,
496 1865 526 1887 ut
550 1865 673 1895 parceret
695 1861 792 1895 populo
818 1862 962 1896 peccatori,

169 1905 306 1938 respondit
317 1904 445 1933 Dominus
458 1915 465 1933 z
483 1905 614 1941 Propitius
635 1915 680 1934 ero
691 1907 764 1940 iuis,-
778 1913 963 1935 verumtamen

168 1951 232 1978 vivo
245 1959 306 1987 ego,
329 1958 356 1979 et
377 1952 442 1980 vivit
467 1961 564 1981 nomen
589 1961 696 1986 meum,
723 1956 783 1990 quia
808 1955 964 1990 implebitur

167 1995 251 2030 gloria
274 2003 331 2024 mea
353 1997 442 2025 omnis
459 2002 540 2026 terra.
562 1999 597 2026 Et
621 2001 836 2035 septuagesimus
857 2001 963 2035 primus

168 2039 290 2069 Psalmus
309 2043 401 2070 canit:
418 2043 574 2079 Implebitur
599 2046 683 2080 gloria
709 2047 763 2082 ejus
784 2048 866 2074 omnis
881 2052 960 2074 terra.

166 2086 279 2120 (Psalm.
298 2082 382 2124 Lxxt).
395 2090 472 2117 Unde
485 2095 512 2118 et
527 2092 613 2126 angeli
627 2093 778 2120 clamabant
791 2094 959 2128 pastoribus:

167 2129 257 2157 Gloria
270 2133 295 2159 t'u
306 2134 411 2161 excetra}
427 2135 493 2167 Deo,
505 2141 528 2162 ee
539 2137 564 2163 in
580 2142 647 2164 terra
663 2146 714 2172 part:
730 2139 874 2166 hominibus
889 2139 961 2166 honoe

164 2175 304 2203 voluntatis
321 2178 397 2213 (Luc.
413 2180 454 2214 ιι).

201 2219 228 2247 6.
242 2221 318 2254 Quod
329 2227 417 2250 autem
429 2225 525 2252 nebula
537 2226 656 2261 implevit
669 2228 777 2255 domum
792 2229 849 2261 Dei,
865 2234 892 2256 et
903 2237 955 2257 non

164 2268 289 2299 poterant
299 2268 452 2295 sacerdotes
464 2270 615 2297 ministrare
631 2276 741 2306 propter
752 2274 887 2305 nebulam.
901 2274 957 2302 haee

164 2311 298 2338 sententia
321 2313 452 2347 superbos
465 2314 619 2342 Judaeorum
633 2317 773 2350 pontifices
785 2325 816 2344 ac
831 2319 956 2347 doctores

165 2356 293 2390 insinuat,
305 2359 351 2393 qui
371 2359 434 2387 dum
460 2361 609 2390 nativitatis
620 2363 718 2391 Christi
730 2371 896 2393 sacramenta
910 2367 954 2393 in-

162 2403 296 2437 vestigare
323 2404 489 2439 despiciunt,
520 2407 638 2435 debitum
655 2408 717 2436 fldei
733 2417 788 2436 sure
805 2410 886 2446 539
903 2412 954 2438 mi-

164 2445 304 2476 nisterium
320 2456 368 2484 per
378 2452 480 2479 erroris
492 2452 616 2480 nebulam
633 2454 816 2488 perdiderunt.
833 2455 871 2483 lta
881 2456 952 2483 enim

165 2501 258 2522 eorum
274 2500 379 2525 mentes
394 2498 563 2527 infidelitatis
577 2500 661 2535 caligo
669 2501 794 2536 replevit,
807 2507 835 2530 ut
845 2503 954 2537 exigen-

163 2538 234 2566 tibus
254 2541 369 2576 propriis
397 2543 501 2571 meritis
522 2551 576 2572 non
600 2550 746 2580 agnoscant
766 2547 868 2574 cultum
895 2555 954 2576 cre-

162 2584 289 2615 dulitatis.

197 2631 225 2658 7.
240 2632 316 2666 Quod
327 2642 391 2663 vero
403 2635 529 2666 salomon
543 2637 614 2666 idem
627 2638 654 2666 in
664 2638 760 2666 eodem
774 2639 874 2674 templo
886 2638 954 2667 duo-

164 2674 252 2704 decim
268 2677 350 2707 boves
361 2687 449 2709 aereos
462 2681 536 2717 lecit,
552 2690 621 2719 quos
636 2683 663 2711 in
677 2691 749 2712 aereo
759 2683 837 2712 labro
854 2685 954 2712 eonsti-

195 2746 259 2787 (Jtr.
274 2754 303 2775 tt.
318 2748 351 2776 N.
367 2750 392 2777 t.
409 2751 480 2780 Nam
504 2753 543 2786 id,
557 2754 625 2788 quod
649 2754 796 2790 edificavit,
812 2761 895 2790 usque
916 2753 951 2782 ad

159 2784 219 2807 estu
230 2789 284 2822 yos,
299 2785 423 2820 August„
437 2787 544 2816 ibidem.
557 2790 653 2817 GatAt..

195 2814 265 2844 llud.
277 2818 340 2853 Alii,
356 2822 578 2852 eccellentissimo.
593 2826 682 2853 Αιιιν.
800 2856 802 2858 ,
847 2848 857 2862 ,ι

194 2849 222 2878 2,
240 2851 313 2884 Quod
336 2862 395 2883 vero
415 2857 504 2885 andem
529 2859 631 2894 domuc.
642 2867 727 2896 usque
747 2858 783 2889 ad
803 2856 944 2894 mamm,

1020 1626 1086 1652 tavit
1101 1631 1188 1653 antem
1204 1627 1330 1655 Salomon
1355 1637 1368 1655 a
1391 1629 1472 1656 cedro
1494 1638 1575 1665 usque
1598 1631 1630 1658 ad
1654 1634 1819 1668 hyssopum..

1018 1672 1095 1699 Cedri
1113 1673 1220 1700 nominc
1245 1675 1377 1701 celsitudo
1398 1675 1487 1709 gloria:
1505 1677 1530 1703 in
1550 1677 1644 1704 electis
1667 1679 1807 1714 accipitur,

1017 1717 1087 1743 sicut
1101 1722 1128 1744 et
1142 1717 1275 1752 Propheta
1290 1723 1412 1752 testatur,
1431 1720 1523 1748 dicens
1536 1730 1542 1747 :
1555 1721 1658 1754 Iustus.
1671 1724 1819 1757 inpuluta..

1017 1763 1128 1796 florebit,
1146 1768 1169 1789 et
1183 1765 1249 1790 sicut
1264 1765 1355 1791 cedrus
1365 1785 1371 1796 ,
1385 1773 1441 1799 quoe
1460 1771 1497 1793 ene
1519 1766 1545 1793 t'n
1561 1766 1670 1800 Libano,
1686 1769 1820 1805 mttltiplt'n

1017 1812 1116 1839 cabitur
1131 1812 1244 1847 (Psalm.
1265 1815 1332 1847 κει).
1349 1813 1485 1849 llyssopns
1500 1819 1588 1842 autem
1604 1816 1684 1843 herba
1702 1816 1821 1857 humili-‘t

1016 1863 1131 1886 estsaxo
1146 1860 1259 1892 haerens,
1276 1868 1327 1894 qua
1344 1860 1464 1895 signatur
1479 1861 1614 1888 humilitas
1625 1861 1735 1889 Christi.

1051 1905 1077 1931 5.
1091 1905 1254 1940 Redemptor
1262 1907 1359 1941 quippe
1371 1913 1463 1934 noster
1477 1915 1491 1934 a
1503 1908 1584 1935 cedro
1597 1916 1680 1942 usqne
1692 1909 1725 1935 ad
1741 1909 1806 1944 hys·
1826 1936 1832 1940 ,

1015 1958 1108 1986 soputn
1130 1951 1284 1986 disputavit,
1300 1953 1381 1988 540
1401 1954 1461 1987 quia
1486 1954 1519 1980 ab
1542 1954 1627 1981 altera
1647 1951 1827 1995 excellentie(

1014 1998 1132 2025 coelestis
1144 1999 1235 2033 gloriae
1252 2007 1335 2034 nsque
1350 2000 1382 2026 ad
1399 2001 1487 2027 carnis
1502 2001 1678 2028 humilitatem
1693 1999 1832 2039 desecta-34

1014 2043 1101 2072 dendo
1110 2045 1240 2079 pervenit,
1255 2046 1385 2079 siquidem
1395 2051 1421 2073 et
1435 2047 1507 2073 cedri
1521 2047 1629 2074 nomine
1655 2053 1800 2081 pravorum
1816 2043 1832 2075 ιε’

1014 2091 1127 2124 superba
1142 2091 1223 2117 elatio
1238 2091 1402 2126 designatur,
1427 2093 1495 2119 sicut
1514 2100 1561 2126 per
1587 2093 1669 2120 David
1684 2093 1802 2120 dicitur:
1816 2093 1828 2102 '‘

1017 2136 1074 2164 Vox
1089 2137 1193 2164 Domini
1205 2138 1389 2172 consrinqerttie
1400 2140 1488 2166 cedros
1504 2138 1588 2173 (Psal.
1602 2139 1710 2175 xxvtn).

1047 2181 1073 2208 4.
1089 2183 1108 2209 Α
1122 2183 1203 2210 cedro
1215 2183 1304 2218 itaque
1315 2184 1436 2211 Christus
1447 2193 1530 2219 usque
1538 2185 1572 2212 ad
1589 2185 1734 2221 hyssopum
1746 2186 1802 2214 dis·
1815 2181 1832 2188 ²

1012 2229 1123 2260 putavit,
1131 2229 1191 2263 quia
1201 2229 1259 2263 ipse
1268 2237 1409 2263 pravorum
1417 2224 1498 2257 corda·
1506 2235 1533 2257 et
1541 2230 1832 2292 ΙιιιιιιίΙίυιῐιῙιιᾱίιιειιε,ξ

973 2261 998 2289 D
1010 2274 1096 2308 Super
1106 2275 1175 2309 ligna
1193 2279 1280 2301 antem
1302 2274 1463 2308 disputavit,
1482 2275 1544 2302 dum
1565 2275 1591 2302 in
1607 2283 1687 2303 cruce
1700 2284 1832 2327 pepon-ffi-

1010 2319 1059 2346 dit.
1070 2318 1145 2346 Tunc
1158 2318 1263 2346 enimin
1270 2318 1352 2345 cedro
1359 2319 1448 2346 saecnli
1456 2319 1635 2354 arrogantiam
1648 2320 1797 2354 inclinavit,
1816 2334 1832 2352 ,-

1009 2371 1089 2400 quam
1106 2365 1187 2391 etiam
1197 2364 1230 2391 ad
1242 2363 1349 2398 hyssopi
1366 2364 1553 2397 humilitatem,
1566 2364 1591 2392 id
1603 2369 1655 2398 cst,
1671 2373 1754 2400 usque
1765 2365 1811 2408 ηιξ

1009 2409 1095 2436 crucis
1106 2410 1245 2437 stultitiam
1258 2417 1290 2436 ac
1300 2409 1528 2442 contemptibilem
1547 2410 1632 2452 iidem,
1639 2411 1758 2441 deduxit.

1317 2454 1430 2482 CAPUT
1450 2455 1494 2483 lv.

1238 2499 1277 2527 De
1287 2500 1390 2534 judicio
1403 2501 1562 2529 Salomonis.

1043 2544 1068 2571 Ι.
1085 2544 1193 2579 Legitur
1217 2552 1322 2579 quoque
1348 2545 1418 2573 idem
1444 2548 1657 2582 sapientissimus
1680 2549 1766 2583 primu

1007 2590 1133 2618 habuisse
1145 2589 1274 2625 judicium
1287 2590 1356 2618 inter
1367 2592 1434 2619 duas
1445 2593 1572 2621 mulieres
1582 2593 1616 2621 de
1627 2593 1728 2629 pietate

1007 2639 1111 2668 tantes;
1131 2643 1241 2670 quarum
1265 2637 1291 2664 in
1312 2643 1364 2665 una
1379 2637 1487 2666 dileetio
1509 2638 1632 2673 ardebat,
1657 2639 1684 2667 in
1708 2640 1733 2667 al
1760 2643 1762 2646 ’

1006 2683 1142 2711 simulatio
1157 2683 1332 2719 subripiebat.
1344 2684 1372 2712 ln
1388 2684 1436 2713 illo
1450 2692 1516 2721 ergo
1525 2684 1630 2721 judicio
1641 2685 1732 2714 salom

1798 2444 1805 2469 l

1005 2751 1086 2780 verba
1096 2755 1158 2778 sunt
1173 2749 1264 2786 Greg„
1278 2759 1358 2780 xxxiv
1371 2751 1476 2786 norat..
1491 2759 1551 2789 cap.
1565 2753 1612 2781 2⁰.
1625 2752 1720 2782 Gmr..
1756 2785 1757 2789 Ἰ

1038 2786 1107 2814 Ibid.
1123 2786 1264 2814 Dedolatiu.
1275 2787 1331 2820 At„
1342 2787 1446 2815 dotatis.
1458 2788 1544 2816 Aasv.

999 2822 1102 2886 (31:²³1...
1121 2828 1158 2850 tv.
1178 2821 1210 2850 Ν.
1230 2821 1256 2850 ¹.
1275 2822 1333 2851 vid.
1353 2822 1434 2859 Aug..
1460 2830 1543 2860 sem,
1565 2822 1620 2852 2⁰⁰
1644 2823 1680 2858 de
1712 2855 1726 2859 ,,
1748 2857 1750 2859 ,
1772 2855 1774 2858 ,
