1832 3016
59 141 114 171 ⁶¹7

682 137 952 167 SENTENTlARUM
972 138 1038 166 [ΑΒ.
1058 140 1090 168 ll.

1646 147 1699 176 618

59 197 145 232 puin,
173 196 334 232 negligentia
360 199 451 223 eutem
474 202 547 230 saepe
568 195 704 223 incautum
728 196 763 223 ad
784 195 850 223 viiia
863 197 889 226 Α
902 197 945 222 tur
959 196 1050 224 offerri
1064 197 1091 224 in
1113 196 1244 233 hostiam,
1260 198 1286 226 id
1304 204 1362 234 est,
1378 200 1441 230 vitae
1453 205 1575 231 extrema
1597 203 1626 232 in
1640 213 1698 240 ραι·

61 246 196 270 transacta
210 242 322 270 reducit.

97 287 236 325 21219.
252 288 317 316 num
342 294 389 321 per
413 287 596 321 poenltentiam
620 288 730 323 expulsa
754 288 854 316 suerint

60 334 96 362 ab
110 334 217 361 homine
231 333 310 365 vitia,
324 331 347 359 si
360 331 431 359 sorte
446 336 506 367 post
523 332 596 367 haze,
615 333 800 362 intercedente
810 342 854 361 se-

60 380 189 411 curitate,
203 378 330 413 quaelibet
348 378 424 413 culpa
445 378 627 414 subrepserit,
643 379 786 407 confestim
806 380 853 408 de-

61 425 218 454 lectationes
233 423 355 458 pristinae
377 424 502 452 vitiorum
526 429 643 453 mentem
669 425 772 453 avidius
787 427 854 454 irre-

60 476 142 507 punt,
159 470 348 504 pulsantesque
365 470 502 498 hominem
526 470 553 497 in
577 471 714 498 consuetis
728 472 853 507 operibus

59 517 163 551 gravius
175 516 349 549 pertrahunt,
366 515 402 542 ita
417 519 446 542 ut.
462 516 516 543 sint
530 517 669 543 novissima
680 517 751 544 iuius
765 518 854 552 pejora

58 561 198 596 prioribus.
407 571 410 573 ’
647 586 664 596 ,

356 607 470 635 CAPUT
485 608 554 635 xlv.

250 664 289 691 De
303 664 477 699 desperatione
491 665 660 699 peccantium.

92 723 119 750 1.
135 722 192 750 Non
207 729 256 757 per
279 722 399 749 iocorum
418 722 522 757 spatia,
538 723 584 750 sed
598 730 644 756 per
666 722 791 750 affectum
806 724 854 751 bo-

57 777 137 803 num,
153 769 195 796 vel
220 769 319 796 maium
348 769 410 801 itur,
439 768 608 796 recediturve
631 776 645 795 a
671 769 737 796 Deo.
762 769 854 805 Neque

57 815 127 843 enim
142 822 236 850 gressu
252 814 348 850 pedum
360 834 368 847 ,
383 814 430 841 sed
449 821 543 849 gressu
557 821 661 842 morum
683 815 851 850 elongamus,

57 862 98 890 vel
113 861 322 897 propinquamus
336 861 368 888 ad
387 861 482 888 Deum.

91 919 119 946 2.
136 919 295 953 Perpetrare
313 917 441 952 flagitium
464 918 571 953 aliquod
593 926 666 945 mors
681 919 777 947 animoe
793 925 852 954 est;

56 970 229 994 contemnere
258 965 460 998 poenitentiam,
475 970 501 992 et
523 973 682 999 permanere
707 967 732 993 in
761 968 852 1001 culpa,

55 1012 222 1040 descendere
242 1013 268 1038 in
284 1012 417 1038 infernum
437 1016 622 1046 postmortem
637 1017 687 1039 est.
705 1013 775 1047 Ergo
791 1021 854 1048 pec-

56 1065 120 1086 care
143 1058 175 1085 ad
199 1064 312 1085 mortem
331 1057 461 1092 pertinet,
477 1057 619 1091 desperare
644 1059 746 1086 veroin
772 1059 854 1087 inser-

58 1113 120 1133 num
134 1105 309 1132 descendere.
326 1104 402 1131 Unde
414 1108 442 1131 et
455 1104 590 1138 Scriptura
605 1104 642 1130 ait
658 1112 664 1130 ε
678 1103 778 1138 Impius
791 1106 853 1132 dum

55 1152 83 1177 in
105 1151 263 1185 profundum
286 1150 412 1177 malorum
436 1150 542 1183 venerit,
558 1151 695 1177 contemnit
717 1151 850 1184 (Proverb.

55 1205 130 1229 xviii,
147 1197 187 1232 5).

91 1251 117 1278 5.
136 1252 214 1286 Saepe
234 1252 355 1279 diabolus
376 1259 423 1279 eos
445 1259 513 1287 quos
532 1253 652 1280 converti
668 1253 701 1280 ad
717 1254 851 1288 poeniten-

57 1298 120 1326 tiam
136 1298 246 1332 aspicit,
264 1298 429 1325 immanitate
445 1299 579 1325 scelerum
597 1299 736 1333 perculsos
754 1300 788 1327 ad
805 1301 852 1328 de-

55 1344 235 1379 sperationem
249 1343 372 1375 deducit,
395 1349 439 1376 ut,
456 1345 591 1371 subtracta
614 1353 662 1379 spe
679 1346 780 1379 veniae,
799 1351 851 1373 tra-

56 1389 102 1416 hat
115 1390 142 1416 in
162 1389 336 1416 diffidentiam
355 1396 422 1423 quos
447 1397 499 1416 non
522 1390 608 1424 poluit
622 1391 739 1419 retinere
759 1399 850 1426 perse-

54 1439 179 1463 veranter
203 1435 228 1461 in
249 1435 337 1470 culpa.
358 1435 412 1463 Sed
440 1437 572 1470 poenitens
599 1438 746 1471 praevidere
770 1439 850 1467 debet

54 1479 165 1507 callidas
178 1485 271 1507 contra
287 1487 317 1508 se
343 1481 425 1508 hostis
448 1481 574 1514 insidias;
588 1483 681 1517 sicque
704 1484 750 1511 Dei
772 1485 850 1518 justi-

54 1526 120 1553 tiam
135 1530 252 1559 metuat,
270 1530 298 1553 ut
314 1530 420 1560 tamen,
436 1528 558 1562 quamvis
574 1528 600 1554 in
621 1529 723 1563 magnis
740 1530 849 1558 sceleri-

53 1572 113 1607 bus,
130 1572 163 1600 de
177 1573 360 1600 misericordia
376 1574 433 1607 eJus
448 1574 576 1601 considat.

89 1618 116 1644 4.
133 1618 255 1653 Amplius
280 1619 386 1646 laetatur
401 1619 473 1646 Deus
486 1619 519 1647 de
539 1620 627 1647 anima
648 1621 807 1656 desperata,
823 1628 850 1650 et

54 1664 198 1699 aliquando
227 1671 372 1698 conversa,
399 1673 478 1700 quam
503 1666 537 1693 de
568 1674 598 1694 ea
623 1675 684 1702 quoe
713 1676 848 1703 nunquam

53 1710 158 1736 exstitit
170 1710 284 1744 perdita.
302 1710 378 1738 Sicut
392 1711 426 1738 de
443 1712 554 1747 prodigo
577 1713 630 1740 lilio
641 1734 648 1746 ,
669 1715 713 1748 qui
729 1720 849 1742 mortuus

53 1757 150 1789 fuerat,
178 1761 205 1784 et
225 1757 343 1791 revixit,
373 1758 487 1792 perierat
499 1780 505 1791 ,
532 1764 560 1786 et
584 1761 708 1788 inventus
736 1767 791 1795 est,
815 1763 849 1790 de

51 1802 130 1836 cujus
145 1810 269 1837 regressu
284 1811 410 1837 magnum
422 1805 451 1831 iit
464 1806 588 1839 gaudium
604 1807 687 1841 patris
700 1808 774 1843 (Luc.
791 1810 847 1843 xv).

89 1847 115 1875 5.
131 1848 190 1875 Non
206 1849 285 1876 aliter
308 1856 400 1876 coram
421 1850 476 1877 Deo
491 1856 517 1878 et
537 1852 638 1887 angelis
658 1854 791 1888 copiosius
807 1859 849 1881 est

52 1895 181 1930 gaudium
197 1895 230 1922 de
245 1903 277 1922 eo
293 1896 337 1929 qui
360 1903 374 1923 a
396 1897 515 1930 periculo
535 1898 662 1926 liberatur
674 1907 753 1934 quam
767 1901 800 1928 de
815 1909 848 1928 eo

52 1941 98 1976 qui
114 1949 249 1976 nunquam
263 1942 337 1970 novit
357 1943 460 1977 peccati
479 1944 639 1978 periculum.
655 1946 761 1979 Quanto
775 1947 847 1975 enim

52 1987 194 2014 contristat
209 1994 253 2014 res
265 1987 368 2021 perdita
379 2009 386 2021 ‚
403 1992 477 2016 tanto
492 1990 586 2025 magis,
598 1990 621 2017 si
637 1991 715 2019 suerit
729 1992 845 2026 inventa,

53 2032 171 2059 laetitlcat
184 2040 191 2059 :
206 2033 276 2059 sicut
293 2032 317 2059 in
334 2033 478 2068 Evangelio
498 2039 588 2068 pastor
601 2036 648 2063 ille
668 2037 784 2065 exsultat
802 2039 846 2072 qui

53 2079 182 2112 perditam
197 2086 274 2106 ovem
298 2079 435 2107 inventam
457 2080 575 2109 ilumeris
590 2083 645 2109 suis
667 2083 787 2117 gaudens
801 2091 846 2111 re·

52 2128 142 2159 portat
157 2123 266 2160 (Matala.
283 2132 356 2158 xvlu,
372 2124 422 2158 ¹23
438 2124 502 2152 Luc.
518 2134 563 2159 xv,
578 2128 617 2161 5).

88 2169 116 2196 6.
132 2169 227 2197 Nullus
247 2169 390 2205 desperare
414 2170 495 2198 debet
511 2172 631 2205 veniam,
647 2172 752 2200 etiamsi
774 2173 845 2201 circa

51 2216 131 2243 tinem
162 2215 223 2243 vitae
253 2216 333 2251 213
359 2216 393 2243 ad
433 2217 619 2251 poenitentiam
658 2223 843 2246 convertatur.

905 241 1055 269 nitentiam.

941 286 967 313 7.
985 287 1060 314 Multi
1078 295 1195 323 superna
1210 291 1324 325 respecti
1343 292 1429 326 gratia
1446 293 1617 331 inextremis
1640 298 1698 325 suis

905 332 938 359 ad
955 332 1038 360 Deum
1052 332 1224 362 revertuntu'r
1240 344 1288 371 per
1302 338 1486 371 poenitentiam
1499 360 1506 372 ‚
1522 344 1550 367 et
1575 349 1702 376 quaecun-

905 386 957 414 que
981 379 1050 405 mala
1074 386 1224 415 gesserant,
1250 383 1414 417 quotidianis
1439 385 1547 413 fletibus
1574 394 1700 424 purgant,

904 427 984 458 atque
999 424 1024 451 in
1040 425 1118 453 bonis
1134 426 1211 454 tactis
1227 428 1297 454 mala
1312 433 1387 463 gesta
1403 435 1570 459 commutant
1582 441 1590 464 ς
1604 434 1702 467 quibus

902 469 975 504 juste
991 474 1075 497 totum
1091 472 1162 506 quod
1178 472 1347 507 deliquerant
1370 474 1537 510 ignoscitur,
1551 478 1613 512 quia
1638 479 1701 514 ipsi,

904 515 975 549 quod
991 515 1061 543 male
1074 522 1225 550 gesserunt,
1242 518 1397 551 poenitendo
1413 527 1589 555 cognoscunt.

939 560 966 587 8.
984 560 1012 587 in
1024 561 1078 588 vita
1103 563 1219 590 hominis
1234 563 1294 590 linis
1309 566 1472 599 quaerendus
1494 572 1546 601 est,
1572 570 1700 603 quoniam

905 605 976 633 Deus
992 615 1043 633 non
1060 609 1169 643 respicit
1184 610 1276 644 quales
1295 615 1373 638 antea
1394 612 1522 646 viximus,
1538 615 1586 642 sed
1610 616 1702 651 quales

904 652 975 679 circa
989 653 1068 680 finem
1082 654 1143 682 vitae
1154 656 1306 684 existimus.

1212 703 1325 731 CAPUT
1341 705 1399 733 XV.

1090 746 1129 774 De
1143 747 1182 774 his
1192 749 1237 782 qui
1249 757 1265 775 α
1281 749 1334 776 Deo
1350 751 1512 781 deseruntur.

940 794 967 821 t.
984 793 1039 821 Deo
1049 794 1203 828 deserente,
1217 796 1317 823 nullum
1331 799 1475 832 poenitere;
1489 800 1544 827 Deo
1559 802 1702 836 respicien-

906 844 946 873 te,
962 848 1010 868 sua
1024 841 1094 868 mala
1110 850 1327 878 unumquemque
1349 845 1450 879 videre,
1473 851 1499 873 et
1519 849 1657 883 plangere,
1674 855 1703 878 et

864 883 889 912 Β
904 886 973 913 unde
988 887 1124 920 ceciderit,
1143 889 1270 923 cogitare.
1283 890 1349 917 Nam
1365 893 1488 919 nonnulli
1501 895 1536 920 ita
1548 894 1702 929 despiciun-

910 937 951 959 tur
965 940 978 958 a
995 933 1059 966 Deo,
1078 938 1106 960 ut
1119 934 1259 968 deplorare
1271 936 1341 963 mala
1357 944 1403 964 sua
1420 946 1472 966 non
1488 941 1602 974 possint,
1619 941 1702 970 etiam

906 980 928 1007 si
941 981 1033 1007 velint.
1069 974 1073 979 ⁴

940 1026 969 1053 2.
985 1027 1134 1055 Consilium
1152 1029 1349 1058 immundorum
1365 1033 1507 1066 spirituum
1525 1034 1575 1061 lioc
1588 1039 1643 1067 est,
1658 1039 1701 1070 ul,

906 1072 968 1106 qula
983 1073 1048 1107 ipsis
1064 1079 1188 1110 negatum
1204 1081 1245 1103 est
1259 1083 1320 1111 post
1334 1079 1583 1112 praevaricationem
1596 1083 1704 1117 regredi

905 1117 1093 1151 adjustitiam,
1106 1120 1235 1148 obserare
1250 1122 1350 1150 aditum
1368 1125 1533 1158 poenitentiae
1549 1127 1702 1156 hominibus

905 1162 1024 1196 cupiant,
1043 1171 1076 1191 ne
1093 1165 1136 1192 vei
1161 1166 1210 1198 ipsi
1226 1172 1394 1195 revertantur
1418 1170 1450 1196 ad
1476 1170 1576 1203 Deum;
1602 1180 1702 1207 eosque

905 1210 994 1235 socios
1014 1210 1040 1236 in
1056 1211 1208 1244 perditione
1223 1213 1322 1241 habere
1337 1217 1519 1250 contendunt,
1535 1218 1700 1251 quibuscun-

904 1263 955 1290 que
969 1255 1107 1284 fraudibus
1121 1257 1287 1290 insistentes,
1306 1264 1334 1286 ut
1349 1264 1395 1287 aut
1415 1261 1575 1289 deserantur
1593 1270 1608 1289 a
1629 1263 1701 1297 Deo,

903 1305 949 1327 aut
961 1301 1056 1335 flagelli
1073 1303 1239 1330 immanitate
1254 1304 1407 1339 desperent.

939 1347 965 1374 3.
976 1347 1204 1382 ingemiscendum
1212 1354 1253 1376 est
1261 1349 1372 1384 jugiter,
1385 1355 1422 1383 et,
1436 1353 1582 1386 postposita
1593 1356 1696 1382 securi-

904 1396 969 1426 tate,
982 1393 1137 1427 lugendum,
1153 1402 1187 1421 ne
1202 1395 1248 1421 Dei
1265 1400 1371 1423 secreto
1383 1401 1411 1423 et
1423 1397 1604 1432 iustoiudicio
1617 1400 1695 1428 dese-

903 1441 977 1464 ratur
992 1437 1084 1470 homo,
1105 1443 1133 1466 ct
1152 1439 1305 1473 perdendus
1333 1440 1359 1467 in
1388 1446 1520 1475 potestate
1544 1445 1696 1473 daemonum

903 1482 1080 1517 relinquatur.
1096 1483 1164 1511 Nam
1180 1492 1284 1518 revera,
1298 1493 1376 1520 quem
1391 1486 1461 1514 Deus
1475 1488 1575 1516 deserit
1597 1491 1698 1518 daemo-

903 1536 950 1556 nes
965 1531 1122 1564 suscipiunt.

863 1575 886 1606 C
937 1574 1020 1610 214
1032 1574 1058 1601 t.
1073 1575 1204 1602 Dominici
1220 1580 1420 1611 contemptores
1440 1581 1577 1614 praecepti,
1605 1582 1695 1610 statim

903 1624 932 1645 ut
946 1624 1101 1647 avertuntur
1115 1628 1130 1647 a
1146 1621 1218 1653 Deo,
1237 1628 1252 1647 a
1267 1622 1390 1656 malignis
1405 1624 1543 1656 spiritibus
1562 1633 1695 1661 occupan-

901 1669 957 1699 tur,
973 1673 989 1692 a
1003 1666 1101 1700 quibus
1121 1666 1214 1699 etiam,
1229 1671 1258 1693 ut
1274 1667 1344 1694 mala
1359 1668 1466 1702 saciant,
1489 1673 1696 1704 persuadentur.

901 1711 969 1738 Hinc
980 1716 1020 1738 est
1034 1712 1097 1739 illud
1115 1712 1299 1747 propheticum
1316 1721 1323 1739 :
1339 1712 1462 1741 Inimicos
1478 1714 1527 1742 Dei
1539 1725 1695 1752 persequim-

902 1762 943 1784 tur
954 1758 1062 1785 tenebrae
1073 1758 1203 1793 (Nahum.
1217 1767 1234 1791 l,
1249 1759 1286 1793 8),
1299 1760 1343 1794 qui
1355 1761 1537 1795 intelliguntur
1547 1763 1694 1793 daemones.

902 1803 979 1831 Unde
992 1809 1019 1831 et
1034 1805 1060 1830 in
1085 1804 1187 1838 psalmo
1202 1805 1298 1838 legitur
1315 1813 1321 1831 :
1338 1804 1511 1834 Immisn'ones
1526 1816 1571 1842 per
1591 1811 1697 1844 angelos

900 1849 981 1876 malos
997 1849 1081 1885 (Psat.
1095 1857 1197 1881 Lxxvll,
1211 1850 1269 1884 49).

937 1894 964 1921 5.
992 1895 1104 1927 Quidam
1132 1896 1309 1930 reproborum
1335 1897 1361 1923 in
1386 1902 1517 1931 potestate
1541 1899 1695 1929 daemonum

900 1941 1006 1968 occulto
1024 1941 1072 1968 Dei
1095 1942 1197 1976 judicio
1219 1947 1246 1969 et
1261 1942 1410 1977 justissimo
1431 1945 1605 1980 rediguntur,
1626 1948 1695 1976 lsaia

900 1991 1014 2014 testante
1027 1995 1034 2015 ;
1051 1986 1067 2013 1
1069 1995 1112 2020 pse
1127 1988 1196 2014 misit
1210 1989 1245 2014 eis
1259 1994 1362 2021 sortem,
1377 1994 1400 2016 et
1416 1998 1507 2017 manus
1529 1992 1584 2026 ejus
1609 1992 1696 2021 divisit

899 2033 934 2059 eis
949 2041 1006 2059 eam
1021 2034 1048 2059 in
1068 2041 1198 2066 mensura,
1227 2042 1305 2069 usque
1332 2035 1359 2061 in
1383 2041 1504 2062 oelernum
1530 2038 1695 2071 possidebunt

899 2078 1043 2113 eam(1⁸ai.
1058 2087 1150 2112 xxxiv,
1168 2079 1222 2114 17).

934 2125 960 2152 6.
982 2126 1093 2159 Quidam
1114 2127 1258 2154 electorum
1283 2127 1452 2156 dimittuntur
1476 2129 1564 2157 divina
1588 2130 1691 2165 justitia

897 2171 1015 2198 incidere
1030 2172 1055 2198 in
1077 2179 1197 2199 errorem
1213 2173 1313 2207 peccati
1326 2194 1334 2207 ,
1350 2175 1397 2201 sed
1415 2179 1502 2202 tamen
1519 2176 1691 2205 miseratione

897 2217 957 2252 ejus
968 2217 1071 2244 reducti
1085 2217 1174 2245 denuo
1187 2224 1388 2247 convertuntur.
1404 2220 1442 2247 De
1453 2221 1549 2248 talibus
1558 2222 1629 2248 enim
1644 2230 1693 2255 per

53 2259 273 2296 Unumquemqne
286 2262 356 2289 enim
373 2262 444 2290 Deus
471 2263 505 2290 de
529 2271 577 2290 suo
591 2263 659 2298 ssne,
674 2272 726 2292 non
741 2265 774 2292 de
791 2265 845 2292 vita
860 2266 886 2296 1)
898 2263 1056 2298 prophetam
1072 2263 1199 2290 Dominus
1217 2264 1335 2298 loquitur
1349 2273 1355 2291 :
1368 2264 1402 2291 Ee
1422 2262 1508 2293 divnisi'
1525 2274 1597 2297 eum,
1614 2271 1638 2292 et
1650 2274 1691 2293 re-

51 2308 189 2341 praeterita
215 2308 326 2342 jndieat.
348 2307 406 2337 Hoc
429 2309 528 2344 quippe
551 2315 579 2338 et
603 2311 670 2345 legis
692 2312 846 2339 testimonio

51 2352 193 2385 edocetur,
205 2353 276 2387 quod
300 2353 380 2381 homo
404 2355 438 2382 de
461 2363 509 2383 suo
533 2361 654 2383 extremo
672 2357 844 2391 justificatur,

52 2397 159 2432 quando
184 2396 254 2425 Deus
284 2405 333 2432 pro
358 2398 426 2426 asini
461 2400 640 2435 primogenito
664 2408 741 2429 ovem
763 2401 846 2437 jussit

53 2442 223 2476 elteri-istim:
241 2446 299 2476 est,
313 2443 509 2471 immunditiam
534 2445 594 2472 vitae
619 2445 716 2480 prioris
738 2451 843 2474 muton-

52 2485 115 2514 dnm
130 2487 157 2514 in
172 2486 352 2515 innocentiam
368 2488 432 2515 boni
443 2488 516 2517 fluis.
531 2489 609 2517 Unde
624 2495 652 2518 et
665 2491 749 2518 cauda
765 2491 845 2526 jube-

87 2563 132 2591 ¹9.
145 2562 234 2590 Illius.
247 2562 299 2590 Alii
313 2570 374 2591 cum
395 2563 519 2600 Vulgata,
532 2565 642 2595 homenis
659 2568 740 2596 iltius.
755 2570 840 2597 Anev.

86 2598 152 2626 Gn.
166 2605 222 2625 xiv.
238 2597 272 2624 Ν.
285 2597 312 2625 Ι.
326 2597 392 2630 Alit,
405 2599 449 2626 aa
463 2606 552 2634 orauit
563 2609 668 2637 operum
677 2604 716 2631 vet
730 2612 841 2631 morum.

51 2633 144 2666 Forte,
161 2633 321 2667 etonqamur.
338 2633 424 2660 Αιιιν.

67 2688 72 2693 .
87 2669 116 2697 ⁶.
129 2668 156 2695 ln
171 2667 282 2695 Excusis
293 2670 362 2700 erat,
377 2675 424 2702 pro
445 2668 616 2698 munitium
635 2671 696 2699 boni
709 2673 779 2708 finis,
812 2682 843 2702 ro

34 2714 38 2767 ;
125 2701 252 2765 mlx
265 2701 706 2766 &tremerent-
719 2681 843 2770 oanis·

34 2781 39 2803 l
114 2771 174 2800 loeo
182 2744 398 2800 desumitufftiaeo
409 2773 542 2800 sententia
555 2781 564 2800 ι
577 2747 731 2812 Aniisszo,
745 2751 843 2812 inquit?

152 2807 222 2834 onita
230 2813 276 2834 ονε
292 2810 400 2838 natm.
414 2811 452 2834 eut
465 2806 605 2836 immunde
622 2810 682 2837 vitoe
701 2812 842 2847 primordia

33 2813 39 2874 Ι
183 2841 244 2868 utioe
254 2841 419 2876 simplicitate
432 2846 589 2871 montera.
612 2843 719 2873 [nat-A.

151 2888 288 2920 Parnm..
309 2887 486 2919 Lxxxltl.

31 2927 89 3016 2st

898 2308 964 2335 duxi
977 2316 1045 2340 eum,
1058 2313 1083 2335 et
1095 2309 1197 2336 reddidi
1208 2309 1232 2336 ei
1244 2309 1443 2337 consolationem
1457 2310 1533 2345 (lsai.
1550 2318 1615 2343 nvn,
1634 2309 1691 2345 ¹8).

933 2354 960 2380 7.
974 2353 1171 2388 Nonnunquam
1198 2355 1268 2381 enim
1284 2360 1424 2382 revertens
1446 2355 1526 2387 Deus,
1555 2355 1692 2383 hominem

897 2407 977 2434 quem
1001 2400 1156 2426 deseruerat
1176 2407 1271 2426 rursus
1290 2400 1411 2434 affligens
1426 2401 1525 2433 visitat,
1546 2405 1573 2427 et
1593 2408 1639 2434 per
1653 2401 1693 2428 la-

898 2450 988 2473 menta
1003 2446 1180 2480 lacrymarum
1192 2452 1223 2471 ac
1234 2445 1397 2479 poenitentiae
1410 2444 1582 2472 afflictionem
1598 2454 1612 2472 a
1628 2454 1691 2481 pec-

896 2492 965 2520 catis
983 2495 1129 2525 expurgat,
1145 2490 1252 2517 dicente
1264 2489 1315 2516 tob
1335 2489 1369 2516 ad
1394 2490 1477 2517 Deum
1494 2499 1500 2516 ε
1518 2489 1628 2525 Propter
1647 2499 1692 2518 ιιι-

930 2569 996 2596 Cn.
1010 2576 1055 2595 xv.
1073 2568 1106 2595 N.
1126 2567 1154 2594 1.
1174 2567 1305 2602 aragon,
1329 2568 1375 2596 lib.
1397 2576 1425 2595 xt
1444 2568 1557 2604 stoi-al„
1580 2576 1641 2604 cap.
1661 2570 1689 2599 5.

897 2604 1012 2667 Lug-13³
1022 2638 1146 2673 Gregor..
1158 2637 1204 2665 lib.
1217 2637 1310 2665 Mol-al.
1325 2646 1362 2670 ix,
1377 2645 1436 2679 cap.
1446 2638 1494 2667 25.
1504 2638 1600 2667 Contra
1609 2640 1690 2669 bonon

895 2675 1005 2711 (inquit)
1019 2674 1155 2700 consutum
1169 2673 1274 2707 matiam·
1287 2673 1395 2709 spirituo
1408 2678 1507 2702 meunt.
1523 2674 1632 2703 Lonu.

931 2708 957 2736 4.
978 2709 1070 2743 Greg.,
1088 2708 1134 2735 lit».
1149 2715 1200 2734 xxv
1215 2708 1318 2742 Morti..
1334 2716 1360 2736 e.
1375 2709 1402 2736 t).
1419 2709 1527 2737 Lotist.

931 2743 1002 2771 Ibid.
1017 2743 1068 2775 Qui
1080 2743 1258 2778 intetttquntur
1272 2742 1409 2771 doemoneu.
1432 2745 1469 2771 lta
1484 2749 1559 2773 recte
1577 2753 1611 2774 ex
1635 2746 1688 2775 tide

895 2779 960 2807 Hos.
977 2778 1041 2805 Vide
1057 2783 1147 2805 notem
1160 2777 1252 2805 Grialii
1264 2778 1298 2805 ad
1312 2779 1397 2807 Exod.
1411 2787 1478 2812 ιιιιι,
1489 2779 1517 2808 5.
1529 2780 1580 2808 Atii
1594 2781 1684 2818 inepte

894 2816 1029 2848 eol-rigere
1040 2813 1180 2840 voluerunt
1192 2819 1250 2846 quoe
1263 2820 1312 2847 pro
1323 2814 1377 2848 qui.
1392 2814 1479 2842 Αιιιν.

930 2850 957 2877 7.
974 2848 1067 2883 Gress„
1079 2847 1124 2875 lit».
1140 2855 1167 2876 tx
1183 2848 1289 2882 tlon-al..
1302 2856 1329 2876 c.
1340 2848 1384 2876 54.
1396 2849 1504 2879 LoAtsA.
