1832 3016
56 101 111 136 tots

458 104 692 139 Quaesrtotttts
707 105 743 136 ΙΝ
762 105 840 135 ῩΕΤ.
862 105 1013 137 'tt-:snm
1025 109 1104 140 -lN
1121 109 1243 140 REGUM
1264 113 1284 140 l.

1642 115 1697 144 Aes

57 165 141 193 retur,
153 160 434 191 etnontnvenireturt
447 161 517 195 Quid
530 167 572 190 est
585 163 691 199 contegi
702 163 841 197 spelunca,
857 165 884 197 Α
898 165 981 193 lsrael
1009 175 1149 200 personam
1170 169 1280 203 figurate
1301 169 1412 204 gerebat
1426 178 1475 198 rex
1499 171 1561 205 iste,
1584 173 1629 207 qui
1649 180 1696 206 po·

57 203 107 231 nisi
130 205 236 240 contegi
263 205 355 234 terra?
377 207 420 242 qui
447 206 520 248 euim
545 207 610 244 fugit
631 208 661 237 in
677 209 847 243 speluncam,

59 252 128 276 terra
143 251 252 286 tegitur,
270 258 304 279 ne
326 250 456 279 videatur.
478 251 606 281 Portabat
631 258 722 282 autem
747 259 847 284 terram

56 293 145 327 Jesus,
161 303 282 329 carnem,
297 303 376 331 quam
390 299 575 333 acceperatde
589 303 672 332 terra,
686 300 752 328 etin
769 308 802 328 ea
815 309 845 329 se

55 340 216 374 occultabat,
230 347 264 368 ne
285 348 300 367 a
313 340 413 369 Judaeis
433 342 598 372 inveniretur
619 345 702 373 Deus.
725 346 756 373 Si
778 347 845 375 enim

55 386 238 420 cognovissent,
255 393 384 422 nunquam
398 387 537 416 Dominum
549 389 642 426 qlorioe
657 392 845 427 crucifixissent

56 428 84 465 (1
98 429 157 457 eor.
173 429 218 465 u).

89 475 116 502 5.
130 475 216 510 Quare
230 483 293 510 ergo
309 476 450 506 Dominum
472 480 564 515 gloriae
591 489 645 509 non
661 482 842 513 invenerunt?

53 519 118 552 Quia
137 521 263 555 spetunca
276 530 306 550 se
321 527 435 558 texerat,
453 526 477 552 id
493 532 543 560 est,
559 529 647 555 carnis
660 530 841 558 infirmitatem

52 564 134 592 oculis
159 566 312 600 objiciebat,
340 573 368 596 et
395 569 476 607 524
504 573 673 607 majestatem
695 576 841 604 divinitatis

51 612 170 645 eorporis
186 613 314 647 tegmine,
330 619 455 650 tanquam
473 618 606 653 speluucae
621 621 710 648 abdito
722 622 840 649 occulta-

50 657 104 686 bat.
130 658 168 686 llli
191 667 269 695 erg0‚
289 670 340 690 non
363 671 555 699 cognoscentes
578 668 680 703 neum,
707 672 838 706 persecuti

49 706 111 729 sunt
127 702 276 738 ltominem;
303 715 352 735 nec
376 710 444 736 mori
469 712 568 745 potuit,
585 713 636 740 nisi
661 714 687 741 in
715 715 837 749 bomine.

48 749 106 783 quia
123 757 171 777 nec
181 753 264 779 teneri
283 755 376 788 potuit,
394 756 445 784 nisi
460 757 485 784 iu
498 758 617 787 homine.
633 761 762 796 Opposuit
773 771 837 798 ergo

48 795 117 823 male
128 798 310 831 quaerentibus
325 805 435 837 terram,
447 806 565 833 servavit
573 806 642 835 benc
656 811 837 843 quaerentibus

47 840 139 868 vitam.

82 886 109 914 t.
132 887 210 924 Fugit
225 899 288 926 ergo
308 895 454 923 secundum
469 905 578 927 carnem
602 901 629 928 iu
655 902 809 936 speluncam
824 912 838 931 a

47 930 114 959 facie
129 932 204 967 Saul,
220 937 280 970 quia
299 946 393 972 passus
409 947 450 968 est
475 950 559 977 usque
575 945 642 972 adeo
657 954 686 974 se
701 949 840 977 occultans

47 975 157 1011 Juttaeis,
175 984 202 1006 ut
217 987 376 1012 moreretur.
395 986 448 1014 Sed
464 996 546 1023 quare
562 999 647 1026 usque
662 994 697 1020 ad
725 1000 841 1023 mortem

47 1022 131 1050 voluit
144 1032 203 1053 esse
224 1029 338 1062 patiens,
354 1036 382 1057 ut
398 1031 501 1067 sugeret
520 1042 535 1061 a
549 1034 617 1063 facie
641 1038 704 1065 saut
725 1040 750 1066 in
778 1048 839 1075 spe-

48 1067 172 1097 luricam?
183 1071 286 1100 Etenim
301 1075 426 1108 spelunca
444 1079 555 1107 inferior
571 1087 649 1110 terrai
673 1093 736 1118 pars
753 1093 841 1121 potest

47 1114 141 1148 accipi.
163 1115 195 1142 Et
222 1122 294 1146 certe
317 1121 396 1154 (quod
423 1124 591 1154 manifestum
611 1133 669 1162 est,
697 1135 724 1158 et
747 1138 840 1160 notum

47 1162 88 1184 est
108 1161 233 1188 omnibus
246 1162 272 1197 ),
300 1173 397 1200 corpus
424 1168 480 1202 ejus
510 1171 536 1198 in
566 1181 739 1203 monumento
768 1179 840 1212 posi-

46 1205 103 1230 tum
119 1209 169 1237 est,
192 1208 262 1240 quod
277 1214 336 1237 erat
349 1212 467 1241 excisum
485 1216 510 1243 in
527 1223 614 1251 petra.
628 1220 682 1248 Hoc
698 1229 763 1257 ergo
782 1232 840 1252 mo-

49 1255 204 1279 numentum
229 1255 355 1290 spelunca
370 1265 438 1293 erat,
454 1261 516 1290 illuc
531 1263 598 1299 fugit
614 1271 707 1295 noster
726 1269 811 1299 David
823 1279 840 1300 a

46 1293 113 1323 l'acie
128 1297 201 1325 Saul.

81 1340 107 1366 5.
125 1341 237 1371 Tamdiu
252 1346 322 1373 cuim
338 1351 471 1382 persecuti
483 1357 543 1379 sunt
559 1354 632 1382 illum
644 1357 739 1391 Judaei,
752 1363 839 1394 quoad

46 1393 130 1420 usque
144 1396 291 1423 poneretur
303 1394 327 1420 in
340 1396 476 1428 spelunca.
494 1398 547 1426 Sed
561 1401 623 1434 quid
642 1405 765 1439 estquod
780 1415 838 1440 per-

46 1438 153 1461 secutor
167 1436 200 1462 ad
217 1439 384 1473 purgandum
409 1447 528 1472 ventrem
545 1447 701 1481 speluncam
717 1451 835 1487 ingredi-

46 1482 97 1512 tur,
113 1481 163 1508 nisi
178 1483 247 1516 quod
263 1483 346 1513 Judaei
363 1486 389 1514 in
403 1487 539 1519 Christum
563 1500 720 1530 conceptam
736 1501 835 1527 mentis

45 1525 181 1560 malitiam,
197 1529 271 1562 quasi
287 1530 397 1559 odorem
414 1533 525 1562 fetidum
540 1538 697 1574 emiserunt,
713 1548 739 1570 et
753 1544 831 1579 cogi-
849 1535 874 1567 C

45 1574 98 1597 tata
109 1573 177 1606 apud
194 1581 223 1601 se
246 1576 335 1609 noxia,
354 1577 430 1606 sactis
451 1581 646 1619 deterioribus,
673 1587 736 1616 dum
762 1590 835 1618 Chri-

44 1619 112 1643 stum
128 1618 270 1652 perimunt,
283 1625 480 1652 ostenderunt?

79 1660 106 1688 6.
121 1661 174 1690 Sed
197 1668 285 1693 tamen
303 1667 383 1695 David
406 1670 512 1699 Saulem
538 1675 663 1704 occidere
687 1678 782 1713 noluit,
808 1686 835 1708 et

45 1713 108 1742 curn
118 1715 178 1736 eum
194 1709 220 1736 iu
234 1711 324 1740 abdito
339 1715 500 1744 occultatum
517 1724 595 1746 antro
616 1721 727 1750 haberet
742 1724 767 1751 in
785 1733 833 1759 po-

45 1757 151 1786 testate.
163 1763 301 1786 reservare
327 1761 414 1794 potius
427 1770 505 1797 quam
521 1766 644 1795 occidere
667 1770 780 1804 maluit;
798 1773 835 1800 ita

44 1802 71 1825 et
85 1799 218 1836 Christus,
235 1803 296 1830 dum
313 1811 384 1833 esset
408 1807 433 1834 in
449 1810 575 1844 spelunca
590 1815 692 1848 carnis,
706 1824 834 1851 persecu-

45 1847 128 1871 torem
144 1847 270 1881 populum
294 1849 319 1875 in
335 1855 468 1884 potestate
483 1854 585 1890 habuit,
609 1863 636 1886 et
651 1868 703 1887 non
724 1863 835 1892 occidit.

43 1888 176 1924 Scriptum
188 1893 259 1920 enirn
271 1900 328 1922 erat
343 1896 377 1924 de
390 1897 429 1926 eis
445 1907 492 1934 per
507 1903 664 1937 prophetam
685 1915 692 1933 :
709 1907 752 1935 Νι
766 1911 837 1936 σαί-

44 1934 112 1962 deris
125 1945 177 1964 eos.
192 1938 306 1967 'rantum
326 1942 441 1978 denique
467 1946 548 1975 David
565 1954 746 1982 summitatem
760 1956 831 1984 chla-

43 1982 130 2017 mydis
145 1983 203 2018 ejus
214 1986 325 2015 silenter
348 1990 476 2025 abscidit.
495 1998 523 2021 ut
551 1999 708 2027 ostenderet
722 2003 835 2037 prophe-

44 2026 79 2052 tia
96 2026 231 2063 Cbristum
245 2030 353 2060 Judaeos
366 2043 418 2063 non
431 2039 572 2073 occidisse,
597 2044 645 2071 sed
671 2045 711 2072 eis
731 2052 837 2077 tantum

43 2072 118 2106 regni
144 2073 256 2107 gloriam
281 2078 434 2116 abstulisse,
458 2085 551 2119 sicque
576 2096 623 2116 eos
650 2095 836 2125 persecutione

43 2123 90 2144 sua
106 2126 203 2148 vacuos
222 2122 286 2150 sede
302 2125 344 2152 vel
360 2125 473 2162 imperio
486 2131 636 2166 reliquisse.

79 2163 104 2190 7.
128 2163 283 2202 chlamydis
295 2171 366 2198 enim
382 2173 497 2202 abscisio
511 2178 587 2211 regni
602 2184 643 2207 eet
664 2186 812 2217 amputatio
825 2194 833 2213 :

43 2206 93 2235 hoc
105 2209 185 2237 etiam
197 2212 249 2239 alio
263 2213 323 2242 loco
337 2216 407 2244 idem
430 2220 503 2254 Saul,
519 2229 581 2251 cum
607 2232 655 2259 pcr
675 2227 833 2258 inobedien-

42 2252 106 2280 tia·
116 2261 263 2291 pecoesset,
276 2261 402 2291 ostendit.
420 2263 485 2292 Nam
501 2274 561 2295 cum
578 2270 682 2299 veniam
709 2281 832 2308 precare-

43 2301 98 2334 tm·⁸
112 2307 270 2340 rogaretque
284 2305 435 2338 Samuelem
460 2317 487 2339 ut
511 2320 691 2346 reverteretur
704 2327 763 2348 eum
786 2322 832 2350 illo

41 2343 78 2372 ιὰ
90 2345 248 2378 plaeaudum
259 2351 355 2386 Deum.
374 2358 403 2382 et
421 2357 558 2392 noluisset,
571 2366 660 2396 atque,
673 2371 831 2396 convertens

43 2388 137 2418 faeiem
151 2399 238 2428 suam,
256 2397 378 2434 abiisset,
395 2404 480 2431 tenuit
500 2404 565 2434 Saul
588 2408 724 2442 pinnulam
749 2415 830 2443 vesti-

41 2437 124 2465 menti
138 2437 206 2474 ejus,
223 2441 374 2481 etdlsrnpit
388 2455 458 2477 eam.

77 2481 106 2510 8.
122 2480 157 2511 m
168 2481 239 2513 dtxtt
248 2487 283 2518 ad
293 2497 356 2518 eum
364 2492 474 2523 Samuel
489 2506 496 2524 :
513 2497 632 2534 oser-pii
642 2502 770 2533 Dominus
785 2515 828 2534 m-

41 2535 123 2563 ynam
133 2528 308 2570 laudm
321 2537 353 2564 de
370 2545 449 2568 nm
471 2546 515 2570 tua
529 2544 615 2580 hodie,
635 2552 659 2575 et
674 2550 746 2578 dabie
763 2552 831 2580 illud

42 2573 158 2607 prox-imo
171 2578 226 2608 tuo,
249 2581 274 2605 et
286 2578 412 2610 dividetur
432 2583 518 2615 lomi
537 2588 566 2618 in
577 2590 640 2620 duo.
652 2592 750 2630 Populi
763 2604 829 2633 ergo

76 2639 142 2669 Cn·
167 2648 231 2670 xm.
253 2643 286 2673 tt.
301 2643 330 2674 3.
345 2646 405 2677 Μ
439 2651 479 2679 orl
505 2654 569 2682 utam
600 2659 653 2686 ete.
678 2659 733 2689 Atti
746 2670 757 2690 ι
772 2662 828 2692 Nea

41 2677 107 2702 nori
116 2678 209 2711 potuit,
222 2679 271 2706 nisi
281 2680 308 2708 in
321 2656 439 2717 ΑΜΖ·
449 2658 626 2728 nege-uim
636 2695 728 2729 pecti,
741 2697 828 2727 nidus

41 2709 148 2742 m
170 2711 829 2801 m’tffeff·ffll·m..tn.m.m

77 2745 104 2782 τ,
119 2731 235 2776 citatius
247 2750 298 2779 noe

89 2781 180 2810 natm

38 2842 78 3016 ἑ
114 2801 841 2878 ‹Quianam-mmmmm.

901 212 979 245 putus
1007 213 1156 245 amissurus
1182 218 1242 243 erat
1269 222 1381 250 reguum
1393 237 1401 252 ,
1429 216 1493 247 dum
1525 218 1695 253 persequitur

900 255 1047 286 Christum.

1209 306 1325 336 CAPUT
1338 307 1433 336 xwtt.

1071 349 1110 378 De
1122 351 1197 379 haste
1210 352 1299 379 ablata
1311 352 1388 380 sexti
1403 361 1421 380 ο
1434 353 1532 382 Deoia.

1713 284 1737 369 ὲ

1729 378 1737 393 f

935 393 963 421 ¹.
982 394 1059 426 Quod
1072 399 1100 422 et
1126 402 1272 431 sequenter
1286 398 1384 426 iterum
1410 399 1625 429 demonstratum
1640 408 1696 436 est,

898 438 1005 473 quando
1019 439 1092 467 idem
1100 440 1295 475 Davidiugiens
1308 450 1324 469 a
1340 443 1409 470 §acie
1423 444 1488 471 saut
1499 445 1636 478 ingressus
1651 453 1696 476 est

898 483 924 510 in
939 488 1027 512 castra
1040 484 1123 518 regis,
1139 490 1238 514 etcum
1251 487 1431 516 dormientem
1446 491 1598 520 invenisset
1611 514 1618 524 ,
1637 501 1690 520 non

897 530 1038 564 percussit,
1061 538 1115 558 non
1130 531 1237 564 occidit,
1249 533 1296 560 sed
1307 535 1392 562 solam
1415 536 1546 570 lanceam,
1559 546 1620 572 qufe
1634 544 1692 567 erat

897 576 930 603 ad
947 582 1026 611 caput
1037 577 1107 612 ejus,
1116 583 1144 606 et
1152 579 1305 608 lenticulam
1317 582 1435 614 sustulit,
1446 583 1694 619 dormientibusque

894 624 1011 657 cunctis,
1026 625 1196 659 egressusde
1222 627 1328 660 castris,
1346 629 1470 657 transivit
1499 630 1524 657 in
1552 633 1690 660 cacumine

896 669 1006 696 montis.
1687 713 1696 720 β

929 716 957 742 2.
977 716 1046 749 Quid
1061 721 1102 744 est
1125 717 1194 745 boc?
1209 720 1438 754 persequebantur
1467 729 1583 757 namque
1607 721 1695 756 sud-2¹

895 760 1044 793 Christum,
1063 763 1110 791 sed
1138 765 1324 798 persequendo
1344 766 1526 799 dormiebant,
1551 769 1612 802 quia
1639 777 1694 797 nott

896 806 1043 840 vigilabant
1057 807 1148 835 corde.
1164 808 1266 837 Duritia
1277 810 1349 838 enim
1364 811 1453 838 cordis
1465 812 1630 841 obdormitio
1639 820 1692 842 est.

858 856 882 887 Β
898 851 1074 879 Dormiuntin
1090 854 1170 880 vitam
1184 859 1316 889 veterem,
1331 864 1384 884 non
1400 858 1527 892 evigilant
1542 860 1567 887 in
1583 868 1691 888 novam.

931 897 958 924 5.
981 896 1058 925 Venit
1071 898 1205 934 Christus,
1218 909 1272 928 non
1287 909 1333 929 eos
1348 904 1458 936 occidit,
1474 905 1519 932 sed
1537 906 1595 933 tulit
1610 906 1691 933 abeis

892 942 1022 977 scyphum
1037 951 1124 978 aquae,
1137 946 1162 972 id
1174 951 1225 979 est,
1235 948 1348 981 gratiam
1359 949 1424 984 legis
1433 959 1440 983 ;
1450 951 1506 978 tulit
1517 957 1542 978 et
1556 957 1692 986 sceptrum

893 990 993 1023 regale.
1010 992 1083 1024 regui
1095 993 1199 1020 scilicet
1222 999 1392 1030 potestatem,
1417 1005 1496 1032 quam
1513 1007 1561 1033 pro
1576 1002 1693 1027 maximo

893 1036 1038 1071 habebant,
1055 1043 1082 1066 et
1105 1041 1175 1068 unde
1196 1049 1225 1069 se
1247 1045 1421 1079 protegebant
1447 1048 1648 1080 temporaliter,
1665 1052 1693 1075 et

893 1090 973 1115 quam
991 1083 1119 1112 adversus
1147 1087 1231 1114 Deum
1246 1096 1292 1122 per
1319 1091 1531 1119 incredulitatem
1552 1094 1693 1126 gerebant.

895 1128 927 1155 Et
941 1129 1038 1157 deinde
1053 1131 1136 1158 vietor
1152 1132 1234 1160 David
1257 1141 1359 1170 noster,
1382 1136 1416 1164 de
1431 1139 1526 1164 castris
1541 1146 1634 1166 eorem
1650 1147 1694 1167 re-

894 1182 1014 1209 gressus,
1033 1179 1197 1207 transcendit
1209 1180 1234 1206 in
1250 1181 1416 1211 altitudinem
1433 1186 1533 1211 montis
1547 1186 1689 1213 coelorum.

1184 1234 1300 1263 CAPUT
1320 1237 1389 1264 xlx.

1031 1276 1071 1303 De
1083 1286 1171 1312 peyna
1190 1278 1276 1306 David
1291 1289 1348 1308 cum
1359 1283 1538 1311 Amalechieis.

930 1320 954 1347 l.
976 1321 1077 1349 lnterea
1091 1322 1196 1358 fugiens
1208 1324 1302 1359 David,
1317 1327 1379 1354 dum
1397 1336 1517 1363 pergeret
1531 1339 1592 1359 eum
1606 1333 1688 1362 Aeliis

892 1372 955 1399 rege
974 1366 1179 1395 Philistinorum
1192 1371 1219 1396 in
1247 1372 1368 1405 pra-lium
1385 1375 1513 1403 adversus
1539 1377 1631 1412 lsrael,
1649 1380 1688 1407 in.-

891 1416 1032 1445 surgentes
1040 1413 1214 1442 Amalecbitae
1228 1417 1364 1445 irruerunt
1376 1419 1402 1446 in
1415 1420 1529 1457 Siceleg,
1545 1428 1689 1452 etsuccen-

891 1455 985 1484 dentes
1001 1465 1071 1493 eam,
1085 1461 1256 1494 captivarunt
1270 1465 1361 1492 omnia
1376 1474 1435 1500 quae
1460 1475 1534 1496 erant
1555 1470 1637 1498 David
1662 1478 1689 1500 et

892 1509 1035 1534 puerorum
1049 1505 1117 1540 ejus.
1134 1507 1266 1537 Reversus
1277 1518 1342 1547 ergo
1352 1513 1433 1540 David
1446 1515 1477 1541 ad
1487 1521 1687 1552 persequendos

888 1546 1081 1583 Amalectutas,
1089 1552 1352 1590 iuvenitAEgyptium
1363 1566 1471 1592 puerum
1482 1561 1685 1598 lassescentem,

889 1602 968 1629 quem
986 1597 1159 1625 Amalechitae
1176 1605 1306 1634 aegrotum
1323 1603 1350 1629 in
1365 1603 1462 1640 iu‘nere
1476 1607 1647 1642 reliquerant.

925 1639 951 1666 2.
974 1640 1048 1668 llunc
1063 1648 1151 1670 autom
1175 1644 1256 1672 David
1271 1647 1409 1676 inventum
1422 1651 1482 1678 cibo
1508 1653 1600 1680 rel‘ecit
1613 1677 1620 1687 ‚
1638 1655 1687 1681 du-

888 1693 999 1720 cemque
1021 1690 1061 1715 sui
1079 1690 1160 1725 52ss
1174 1691 1276 1720 itineris
1292 1693 1363 1722 fecit.
1389 1695 1486 1732 sicque
1502 1699 1685 1729 Amalechitas

889 1733 1071 1765 persequitur,
1086 1737 1278 1771 epulantesque
1290 1741 1399 1773 reperit,
1413 1747 1438 1768 et
1452 1742 1571 1771 funditus
1583 1747 1686 1773 exstin-

887 1777 952 1811 guit.
967 1779 1034 1811 Quid
1047 1785 1087 1806 est
1103 1782 1185 1814 enim,
1199 1783 1268 1816 quod
1278 1783 1420 1820 AEgyptius
1432 1789 1605 1818 Amalechitae
1618 1799 1685 1826 puer

888 1822 915 1849 in
930 1823 1026 1852 itinere
1040 1826 1164 1860 lassatur,
1179 1829 1230 1855 nisi
1240 1830 1311 1863 quod
1322 1837 1426 1858 amator
1438 1835 1579 1867 praesentis
1592 1837 1684 1863 saeculi

889 1870 992 1901 peccati
1006 1870 1048 1897 sui
1059 1872 1198 1906 nigredine
1211 1879 1331 1908 opertus,
1347 1884 1419 1912 saepe
1430 1879 1464 1905 ab
1474 1881 1569 1907 eodem
1583 1884 1683 1909 saeculo

888 1913 1011 1942 infirmus
1023 1915 1219 1953 despectusque
1229 1921 1398 1956 relinquitur,
1416 1928 1444 1950 ut
1457 1932 1518 1951 enm
1533 1934 1566 1953 eo
1578 1935 1679 1961 nequa-

888 1966 968 1994 quam
978 1968 1087 1990 currere
1111 1965 1208 1998 valeat,
1223 1967 1271 1994 sed
1286 1968 1387 1997 fractus
1401 1970 1562 2000 adversitate
1577 1978 1682 2009 torpes-

887 2005 948 2032 cat?

924 2050 950 2077 5.
973 2051 1026 2080 Sed
1041 2053 1112 2082 hunc
1126 2053 1209 2083 David
1221 2057 1332 2092 invenit,
1342 2060 1402 2094 quia
1415 2060 1580 2097 Redemptor
1587 2070 1681 2093 noster

887 2097 1019 2125 veraciter
1033 2106 1114 2127 manu
1128 2099 1208 2128 fortis
1222 2109 1418 2138 nonnunquam
1427 2114 1494 2140 quos
1509 2108 1650 2143 despectos
1663 2119 1678 2138 a

887 2143 979 2169 mundi
994 2144 1077 2178 gloria
1091 2148 1201 2180 reperit,
1216 2155 1265 2176 suo
1279 2158 1370 2178 amore
1386 2154 1529 2186 convertit,
1547 2155 1607 2183 cibo
1619 2164 1681 2191 pas-

888 2187 936 2220 cit,
951 2189 1012 2222 quia
1029 2190 1101 2217 verbi
1117 2191 1229 2219 scientia
1243 2194 1339 2223 reiicit.
1357 2196 1457 2225 Ducem
1474 2199 1577 2228 itineris
1603 2201 1677 2238 fecit,

849 2221 876 2252 D
888 2233 950 2267 quia
965 2240 1043 2262 suum
1055 2236 1136 2263 etiam
1154 2238 1356 2272 praedicatorem
1371 2242 1442 2270 facit.

923 2279 949 2306 t.
971 2279 1003 2307 Et
1017 2282 1062 2316 qui
1078 2282 1274 2313 Amalechitarn
1289 2288 1363 2322 sequi
1380 2297 1431 2317 non
1443 2291 1544 2324 valuit,
1561 2292 1613 2319 dux
1627 2293 1679 2321 Da-

885 2324 931 2352 vid
943 2326 1070 2360 efficitur,
1083 2328 1144 2363 quia
1156 2330 1180 2357 is
1189 2339 1268 2366 quem
1280 2332 1416 2368 indignum
1424 2337 1537 2364 mundus
1546 2338 1677 2374 deseruit,

884 2377 938 2398 non
953 2372 1039 2399 solum
1055 2381 1201 2403 cmtversus
1216 2377 1324 2405 insuam
1340 2385 1456 2407 mentem
1473 2381 1555 2409 Deum
1567 2384 1674 2418 recipit,

883 2416 930 2444 sed
945 2418 1114 2451 praedicando
1139 2421 1212 2450 hunc
1226 2423 1310 2451 etiam
1329 2431 1413 2458 usque
1431 2425 1466 2453 ad
1483 2427 1568 2454 aliena
1593 2430 1674 2458 eorda

883 2464 1016 2499 perducit.
1024 2467 1081 2498 Quo
1089 2467 1214 2496 videlieet
1224 2469 1303 2504 duce,
1316 2470 1398 2498 Dauid
1409 2473 1601 2502 Amaleehitam
1609 2482 1674 2504 con-

883 2509 1019 2537 vivantem
1031 2510 1144 2544 invenit,
1159 2518 1187 2540 et
1205 2515 1364 2550 exstinguit,
1378 2517 1442 2551 quia
1455 2517 1590 2553 Christus,
1607 2521 1674 2556 ipsis

882 2554 1099 2590 praedicantibus,
1108 2558 1200 2586 mundi
1215 2558 1335 2589 laetitiam
1341 2562 1465 2597 destruit,
1479 2572 1550 2600 quos
1557 2567 1676 2597 muudus

882 2600 998 2629 comites
1012 2600 1113 2630 babere
1123 2602 1261 2638 despexit.

882 2667 968 2695 minus
985 2675 1091 2703 reanum
1118 2667 1203 2696 In‘eel
1224 2679 1240 2698 e
1264 2675 1289 2698 u
1307 2671 1404 2707 hoen,
1429 2679 1459 2703 οι-
1473 2676 1583 2704 ιναόὶώᾌ
1604 2677 1673 2706 tune

883 2704 1000 2737 proximo
1013 2709 1058 2729 tuo
1073 2703 1171 2730 meliori
1185 2709 1219 2731 te.
1241 2707 1326 2734 Anav-

917 2737 982 2765 Cn.
995 2745 1071 2766 xvut.
1083 2738 1122 2767 N..
1133 2739 1158 2766 t.
1173 2738 1310 2776 luamu-
1319 2746 1366 2775 ue.
1381 2747 1435 2774 ete.
1453 2745 1516 2774 At:
1527 2745 1570 2774 ht·
1587 2752 1674 2776 cm

881 2772 1638 2851 aa,warw'mss-„seamfflmfflm”
1620 2791 1675 2833 2·-
