1832 3016
61 91 128 120 ¹00¹

652 91 699 120 nt:
716 91 862 122 NATURA
880 93 1002 125 nEttutt
1022 96 1135 127 ultien.

1635 105 1704 135 1002

95 150 123 178 2.
147 148 276 179 Salomon
301 153 391 178 autem
413 157 473 178 cum
494 149 597 178 diceret
615 149 651 178 dc
663 151 721 179 sole
733 160 740 178 ι
752 151 854 188 Gyrans
867 154 895 184 Α
907 153 971 183 libet
985 161 1088 191 partem
1101 157 1248 193 eruperint,
1265 166 1362 195 magno
1374 167 1538 197 concrepant
1551 170 1700 200 murmure,

59 197 175 233 oprando
192 197 260 224 vadit
279 197 394 233 spiritus,
417 201 441 223 et
463 197 491 223 in
512 196 622 224 circulos
636 205 696 225 snos
711 199 852 232 revertitur,

58 243 177 271 ostendit
201 245 288 279 ipsum
311 243 394 272 solem
409 243 531 278 spiritum
547 251 619 277 esse,
633 249 660 272 et
671 247 742 279 qnod
755 247 855 274 animal

59 290 105 322 sit,
121 295 148 318 et
158 291 251 326 spiret,
264 295 291 328 et
310 290 407 326 vigeat,
423 294 450 317 et
464 297 569 318 annuos
583 291 664 319 orbes
687 300 751 320 suos
773 300 853 321 cursu

59 337 177 373 expleat,
192 338 263 365 sicut
276 341 304 373 et
318 340 395 371 poeta
410 336 464 365 ait:

151 383 250 409 Interea
259 388 375 414 magnum
387 383 422 408 sol
435 383 631 411 circumvolvitur
646 391 744 411 annum.

58 422 92 452 Et
103 423 167 452 alibi
181 433 189 452 τ

151 468 334 501 Lucentemqne
346 470 446 501 globum
458 470 533 503 lunae,
544 471 691 503 Titaniaque
703 476 767 498 astra

149 500 255 531 Spiritus
264 501 327 526 intus
337 502 388 527 alit.

56 541 232 577 Quapropter,
263 542 287 570 si
312 550 424 578 corpora
451 544 589 572 stellarum
618 545 722 573 animas
742 545 851 580 liabent,

56 587 229 622 quaerendum
243 588 307 624 quid
327 589 422 617 iuturae
437 590 492 617 sint
506 591 532 617 in
548 591 757 619 resurreetione.

333 634 447 664 CAPUT
470 635 588 664 xxvtn.

387 680 426 708 De
436 687 518 709 nocte.

89 726 117 753 t.
131 726 302 754 Ambrosium
331 727 358 755 in
377 727 446 755 libro
466 728 652 757 Rexaemeron
682 729 734 764 legi
761 729 852 757 dicen-

53 774 107 799 tem
121 780 128 798 ;
146 781 155 798 t
169 772 304 806 Quaeritur
315 774 429 808 qualiter
444 775 559 809 spatium
576 775 646 802 aeris
666 780 780 810 occupet
793 783 852 803 um-

53 818 100 845 bra
115 823 192 846 terrae
207 819 327 848 efficiens
342 820 418 848 nobis
438 827 543 849 noctem
556 841 564 855 ‚
590 830 650 850 cum
666 823 706 850 sol
720 823 821 850 recedit
835 829 849 849 a
866 839 890 870 B

55 865 132 893 nobis
147 866 271 901 diemque
284 867 404 901 obducit,
429 875 489 896 cum
511 868 639 896 inferiora
661 869 718 897 axis
740 874 848 904 septen-

51 911 174 940 trionalis
200 913 342 941 illuminat.
364 914 450 942 Omne
471 915 543 942 enim
557 923 654 951 corpus
676 917 798 944 umbram
815 917 851 945 ia-

50 956 96 989 cit,
119 963 145 985 et
164 959 321 987 naturaliter
340 961 436 988 umbra
458 963 564 996 corpori
587 963 719 997 adhaeret,
738 964 806 991 adeo
822 969 851 992 ut

50 1003 130 1030 etiam
154 1004 270 1039 pictores
292 1006 400 1034 umbras
415 1014 557 1042 corporum
571 1017 630 1044 quac
651 1010 785 1044 pinxerint
807 1011 848 1038 ni-

51 1053 139 1076 tantur
165 1051 331 1085 exprimere,
361 1052 440 1087 idque
465 1054 531 1081 artis
558 1061 619 1082 esse
642 1061 766 1084 asserant
792 1063 846 1084 non

52 1094 229 1124 intermittere
243 1098 296 1124 vim
317 1103 431 1126 naturae.
808 1132 811 1135 ,

86 1141 114 1168 2.
141 1142 211 1177 Ergo
236 1143 304 1170 sicut
328 1144 353 1171 in
374 1145 419 1172 die
438 1153 497 1173 cum
520 1153 535 1173 a
555 1151 632 1182 parte
654 1148 718 1175 solis
742 1149 850 1184 aliquod

51 1191 146 1219 :orpus
162 1186 279 1215 bominis
295 1189 335 1216 vel
349 1189 453 1217 arboris
467 1192 594 1227 occurrit,
611 1200 644 1220 ex
659 1201 690 1220 ea
707 1199 782 1228 parte
797 1203 849 1230 qua

51 1232 139 1260 lumen
151 1235 331 1268 repercutitur
338 1237 431 1264 umbra
442 1238 576 1272 subsistit;
589 1239 642 1275 43
654 1240 692 1267 sic
702 1248 762 1268 cnm
776 1249 850 1270 rece-

49 1278 129 1306 dente
136 1279 179 1306 die
185 1281 224 1307 sol
233 1281 266 1308 ad
275 1288 336 1308 eum
345 1282 431 1309 locum
442 1285 593 1318 pervenerit
600 1285 643 1312 ubi
654 1286 776 1314 occidere
785 1287 849 1315 dici-

48 1327 102 1356 tur,
114 1324 148 1351 ibi
157 1326 285 1353 montium
294 1328 475 1362 magnitudine
486 1337 499 1355 a
508 1330 585 1357 nobis
597 1336 748 1366 separatur,
758 1333 849 1367 sicque

49 1373 128 1397 terrae
143 1371 249 1406 objectu
261 1380 276 1400 a
290 1375 493 1408 septentrionali
507 1382 581 1410 parte
602 1377 778 1406 obumbratur
790 1387 847 1414 aer,

49 1414 116 1443 adeo
124 1420 151 1443 ut
159 1417 234 1445 nobis
245 1423 349 1447 noctem
358 1420 455 1447 efficiat
462 1420 520 1448 haec
532 1422 588 1456 ipsa
598 1423 691 1452 umbra
704 1428 846 1454 terrarum.

333 1477 446 1505 CAPUT
473 1477 559 1506 XXIX
566 1499 573 1505 .

354 1520 393 1548 De
410 1522 532 1550 tonitruo.

84 1566 109 1593 1.
133 1564 262 1596 Tonitrua
286 1573 375 1597 autem
395 1577 427 1597 ex
458 1568 563 1606 fragore
586 1571 695 1600 nubium
711 1580 842 1609 generan-

47 1614 99 1638 tur.
125 1612 252 1648 Concepti
278 1615 349 1642 enim
375 1616 443 1643 intra
466 1617 554 1644 sinum
571 1619 681 1647 nubium
698 1626 839 1650 ventorum

46 1656 155 1691 spiritus
169 1665 310 1688 versantur
323 1661 432 1690 ibidem.
453 1664 572 1699 Cumque
596 1666 769 1696 veliementer
781 1677 841 1698 sese

45 1708 163 1743 erupturi
175 1708 303 1743 eliserint,
318 1715 345 1737 et
360 1709 464 1738 virtutis
475 1718 531 1739 suae
545 1713 694 1743 mobilitate
708 1715 735 1743 in
746 1723 841 1751 quam-

81 1804 107 1831 Ξ.
121 1804 294 1836 Quaerendum
308 1806 370 1841 quid
385 1809 478 1842 suturae
489 1810 540 1837 sint
550 1811 576 1838 in
589 1820 684 1842 resurr.
706 1815 842 1852 Leguntur

45 1838 103 1866 naec
125 1841 151 1867 in
167 1848 290 1904 msswo.
316 1850 375 1877 quae
398 1844 525 1872 videntur
540 1853 646 1882 sumpta
662 1857 677 1877 e
693 1850 740 1880 lib.
767 1861 782 1880 x
807 1856 841 1884 de

46 1875 140 1908 civit„
155 1883 183 1903 ca
207 1895 214 1902 .
268 1898 274 1903 .

59 1931 65 1938 .
80 1907 148 1937 Ibid.
172 1884 204 1938 ¹¹1¹>
221 1912 348 1948 Vulgata:
367 1913 448 1949 Gyrae
464 1924 508 1951 per
524 1919 654 1946 meridiem
665 1941 673 1953 ,
688 1927 712 1949 et
726 1924 840 1957 flectitur

45 1945 78 1971 ad
100 1946 252 1981 Aquilonem
262 1969 268 1980 ,
295 1948 407 1976 lustrans
432 1952 548 1979 universa
573 1955 599 1982 in
625 1957 733 1984 circuitu
757 1963 839 1994 perqit

44 1981 166 2015 spiritus,
181 1987 204 2009 et
218 1983 244 2009 in
259 1983 368 2011 circulos
383 1993 443 2013 suos
456 1989 599 2016 revertitur.
618 1991 717 2020 Versus
732 1994 835 2028 Virgilii

45 2017 146 2077 erimus
165 2023 252 2045 exstat
267 2019 314 2046 lib.
332 2027 351 2046 11
367 2021 488 2054 AEneid.‚
503 2022 556 2049 384
567 2045 574 2057 ‚
589 2026 632 2052 alii
649 2027 694 2054 lin.
713 2037 754 2062 vt,
771 2031 834 2057 724.

68 2052 132 2078 erba
150 2052 320 2088 Quapropter,
338 2060 390 2082 etc.
406 2057 504 2085 absunt
519 2059 553 2086 ab
568 2061 692 2090 Editione
714 2065 834 2099 utitiqna.

44 2085 143 2113 Confer
159 2095 218 2122 cap.
235 2088 260 2115 5.
279 2086 339 2116 libri
353 2091 386 2117 de
401 2091 500 2120 Ordine
515 2101 706 2124 creaturarum.
722 2100 806 2126 Anzv.

79 2122 144 2148 Gn.
162 2130 238 2164 x-vnt.
250 2124 282 2151 N.
299 2125 324 2151 i.
340 2125 502 2154 Ambrosium
515 2129 541 2155 in
553 2130 630 2159 Libro
644 2135 834 2164 flexaenteron.

43 2163 81 2190 iv,
96 2165 125 2184 ca
149 2177 155 2184 .
172 2166 198 2186 o.

78 2192 106 2219 2.
123 2165 163 2219 gd
175 2201 231 2220 eum
245 2194 327 2222 locum
340 2198 482 2231 pervenerit
502 2200 545 2226 ubi
559 2203 673 2230 occidere
684 2205 789 2240 dicitur,
803 2208 838 2235 itn·

45 2229 169 2255 montium
180 2231 356 2264 maqm'tudine
366 2241 382 2259 a
394 2234 466 2260 nobis
478 2242 623 2268 separatur.
636 2239 691 2266 Non
704 2247 766 2269 sunt
780 2245 837 2271 lioec

45 2262 190 2325 Ambrosii,
206 2266 255 2292 sed
269 2266 365 2302 Hygini
377 2269 458 2296 verba
473 2273 598 2305 superius
612 2281 672 2308 cap.
687 2275 719 2302 21
733 2284 748 2304 a
759 2279 837 2306 nobis

43 2303 73 2325 re
83 2303 138 2326 aia.

79 2333 150 2361 tbict.
171 2334 265 2371 Sicque
288 2340 362 2364 terroe
381 2338 491 2374 obiectu,
517 2350 532 2368 a
554 2346 746 2378 septentrionali
782 2355 838 2378 arte

44 2367 276 2410 obumbratur-aer.
288 2372 374 2400 Voces
391 2382 406 2400 a
431 2378 622 2408 septentrionali
636 2388 717 2414 parte,
736 2392 749 2410 a
771 2385 838 2412 didit

44 2402 107 2431 lsid.
123 2412 183 2438 quae
193 2406 280 2440 aptius
291 2408 486 2438 collocarentur
500 2413 539 2440 sic
555 2422 561 2440 ε
579 2414 751 2445 obumbratur
763 2429 808 2447 aer
821 2429 837 2447 a

43 2439 238 2472 septentrionali
260 2446 342 2476 parte,
365 2451 400 2472 ne
413 2445 493 2480 obiici
508 2452 578 2476 terra
594 2451 730 2480 videretur
754 2463 769 2482 a
793 2464 838 2484 se-

43 2478 215 2508 ptentrtonatt
226 2482 311 2510 parte.

81 2509 146 2536 Cir.
156 2517 231 2537 xxix.
243 2525 278 2530 —
292 2511 325 2539 N.
338 2513 363 2542 i.
376 2513 510 2546 Tonitrua.
522 2518 602 2548 Amb.
619 2521 666 2549 lib.
681 2531 711 2556 n,
726 2532 785 2560 cap.
798 2526 816 2553 4
828 2536 835 2553 ε

45 2542 210 2578 Νεᾳιιεεπόηι
223 2545 410 2579 firmamentum
427 2550 476 2578 ltoc
489 2557 570 2586 potest
583 2557 638 2584 sine
651 2559 738 2593 aliquo
753 2563 839 2596 rumpi

29 2603 31 2610 ,
43 2577 158 2615 sruqore,
171 2584 215 2620 aut
225 2583 364 2622 penetrari.
377 2583 482 2614 Unam
491 2587 524 2615 dc
530 2591 678 2628 tonitribus,
683 2602 742 2629 quoe
747 2604 838 2624 eonce-

29 2626 32 2647 3
43 2618 88 2649 pto
95 2616 162 2641 intra
169 2622 254 2654 qtnttm
262 2617 366 2645 nubtum
372 2620 465 2652 spiritu
473 2629 532 2650 cunt
538 2625 726 2656 “uehementer
733 2637 838 2667 eruptu-

27 2657 32 2676 i
42 2654 89 2678 m
99 2648 202 2683 eliserit.
211 2656 304 2685 maana
309 2660 461 2690 concrepant
469 2658 565 2692 sortitu,
571 2660 608 2687 cit
620 2661 679 2690 Scri
697 2669 755 2692 tura
763 2674 773 2693 .-
782 2666 837 2695 Fir-

29 2689 32 2710 ι
43 2689 122 2715 mons
133 2685 260 2712 tonitrua.
271 2686 398 2722 Suspicor
405 2694 496 2719 nutem
509 2694 591 2722 verba
601 2695 659 2724 baec
685 2699 768 2728 sidori
779 2709 788 2728 z
801 2702 837 2730 Et

27 2726 33 2743 t
84 2725 180 2747 morem
194 2721 366 2751 exsilientium
382 2724 415 2752 de
434 2726 543 2756 stabulis
555 2731 743 2768 quadrigarum
758 2743 838 2766 nnuc

28 2758 33 2789 Ι
150 2756 261 2792 ἰῙιιιαά
268 2765 343 2786 aureo
349 2762 450 2787 nostra:
463 2762 596 2799 emittitur,
609 2765 755 2797 desiderari
765 2773 836 2807 apud

27 2803 33 2824 ‚
114 2791 214 2819 mium
239 2793 459 2831 restituendcquo
482 2804 517 2825 ex
539 2798 689 2831 tuoe-locoe
703 2809 767 2834 ante
789 2804 836 2836 illa

28 2827 33 2843 ·
146 2825 183 2853 ait
195 2825 354 2863 Scriptura,
378 2834 410 2857 ut
421 2833 575 2866 parenthesi
596 2835 777 2875 includantur.
794 2846 837 2871 to-

25 2856 34 2892 i
88 2866 140 2906 Ηιιι
153 2860 229 2898 locus
239 2860 286 2892 4ἱιιι
305 2864 430 2900 legatur:
450 2866 546 2904 ivoque·
558 2870 628 2899 anim
640 2873 835 2907 >firmamentum

262 2909 389 2944 aanor.
415 2912 594 2949 Lxxxlll.

906 206 934 230 et
952 203 978 230 in
998 212 1100 233 morem
1123 205 1303 235 exsilientium
1326 208 1361 236 de
1386 209 1499 237 stabulis
1513 211 1701 247 quadrigarum

906 255 989 276 sonus
1004 250 1116 285 fragoris
1129 250 1189 286 ejus
1200 252 1233 279 ad
1248 261 1327 282 aures
1342 260 1449 284 nostras
1462 257 1603 285 emittitur.

940 294 968 322 2.
995 295 1070 324 Alias
1084 301 1172 326 autem
1197 299 1344 328 tonitruum
1366 301 1465 330 divinae
1487 305 1561 331 vocis
1585 311 1700 339 superna

905 344 946 368 est
959 341 1119 377 increpatio,
1135 345 1193 373 sive
1209 346 1282 374 clara
1296 348 1450 382 praedicatio
1460 354 1627 385 sanctorum,
1641 359 1701 387 quae

904 385 1022 415 clamore
1037 387 1100 416 sorti
1115 397 1163 424 per
1176 395 1264 419 totum
1287 393 1380 422 orbem
1399 398 1532 424 terrarum
1547 397 1574 425 in
1589 398 1700 426 auribus

904 432 1023 461 ssdclium
1046 437 1198 472 perstrepit,
1222 446 1270 474 per
1292 441 1364 474 quod
1379 443 1465 477 possit
1493 444 1598 480 culpam
1623 453 1699 474 suam

904 478 1059 508 admonitus
1074 488 1221 516 agnoscere
1234 486 1360 515 mundus.

1153 530 1208 566 44
1226 531 1340 561 CAPUT
1366 534 1451 563 XXX.

1197 576 1236 604 De
1258 578 1417 611 fulminibus.

941 621 966 647 l.
979 621 1063 649 Aiunt
1073 623 1233 652 naturalium
1245 630 1410 655 scrutatores
1419 635 1573 665 causarum,
1585 632 1656 667 quod
1670 641 1701 661 ex

904 667 1043 697 collisione
1053 673 1132 704 atque
1144 671 1238 699 attritu
1246 672 1358 700 nubium
1372 673 1477 710 fulgura
1490 683 1652 711 generentur
1669 679 1700 706 ad

903 713 988 742 instar
994 715 1099 743 silicum
1106 716 1244 745 duriorum
1254 726 1320 753 quos
1328 727 1388 748 cum
1399 723 1577 756 compulseris
1585 724 1700 753 invicem

904 761 964 795 sibi,
975 763 1079 790 medius
1088 771 1119 791 ex
1128 764 1169 792 liis
1180 764 1248 801 ignis
1255 767 1378 800 elabitur,
1389 769 1429 796 vel
1440 769 1663 804 quemadmodum
1679 774 1701 800 si

904 807 1004 843 lignum
1029 810 1100 844 ligno
1111 818 1165 844 raS,
1182 811 1269 846 ignem
1285 813 1392 842 emittit.
1420 815 1494 843 Unde
1509 821 1536 844 et
1550 817 1678 852 Papinius
1693 828 1699 845 ;

981 854 1138 888 Fulguraque
1153 859 1240 883 attritis
1253 861 1370 891 quotiens
1380 863 1490 888 micuere
1502 864 1624 895 procellis.

904 896 958 924 llac
974 897 1062 933 itaque
1075 900 1189 933 ratione,
1204 909 1267 929 cum
1283 903 1374 931 nubila
1387 903 1503 933 invicem
1517 907 1544 934 in
1557 914 1587 935 se
1599 907 1700 936 luerint

902 943 1007 977 collisa,
1034 945 1105 973 illico
1121 946 1232 976 fulmina
1254 951 1407 979 mittuntur.

937 991 963 1018 Ξ.
980 992 1083 1021 Dehinc
1098 1000 1245 1029 sequuntur
1261 998 1386 1031 tonitrua,
1403 1006 1462 1034 quae
1475 1000 1536 1028 licet
1547 1001 1635 1029 sonitu
1648 1007 1700 1030 tar-

902 1036 975 1064 diora
1003 1043 1075 1071 sunt,
1102 1041 1263 1074 praecedenti
1289 1045 1413 1072 concussi
1437 1045 1544 1074 luminis
1567 1048 1698 1083 claritate,

903 1083 1002 1116 pariter
1025 1089 1113 1112 tamen
1128 1093 1188 1114 cum
1215 1087 1319 1122 fulgure
1339 1091 1507 1119 emittuntur.
1532 1093 1584 1120 Sed
1606 1102 1700 1123 eorum

901 1130 1006 1157 sonitus
1028 1131 1128 1160 tardius
1143 1138 1265 1168 penetrat
1283 1143 1362 1164 aures
1375 1145 1455 1172 quam
1468 1140 1560 1167 oculos
1574 1142 1700 1175 splendor

901 1175 1024 1210 fulguris,
1040 1178 1073 1205 ad
1091 1179 1174 1206 instar
1192 1182 1294 1209 securis
1314 1183 1435 1211 arborem
1451 1187 1544 1220 procul
1559 1188 1699 1222 caedentis,

901 1222 977 1257 cujus
986 1224 1093 1258 quidem
1107 1230 1169 1254 ante
1183 1228 1270 1255 cernis
1281 1229 1363 1257 ictum
1374 1238 1452 1265 quam
1467 1232 1499 1259 ad
1514 1240 1592 1261 aures
1605 1242 1699 1268 perve-

901 1269 957 1297 niat
970 1271 1084 1299 sonitus.
1112 1272 1182 1308 Ergo
1201 1275 1309 1303 nubium
1337 1278 1428 1305 attritu
1450 1279 1560 1307 fulmina
1582 1289 1700 1309 nascun-

902 1319 953 1343 tur.
977 1316 1118 1352 Nunquam
1134 1320 1206 1348 enim
1221 1327 1318 1349 sereno
1332 1324 1401 1352 coelo
1415 1325 1520 1360 fulgura
1535 1327 1696 1357 micuerunt.

901 1361 978 1391 Unde
1001 1369 1028 1392 et
1052 1365 1176 1400 Virgilius
1190 1377 1196 1393 :

1003 1410 1130 1472 Flyoligmiaas
1141 1412 1204 1438 coelo
1213 1414 1357 1441 ceciderunt
1369 1417 1438 1447 plura
1450 1424 1541 1444 sereno

1025 1448 1040 1466 u
1068 1449 1097 1466 ur
1115 1461 1120 1467 .

934 1482 960 1509 5.
972 1482 1014 1510 Fit
1023 1484 1094 1511 enim
1104 1484 1204 1514 tulmen
1219 1487 1301 1521 nube,
1314 1488 1399 1518 imbre
1414 1495 1442 1518 et
1452 1496 1543 1519 vento.
1555 1493 1622 1521 Nam
1635 1502 1695 1522 cnm

858 1522 882 1554 C
899 1533 995 1556 ventus
1008 1529 1034 1557 in
1048 1531 1163 1559 nubibus
1178 1534 1354 1563 vehementer
1368 1538 1484 1572 agitatus
1498 1545 1550 1573 est,
1566 1542 1604 1568 sic
1619 1542 1695 1570 inea-

896 1574 983 1609 lescit,
1001 1581 1030 1603 ut
1046 1578 1214 1606 incendatur.
1232 1581 1344 1615 Dehinc,
1362 1589 1389 1610 ut
1407 1585 1563 1618 praedictum
1579 1593 1629 1620 est,
1642 1589 1695 1616 sul-

894 1630 960 1658 gura
975 1631 1002 1652 et
1018 1625 1135 1654 tonitrua
1151 1626 1230 1655 simul
1245 1630 1441 1665 exprimuntur.
1465 1633 1518 1661 Sed
1533 1634 1599 1663 illud
1616 1637 1693 1665 ceie-

895 1672 952 1698 rius
968 1671 1075 1700 videtur
1096 1674 1157 1709 quia
1177 1675 1279 1703 clarum
1304 1683 1355 1711 est,
1372 1678 1424 1707 boc
1440 1685 1527 1708 autem
1546 1682 1646 1710 tardius
1661 1686 1694 1712 ad

894 1725 972 1747 aures
988 1720 1117 1754 pervenit.
1145 1721 1210 1750 Post
1228 1722 1349 1752 fulminis
1369 1730 1458 1754 autem
1470 1727 1582 1764 iactum,
1600 1736 1694 1759 vento-

893 1823 942 1851 hoc
966 1828 1047 1858 polest
1068 1826 1122 1851 sine
1142 1824 1230 1859 aliquo
1246 1827 1332 1860 rumpi
1351 1830 1465 1863 sraqore,
1488 1836 1531 1857 aut
1554 1836 1691 1866 penetrari,

894 1859 958 1886 Ideo
975 1866 998 1887 ει
1013 1861 1199 1894 firmmnentuni
1216 1862 1320 1895 dicitur,
1338 1866 1407 1898 quod
1427 1874 1477 1892 non
1500 1868 1532 1893 sit
1549 1869 1691 1896 invalidum

893 1903 972 1929 neque
989 1897 1131 1922 remissum.
1152 1896 1227 1923 Unde
1243 1903 1267 1924 ct
1283 1898 1314 1924 cte
1330 1900 1466 1927 tonitribus
1484 1902 1551 1937 (quw
1569 1912 1690 1939 conceptu

892 1931 960 1957 intra
972 1932 1056 1957 sinunt
1072 1932 1177 1958 nubium
1192 1933 1284 1966 spiritu
1299 1942 1358 1960 cunt
1372 1944 1398 1962 se
1411 1936 1571 1965 veliementer
1584 1948 1676 1972 erupta
1685 1957 1692 1962 -

891 1974 936 1993 rus
949 1967 1056 1997 eliserit,
1073 1975 1167 2001 ntnyno
1182 1975 1336 1999 concrepant
1349 1972 1444 2005 sonitu,
1459 1978 1483 1999 et
1496 1973 1522 1999 in
1538 1983 1631 2002 moreni
1649 1985 1693 2002 eat—

891 2002 1031 2028 sinensium
1047 2003 1078 2028 de
1092 2003 1199 2029 stabulis
1214 2005 1399 2039 quadrigarum
1418 2015 1496 2034 sonus
1509 2009 1621 2044 fragoris
1637 2013 1692 2046 ejus

891 2037 925 2063 ad
938 2045 1012 2063 aures
1024 2043 1125 2064 nostras
1140 2039 1274 2074 entiltitur)
1289 2044 1325 2067 ait
1341 2041 1488 2076 Scriptura.

925 2072 991 2099 Can.
1005 2081 1068 2099 xxx.
1081 2088 1115 2093 —-
1131 2074 1164 2100 N.
1182 2075 1208 2101 ¹1.
1230 2075 1308 2101 Aiunt
1323 2078 1480 2105 naturalium
1500 2086 1689 2110 scrutatores...

891 2108 1020 2141 perveniat
1040 2109 1148 2136 conitus.
1170 2109 1346 2139 Concinnavit
1371 2114 1428 2142 ltoec
1446 2122 1480 2142 ex
1501 2116 1617 2145 Lucretii
1631 2126 1691 2146 ver-

852 2158 879 2190 υ
891 2143 965 2170 sibus
982 2143 1065 2172 hisee.
1084 2145 1130 2172 lib.
1145 2153 1172 2172 vi
1185 2155 1192 2172 :

969 2208 1060 2239 Fulget
1077 2210 1137 2234 item
1149 2211 1229 2236 nubes
1239 2213 1304 2243 ignis
1314 2219 1368 2238 cum
1381 2217 1476 2240 semina
1487 2219 1562 2244 multa

967 2239 1107 2266 Excussere
1119 2248 1164 2266 suo
1175 2249 1307 2275 concursu,
1322 2252 1368 2270 een
1381 2246 1485 2278 lapidem
1498 2251 1518 2273 si

969 2270 1093 2296 Percutiat
1103 2272 1174 2304 lapis,
1183 2279 1225 2300 aut
1237 2276 1328 2300 ferrum
1337 2284 1344 2306 ;
1354 2284 1408 2302 nain
1418 2283 1476 2304 tunc
1485 2282 1672 2312 qnoquelumcn

969 2301 1065 2333 Exstht,
1080 2308 1106 2328 et
1118 2305 1196 2329 claras
1213 2306 1332 2331 scintillas
1343 2308 1446 2340 dissipat
1459 2312 1530 2341 ignis.

968 2333 1017 2357 sed
1030 2335 1146 2359 tonitrum
1159 2336 1185 2360 fit
1197 2342 1231 2362 uti
1245 2339 1300 2369 post'
1311 2340 1410 2364 auribus
1422 2343 1569 2371 accipiamus

967 2363 1078 2394 fulgere
1089 2373 1162 2396 quim
1173 2373 1277 2393 cernant
1288 2370 1364 2399 oculi,
1375 2373 1431 2401 quia
1444 2379 1543 2403 semper
1557 2374 1586 2398 ad
1597 2381 1672 2401 aures

967 2395 1072 2420 'l'ardius
1083 2398 1226 2429 adveniunt,
1236 2407 1307 2430 quam
1321 2402 1407 2431 visum,
1418 2409 1472 2432 quae
1481 2408 1594 2429 moveant
1605 2413 1653 2432 res.

968 2426 995 2450 ld
1008 2427 1064 2451 lieet
1079 2428 1135 2452 binc
1148 2431 1222 2454 etiam
1234 2437 1394 2462 cognoscere,
1409 2433 1506 2459 caedere
1518 2435 1538 2459 si
1550 2442 1625 2466 quem

968 2458 1073 2487 Ancipiti
1087 2459 1170 2483 videas
1180 2460 1246 2485 ferro
1260 2462 1343 2492 procul
1356 2463 1450 2487 arboris
1462 2468 1568 2491 auctum.

967 2489 1032 2512 Ante
1045 2489 1079 2518 tit,
1091 2493 1117 2514 ut
1128 2496 1215 2514 cernas
1227 2493 1300 2516 ictum
1310 2499 1382 2523 quam
1395 2494 1464 2524 plaga
1478 2502 1523 2525 per
1535 2503 1609 2523 aures

966 2519 1015 2543 Det
1024 2521 1129 2545 sonitum
1139 2526 1147 2544 z
1158 2522 1195 2545 sic
1207 2521 1325 2553 fulgorem
1340 2530 1438 2555 quoque
1450 2529 1571 2552 cernimus
1582 2534 1639 2555 ante

966 2550 1043 2579 Quam
1056 2551 1173 2575 tonitrum
1183 2554 1326 2585 accipimus,
1337 2557 1429 2586 pariter
1440 2558 1481 2587 qui
1495 2559 1599 2584 mittitur
1610 2562 1662 2592 igni

965 2581 986 2605 E
998 2582 1071 2606 simili
1085 2588 1157 2607 causa
1169 2586 1196 2608 et
1205 2590 1325 2611 concursu
1337 2590 1409 2612 natus
1419 2589 1516 2614 eodem.

924 2632 995 2659 ibid.
1017 2632 1200 2668 Coinpulneris.
1223 2635 1266 2663 At.
1277 2657 1286 2671 ,
1310 2637 1463 2672 expleturis.
1490 2639 1572 2670 Forte
1583 2662 1592 2675 ,
1615 2651 1684 2671 com-

889 2667 997 2701 puleris.
1013 2669 1102 2695 Anuv.

923 2703 952 2731 2.
967 2703 988 2730 U
992 2704 1042 2730 nde
1055 2708 1079 2730 et
1093 2704 1218 2740 Virgilius
1231 2715 1238 2732 z
1251 2706 1312 2734 Non
1322 2708 1400 2741 aliar.
1411 2713 1462 2737 etc.
1477 2710 1519 2739 Ad
1529 2719 1590 2747 quae
1603 2714 1683 2743 verba

888 2738 1001 2766 Servius
1014 2747 1021 2764 ε
1038 2739 1119 2767 Omen
1130 2745 1169 2767 est
1181 2742 1288 2778 (inquit)
1302 2748 1327 2770 et
1337 2744 1364 2770 in
1374 2752 1403 2772 eo
1418 2746 1487 2780 quod
1510 2755 1599 2776 cereno
1618 2751 1683 2779 coel'c

889 2774 995 2810 fulgura
1007 2776 1085 2801 missa
1098 2779 1168 2810 sunt,
1179 2781 1202 2804 at
1217 2779 1243 2804 in
1255 2785 1286 2806 eo
1297 2779 1367 2812 quod
1381 2781 1457 2816 plura
1469 2782 1548 2810 missa
1557 2789 1625 2812 sunt.

923 2809 995 2836 tbid.
1016 2808 1147 2843 Grialius,
1161 2813 1278 2840 tardiora
1291 2818 1362 2842 sunt.
1378 2818 1465 2844 Anev.

923 2843 994 2871 Ibid.
1018 2844 1063 2872 Vir
1082 2845 1121 2872 ilii
1137 2853 1230 2876 versus
1244 2853 1288 2877 est
1301 2848 1354 2877 487
1370 2850 1416 2879 lib.
1433 2851 1557 2889 tGeorg.
1570 2855 1661 2884 Anav-

921 2881 948 2908 5.
962 2879 1025 2907 Poct
1036 2880 1063 2915 su
1077 2881 1152 2910 ntint'c
1162 2887 1248 2912 autem
1253 2884 1320 2920 Jact.
1331 2885 1368 2915 Ex
1377 2887 1473 2916 eodem
1482 2887 1597 2920 Lucretii
1607 2892 1668 2920 loco
