1832 3016
133 128 182 156 θ’θ’]

642 120 668 147 S.
692 118 815 147 tsinom
840 117 1061 146 tttsPAtEttsls
1079 118 1231 147 Episcopi

1707 121 1759 151 908

133 190 186 212 tur.
211 181 366 211 solstitiales
391 179 447 206 dies
469 181 540 210 sunt,
563 177 702 211 inquibus
716 177 756 204 sol
771 181 836 209 stat,
858 175 1035 205 erc-Auem
1060 178 1120 211 quia
1145 177 1202 205 dies
1226 176 1344 211 sabbati,
1361 176 1396 205 ab
1410 175 1487 204 initio
1510 175 1621 204 feriatus
1635 166 1769 215 habetur-J

131 230 215 258 seenti
239 228 323 262 spatio
343 225 457 256 dierum,
484 223 527 250 vel
554 223 683 250 noctium.
702 222 919 256 AEquinoctiales

131 276 188 303 dies
202 273 320 306 sunt,·in
336 271 430 306 quibus
442 269 501 297 dies
514 273 540 296 et
555 276 607 296 nox
625 268 774 304 aequalibus
789 268 917 296 horarum

131 320 222 356 spatiis
234 318 403 346 evolvuntur.

438 364 553 392 CAPUT
573 363 606 392 ll.

453 410 493 437 De
507 415 590 438 noete.

170 461 194 487 1.
210 459 266 487 Nox
280 462 322 486 est
336 457 399 484 solis
418 457 549 489 absentia,
562 456 678 491 quandiu
694 455 728 483 ab
742 462 838 483 occasu
858 463 920 483 rur-

129 513 175 533 sus
188 505 221 532 ad
231 507 351 531 exortum
371 502 495 530 recurrit.
508 502 620 529 Noctem
644 506 732 529 autem
757 501 813 528 steri
826 501 920 528 umbra

130 556 271 582 terrarum,
297 550 375 583 quam
395 548 485 575 datam
511 549 543 575 ad
565 549 679 583 quietem
695 547 817 582 corporis
831 547 918 574 credi-

129 604 198 629 mus,
214 603 268 622 non
284 594 317 621 ad
333 593 447 628 alicujus
462 594 551 628 operis
566 593 694 620 officium.
709 592 816 619 Duobus
831 597 921 619 autem

129 641 214 668 modis
236 647 290 666 nox
307 639 334 665 in
351 639 495 672 Scripturis
513 638 653 672 accipitur,
668 637 694 664 id
710 641 761 667 est,
777 641 823 663 aut
839 636 923 663 tribu-

130 686 192 713 latio
204 684 407 720 persecutionis,
420 684 448 719 6
458 688 503 710 aut
513 683 662 711 obscuritas
672 684 735 710 caeci
749 682 849 710 cordis.
865 681 922 709 Nox

131 740 145 759 a
160 732 273 759 nocendo
288 731 370 763 dicta,
385 731 458 766 quod
473 730 557 758 oculis
572 734 676 757 noceat.

130 784 132 788 ·
165 778 193 804 2.
205 778 294 805 Noctis
309 782 398 812 partes
409 781 472 804 sunt
488 781 589 811 septem
602 785 608 804 :
621 776 816 810 crepusculum,
829 783 924 809 vespe-

130 831 200 856 rum,
219 823 403 856 conticinium,
419 823 620 857 intempestum,
636 822 807 857 gallicinium,
825 828 923 854 erepu-

971 222 1034 250 lnde
1047 223 1104 251 dies
1119 223 1188 252 Solis
1201 224 1287 258 prima
1302 222 1368 251 seria
1384 226 1552 258 nuncupatur
1561 242 1569 256 ‚
1584 222 1645 258 quia
1659 223 1762 258 primus

970 274 1032 297 esta
1043 270 1120 298 feria.
1130 270 1195 298 item
1208 270 1265 298 dies
1275 269 1358 298 Lunae
1367 269 1479 304 proinde
1489 269 1606 297 secunda
1614 268 1691 303 feria,
1698 268 1762 304 quia

971 316 1103 343 secundus
1113 321 1154 344 est
1165 324 1181 343 a
1191 316 1268 350 seria,
1280 315 1306 344 id
1317 320 1370 348 est,
1384 315 1511 348 sabbato,
1524 315 1570 350 qui
1582 318 1624 343 est
1638 315 1760 344 feriatus.
1770 327 1777 335 ι·

971 361 1015 390 Sic
1021 367 1048 390 et
1055 362 1145 391 caeteri
1155 363 1213 391 dies
1223 363 1267 390 tali
1274 370 1307 390 ex
1319 370 1429 390 numero
1437 364 1609 397 sumpserunt
1619 362 1770 390 voeabula.-

1007 409 1034 435 2.
1053 409 1131 443 Apud
1152 409 1288 437 Romanos
1312 414 1400 437 autem
1426 409 1453 436 hi
1476 409 1534 436 dies
1554 416 1568 436 a
1594 408 1719 443 planetis,
1736 408 1764 436 id

971 459 1023 489 est,
1038 456 1072 483 ab
1084 455 1204 483 erraticis
1213 456 1240 492 7
1253 455 1336 483 stellis
1347 455 1506 483 vocabulum
1520 457 1692 489 acceperunt.
1708 454 1766 481 Pri-

973 508 1045 527 mum
1058 501 1130 528 enim
1143 501 1214 529 diem
1228 509 1244 528 a
1258 502 1317 529 sole
1330 506 1504 534 vocaverunt,
1521 501 1567 536 qui
1588 502 1712 536 princeps
1723 504 1765 528 est

973 548 1091 574 omnium
1105 547 1221 574 siderum
1231 570 1239 580 ,
1256 548 1324 575 sieut
1339 548 1409 575 idem
1424 548 1482 575 dies
1495 552 1576 582 caput
1590 552 1632 575 est
1652 551 1763 575 cuncto-

973 600 1032 620 rum
1047 592 1161 619 dierum.
1177 593 1330 620 Secundum
1345 600 1359 619 a
1374 592 1446 626 luna,
1460 599 1520 627 quae
1533 593 1583 619 soli
1595 596 1623 619 et
1635 592 1761 627 splendo-

974 647 1003 667 re
1026 645 1053 667 et
1080 639 1260 674 magnitudine
1287 639 1408 674 proxima
1429 643 1484 671 est,
1503 642 1530 666 et
1549 646 1582 666 ex
1605 646 1638 666 eo
1660 643 1764 666 mutuat

975 685 1076 712 lumen.
1088 685 1206 712 Tertium
1221 692 1236 711 a
1253 684 1328 711 stella
1347 684 1449 717 Martis,
1462 683 1507 719 qui
1532 683 1626 719 Pyrois
1644 688 1764 712 vocatur.

1010 731 1036 758 5.
1044 731 1171 764 Quartum
1178 739 1192 758 a
1199 731 1414 763 stellaMereurii,
1423 737 1502 765 quam
1508 730 1615 764 quidam
1622 730 1765 757 candidum

975 777 1103 804 circulum
1116 777 1216 804 dicunt.
1230 777 1356 809 Quintum
1371 784 1386 803 a
1401 776 1480 803 stella
1492 776 1576 810 Jovis,
1591 784 1669 811 quam
1683 776 1766 804 Phae-

975 824 1068 851 thonta
1083 823 1185 850 dicunt.
1202 823 1312 851 Sextum
1327 831 1343 850 a
1359 821 1470 850 Veneris
1482 822 1557 849 stella
1569 841 1577 855 ,
1592 829 1670 856 quam
1685 822 1768 849 Luci·

130 870 244 903 sculum,
256 875 283 897 et
298 870 468 897 matutinum.
489 869 683 904 Crepusculum
700 868 811 901 dicitur,
830 868 857 894 id
871 871 922 900 est,
939 864 963 894 B
977 870 1061 897 terum
1087 874 1228 901 asserunt,
1244 869 1289 904 qui
1306 869 1375 895 inter
1390 867 1478 895 omnia
1504 868 1592 895 sidera
1619 868 1678 902 plus
1701 868 1769 895 lucis

131 925 282 952 creperum,
291 917 362 952 quod
375 916 484 946 dubium
496 916 620 949 dicimus,
633 915 683 942 boc
696 920 746 947 est.
758 916 825 942 inter
837 914 923 941 lucem

131 971 157 991 et
173 964 308 991 tenebras.
333 963 495 998 Vesperum,
519 963 622 990 oriente
638 963 724 997 stella,
740 963 782 990 cui
805 962 856 989 hoe
876 968 924 988 no-

134 1018 195 1037 men
210 1015 261 1037 est.

169 1055 196 1082 3.
205 1055 393 1090 Contieinium,
401 1056 506 1091 quando
514 1063 607 1083 omnes
615 1055 704 1088 silent;
713 1055 846 1083 conticere
853 1055 924 1082 enim

135 1102 214 1129 silere
225 1107 276 1130 est.
291 1103 462 1137 intempesta,
476 1102 502 1129 id
517 1107 570 1136 est,
581 1102 743 1137 importuna,
761 1101 868 1135 quando
881 1100 924 1135 agi

133 1148 199 1175 nihil
215 1153 313 1183 potest,
325 1154 352 1176 et
363 1149 450 1175 onmia
466 1149 554 1183 quieta
566 1152 636 1175 sunt.
653 1147 821 1174 Gallicinium
836 1150 923 1173 autem

133 1194 231 1221 dictum
253 1199 310 1227 est,
327 1201 436 1229 propter
457 1195 541 1230 gallos
564 1195 629 1221 lucis
654 1194 828 1228 praenuntios.
858 1193 923 1220 Cre-

133 1239 274 1274 pusculum
288 1239 460 1272 matutinum,
478 1241 545 1267 inter
560 1240 715 1267 abscessum
731 1239 818 1267 noctis
832 1243 859 1271 ει
872 1239 925 1266 diei

132 1284 287 1312 adventum.

439 1329 615 1357 CAPUT-111.

416 1376 452 1402 De
467 1376 637 1402 hebdomada.

171 1425 195 1451 l.
213 1423 383 1452 Hebdomada
404 1423 472 1456 apud
501 1422 608 1450 Graecos
624 1426 651 1449 et
671 1422 807 1450 Romanos
823 1426 925 1456 septem

134 1470 236 1497 dierum
261 1477 339 1497 cursu
362 1468 506 1503 peragitur.
538 1468 615 1502 Apud
633 1468 760 1495 Hebraeos
775 1472 863 1494 autem
885 1474 927 1494 se—

134 1520 203 1550 ptum
218 1515 279 1541 anni
298 1519 368 1540 sunt.
385 1514 506 1540 Declarat
520 1513 570 1539 boc
593 1513 684 1540 Daniel
702 1513 735 1540 de
756 1513 925 1548 septuaginta

132 1559 316 1586 hebdomadis.
331 1558 503 1585 Hebdomada
515 1563 604 1585 autem
615 1563 717 1592 septem
730 1558 803 1585 seriis
812 1563 925 1586 constat.
941 1555 964 1586 C
980 1560 1136 1594 plerumque
1150 1559 1230 1594 hujus
1245 1559 1306 1586 vitae
1328 1566 1421 1587 cursus
1442 1560 1606 1595 intelligitur,
1630 1568 1691 1595 quae
1715 1562 1771 1589 suis
1790 1563 1791 1569 ¹

137 1604 214 1632 Fet-ia
229 1613 334 1640 quoque
350 1613 364 1631 a
378 1605 456 1639 fando
480 1605 549 1631 dicta
573 1609 629 1639 est,
645 1605 721 1640 quasi
734 1604 795 1639 sari,
811 1613 842 1633 eo
857 1606 926 1640 quod

133 1652 160 1679 in
187 1653 322 1680 creatione
337 1652 428 1679 mundi
439 1660 488 1688 per
499 1652 619 1688 singulos
634 1653 691 1681 dies
706 1653 773 1680 dixit
788 1654 857 1680 Deus
870 1654 925 1688 fiat.

135 1708 225 1734 (initur
241 1716 337 1744 annus,
354 1714 380 1737 ct
394 1715 489 1744 quarto
505 1709 638 1736 Kalendas
652 1709 818 1744 Septembris
834 1711 927 1745 incipit

134 1744 234 1777 pritttu‘s
245 1747 301 1773 dies
315 1746 390 1779 primi
402 1746 502 1772 mensis
513 1745 573 1771 anni
586 1746 733 1780 sequentis.
747 1746 776 1772 In
789 1746 927 1773 Gallicano

134 1782 234 1808 recenti
259 1781 418 1807 Kalendario
441 1788 525 1807 annus
551 1781 642 1815 incipit
664 1781 768 1808 decimo
793 1781 928 1809 Kalendas

135 1816 268 1843 Octobris.
283 1816 368 1842 Αιιιῑν.

170 1850 240 1877 ltin.
255 1851 302 1878 Sol
314 1856 373 1883 stat,
389 1851 519 1877 crescenti.
544 1850 598 1882 At„
613 1850 651 1876 sot
666 1855 726 1883 stat,
741 1851 767 1878 in
780 1852 873 1887 majori
889 1853 927 1879 la<

135 1886 242 1912 titudine
256 1894 332 1920 quant
346 1886 435 1912 habere
450 1886 527 1920 possit
541 1890 674 1912 crescente.
692 1888 778 1914 Anssv.

171 1922 235 1948 Car.
249 1921 350 1948 ll.-—N.
369 1922 393 1946 1.
408 1921 503 1946 Umbra
516 1926 604 1947 teri-ar.
619 1921 926 1955 Ambros..1vllexam.,

137 1964 196 1989 cap.
209 1957 225 1983 5
237 1964 244 1982 ε
261 1956 307 1983 Est
331 1957 395 1982 enim
422 1964 474 1982 nox
498 1961 524 1981 ut
549 1956 678 1990 peritiores
698 1957 858 1992 probarunt,
881 1959 926 1993 qui

137 1991 208 2018 nobis
223 1996 296 2018 (etate
311 1991 348 2017 net
369 1999 471 2017 mimere
486 1997 721 2025 praecucurrerunt,
734 1993 824 2019 umbra
841 1998 924 2020 terroe.

137 2027 170 2053 Et
186 2027 262 2060 paulo
275 2031 350 2060 post:
365 2026 438 2052 Unde
453 2027 529 2059 liquet
544 2026 610 2060 quod
626 2032 725 2054 noctem
741 2028 820 2063 saciat
835 2029 926 2055 umbra

137 2067 227 2088 terrar.
245 2061 346 2088 indicat
361 2066 450 2088 autem
467 2061 604 2087 Basiliutn.

173 2096 243 2123 Ibid.
257 2097 338 2129 Quam
348 2098 434 2122 dutum
444 2096 476 2122 ud
485 2096 594 2130 quietem
603 2098 726 2132 corporis.
738 2099 829 2131 Δηὼ,
841 2099 890 2126 tib.
907 2107 926 2131 t,

136 2139 196 2165 cap.
210 2131 258 2158 10:
271 2131 379 2158 Noctem
390 2132 456 2157 enim
470 2131 504 2157 ad
517 2131 626 2165 quietem
643 2134 756 2166 corporis
772 2134 859 2160 clatum
873 2142 929 2161 esse

137 2166 310 2199 coqnescimus
320 2187 327 2199 ‚
344 2174 394 2193 non
407 2166 440 2192 ad
455 2167 566 2193 muneri:
580 2166 691 2201 alicujus
706 2169 743 2194 vel
758 2170 842 2203 operis
870 2172 927 2204 [un-

137 2202 254 2228 ctionem.

176 2236 246 2262 [bid.
267 2236 328 2263 Nox
352 2244 368 2262 a
382 2236 505 2262 nocendo.
527 2235 563 2263 Ut
574 2235 601 2262 in
614 2236 776 2272 Etymolog.‚
791 2246 824 2266 ex
843 2238 934 2269 Atteio
948 2244 977 2275 1)
988 2237 1054 2264 dose
1068 2237 1115 2263 lib.
1131 2245 1158 2264 o.
1173 2241 1244 2263 sexto
1264 2236 1342 2270 coeto,
1365 2237 1404 2264 uti
1426 2237 1506 2264 etiam
1527 2237 1555 2265 in
1573 2237 1707 2272 plerisque
1723 2238 1772 2266 lib.
1790 2260 1792 2262 .

138 2272 267 2306 Capitone
281 2277 308 2299 et
322 2271 392 2298 aliis.

117 2331 121 2341 ,
173 2309 202 2333 Ἃ.
221 2306 312 2333 Noctis
327 2311 421 2341 partes.
437 2305 500 2333 vid.
515 2306 665 2340 etymolog.
681 2306 728 2333 lib.
745 2315 773 2334 v.

175 2341 244 2368 lttd.
257 2341 448 2377 Crepusculum.
457 2341 525 2368 Non.
535 2340 660 2376 :crepera
667 2350 706 2368 res
718 2344 820 2376 proprie
831 2343 926 2372 dieitur

139 2377 227 2404 dubia.
245 2376 318 2404 Unde
333 2381 356 2403 ιι
370 2376 546 2411 crepusculum
558 2376 652 2403 dicitur
665 2377 742 2404 dubia
762 2378 818 2405 lux.

139 2448 161 2474 Α
175 2411 245 2439 Iti-d.
269 2412 371 2439 Oriente
385 2411 468 2439 stella.
490 2412 545 2445 At,
569 2419 586 2438 a
606 2413 686 2439 noctis
710 2412 814 2440 orientis
842 2413 926 2441 stella.

164 2455 226 2474 κεν.

175 2482 202 2509 5.
218 2482 358 2510 Conticere.
373 2482 429 2516 At„
444 2483 617 2510 conticescere.
633 2482 720 2511 Αιεν.

175 2518 239 2546 Car.
253 2518 296 2546 tlt.
306 2533 342 2541 ·-
351 2518 382 2545 Ν.
397 2518 422 2545 ¹.
437 2518 513 2552 Apud
527 2517 648 2545 Hebraeos
660 2523 745 2545 autem
757 2527 770 2546 ι
803 2525 852 2548 tem
864 2520 926 2547 anni

141 2553 274 2581 santum
282 2554 344 2588 quia
355 2553 426 2588 apud
439 2554 500 2581 illos
512 2553 615 2580 dierum
629 2554 708 2581 etiam
720 2553 772 2582 heb
791 2562 866 2582 omas
874 2556 910 2585 sit
918 2575 926 2588 ‚

141 2593 171 2614 ut
182 2588 267 2615 Levit.
283 2597 322 2616 ιιι
335 2597 342 2616 :
358 2588 407 2616 Sin
420 2594 504 2615 autem
515 2588 637 2624 [eminam
652 2590 788 2625 pepererit,
796 2590 928 2618 immunda

141 2623 188 2649 erit
202 2623 300 2651 ctnatms
315 2624 523 2651 hebdomadibus.

176 2656 246 2698 ibid.
269 2659 293 2685 A
307 2659 396 2695 sanda.
412 2659 466 2691 At..
489 2667 505 2686 a
525 2658 657 2694 feriendo,
666 2664 694 2687 et
714 2667 780 2688 mox
799 2660 866 2696 fieri,
877 2665 930 2723 8²0

142 2692 203 2726 sart.
217 2692 308 2726 Forte.
323 2703 340 2721 a
355 2694 451 2728 fiendo,
471 2700 526 2729 quo
537 2694 630 2721 alludit
642 2695 698 2729 liat.
716 2696 792 2731 Quod
805 2694 863 2724 ‹nes
919 2710 931 2716 -

143 2727 257 2765 minicus
278 2729 382 2757 dicatur
405 2730 492 2765 prima
516 2728 592 2762 seria,
609 2730 670 2764 quta
693 2733 796 2765 primus
807 2735 851 2759 est
869 2735 930 2765 post

143 2760 248 2798 teriam,
263 2764 314 2791 boe
327 2768 379 2798 est,
391 2764 549 2797 Sabbatum,
561 2769 590 2791 et
597 2765 636 2792 sic
647 2766 714 2793 teria
723 2765 853 2800 secunda,
864 2770 930 2799 ete..

143 2796 294 2827 observatio
321 2800 430 2834 propria
457 2799 552 2827 tsidori
583 2803 636 2833 est.
661 2808 743 2836 quam
769 2801 931 2835 namatus,

143 2832 211 2858 tom.
225 2831 260 2860 111
277 2833 412 2869 ὃριείιοιὶἰ
424 2833 460 2863 nd
470 2834 530 2864 Aet.
550 2833 660 2870 Amne
676 2842 703 2864 e.
720 2835 766 2872 w,
779 2832 932 2866 confirm.

976 915 1065 943 babet.
1075 915 1223 950 Septimum
1235 923 1250 941 a
1264 914 1339 942 stella
1350 914 1469 947 Saturni,
1490 922 1550 949 quae
1560 914 1674 949 septimo
1695 914 1766 941 coelo

975 963 1078 995 locata,
1093 962 1200 996 triginta
1221 961 1298 988 annis
1320 961 1404 988 fertur
1426 961 1537 994 explere
1552 967 1663 987 cursum
1677 967 1766 987 suum.
1804 958 1805 963 ’

1002 1009 1037 1038 ,4.
1056 1008 1170 1036 Proinde
1194 1012 1282 1035 autem
1306 1008 1418 1041 gentiles
1439 1015 1474 1034 ex
1497 1007 1539 1034 bis
1553 1011 1655 1042 septem
1683 1007 1769 1035 stellis

976 1056 1082 1082 nomina
1096 1055 1190 1081 diebus
1204 1054 1345 1086 dederunt,
1360 1061 1392 1080 eo
1408 1053 1477 1088 quod
1491 1061 1538 1087 per
1551 1053 1658 1081 easdem
1671 1052 1770 1088 aliquid
1811 1071 1813 1074 ι

976 1101 1027 1128 sibi
1041 1100 1113 1127 estici
1128 1100 1302 1132 aestimarent,
1317 1099 1437 1126 dicentes
1452 1098 1551 1126 habere
1569 1107 1601 1126 ex
1621 1099 1677 1126 sole
1691 1098 1770 1132 spiri-
1814 1134 1817 1139 1

977 1152 1043 1180 tum,
1055 1155 1089 1175 ex
1103 1147 1163 1174 luna
1178 1154 1284 1181 corpus,
1300 1153 1333 1173 ex
1347 1145 1478 1173 Mercurio
1495 1146 1609 1181 lingnam
1623 1150 1650 1173 et
1663 1145 1770 1180 sapien·
1807 1147 1818 1176 ἶ,

977 1194 1049 1226 tiam,
1064 1201 1097 1220 ex
1119 1192 1222 1219 Venere
1242 1192 1417 1226 voluptatem,
1438 1199 1471 1219 ex
1485 1192 1568 1219 Marte
1581 1191 1724 1224 servorem,
1736 1198 1770 1219 ex
1804 1215 1817 1220 ..

976 1238 1041 1265 Jove
1066 1238 1279 1272 temperantiam,
1304 1246 1337 1265 ex
1360 1238 1475 1265 Saturno
1505 1238 1668 1265 tarditatem.
1699 1237 1771 1265 Talis
1808 1226 1813 1237 ⁹

977 1284 1074 1318 quippe
1092 1284 1193 1311 exstitit
1212 1283 1350 1318 gentilium
1365 1283 1493 1317 stultitia,
1508 1283 1555 1319 qui
1570 1283 1620 1311 sibi
1636 1283 1771 1312 finxerunt
1811 1304 1813 1307 .

978 1333 1031 1355 tam
1047 1329 1191 1357 ridiculosa
1207 1330 1343 1364 figmenta.

1279 1376 1393 1403 CAPUT
1413 1377 1457 1404 lv.

1273 1421 1312 1448 De
1326 1423 1465 1450 mensibus.

1015 1466 1040 1493 1.
1054 1466 1152 1494 Mensis
1167 1471 1207 1495 est
1221 1467 1330 1494 luminis
1346 1468 1446 1495 lunaris
1461 1469 1589 1496 circuitus
1600 1489 1609 1503 ,
1626 1476 1658 1497 ac
1681 1470 1770 1498 redin-

979 1514 1101 1548 tegratio,
1130 1514 1187 1540 sive
1208 1521 1223 1540 a
1242 1521 1309 1541 nova
1321 1514 1355 1541 ad
1366 1522 1460 1541 novam
1474 1505 1577 1542 cursus.
1590 1515 1672 1549 Cujus
1689 1517 1771 1551 figura
1792 1533 1793 1537 =

977 1604 1159 1637 incrementis,
1170 1605 1243 1639 quasi
1253 1605 1352 1632 mensis
1361 1605 1504 1640 peragitur,
1515 1606 1543 1641 8
1551 1613 1582 1632 ac
1590 1606 1772 1634 diminutioni·
1789 1603 1799 1609 ⁸

978 1651 1027 1679 bus
1035 1650 1191 1678 certissimis
1201 1651 1365 1677 terminatur.
1374 1650 1490 1678 Mensem
1498 1656 1586 1679 autem
1597 1652 1699 1687 antiqui
1706 1652 1771 1680 deii-

1012 1708 1040 1734 2.
1065 1708 1128 1740 Quoe
1143 1707 1192 1733 soli
1207 1707 1381 1742 ntaynitudine
1402 1709 1528 1741 proxima.
1544 1708 1580 1735 Ut
1591 1709 1773 1743 spectantibus

979 1743 1088 1777 quidem
1115 1747 1224 1776 propter
1249 1743 1473 1777 propinquitatem
1501 1743 1617 1777 videtur,
1646 1751 1706 1771 cum
1735 1745 1770 1771 sit

978 1777 1078 1811 alioqui
1093 1778 1210 1804 siderum
1226 1778 1346 1805 omnium
1363 1779 1473 1805 minima
1488 1787 1494 1805 ε
1518 1778 1606 1806 Cicer.
1629 1779 1655 1806 in
1677 1779 1772 1807 Somn-

979 1814 1053 1847 scip.
1071 1821 1078 1840 :
1095 1812 1277 1839 Erant-autem
1291 1821 1327 1840 eoe
1341 1813 1438 1846 stettoe,
1452 1821 1516 1848 quas
1531 1822 1662 1849 nunquam
1676 1822 1708 1841 ex
1722 1815 1771 1841 hoc

979 1849 1034 1875 Ioco
1047 1849 1166 1880 vidimus,
1192 1852 1215 1874 et
1241 1856 1277 1875 ece
1297 1849 1482 1884 magnitudines
1504 1850 1618 1876 onmium
1636 1858 1699 1884 quas
1721 1857 1774 1877 ene

979 1892 1110 1918 nunqnam
1130 1884 1252 1918 suspicati
1272 1892 1367 1911 sumus.
1391 1883 1433 1911 Etr.
1451 1883 1540 1918 quibus
1556 1889 1609 1911 erut
1623 1893 1654 1911 ea
1667 1885 1774 1912 minima

979 1927 1036 1954 quae
1053 1919 1144 1945 ultima
1158 1919 1221 1945 coelo
1232 1941 1238 1950 ,
1256 1919 1341 1946 citima
1356 1920 1428 1946 terris
1444 1921 1498 1946 luce
1512 1919 1612 1946 lucebat
1632 1920 1727 1947 atiena.
1792 1935 1796 1945 .

1016 1953 1087 1980 lbid.
1099 1954 1122 1981 A
1133 1954 1205 1981 stella
1218 1955 1321 1987 Martis,
1333 1963 1390 1989 quoe
1402 1954 1503 1989 Pyrois.
1516 1955 1641 1983 Mendose
1653 1956 1680 1983 in
1688 1955 1774 1983 omni·
1792 1968 1796 1982 ι

980 1990 1029 2017 bus
1054 1990 1129 2016 libris
1157 1989 1260 2024 Vesper
1283 1997 1332 2023 pro
1356 1990 1449 2025 Pyrois
1476 1990 1591 2018 inversis
1615 1990 1721 2018 litteris.
1739 1990 1773 2019 Ut

980 2026 1062 2052 etiam
1077 2026 1124 2052 lib.
1141 2033 1171 2051 ni
1189 2025 1337 2060 etymolog.
1784 2038 1785 2042 ¹

981 2070 984 2077 ·
1016 2060 1087 2088 thid.
1113 2059 1226 2087 Mutum.
1248 2060 1303 2094 Ah,
1326 2065 1463 2088 mutuatur.
1479 2060 1552 2089 luico
1571 2061 1670 2096 tertius,
1690 2064 1717 2089 et
1735 2060 1774 2090 sie

981 2096 1106 2130 deinceps
1120 2101 1235 2130 quartus,
1252 2099 1303 2122 etc.
1320 2096 1406 2123 Amr.
1501 2106 1506 2110 ·

1017 2132 1043 2158 5.
1066 2132 1150 2162 Quam
1161 2130 1267 2163 quidum
1282 2132 1420 2158 candidum
1433 2131 1569 2159 circulum.
1579 2130 1712 2160 Stilbonta
1726 2139 1774 2167 po·
1788 2152 1791 2158 ,

981 2167 1045 2194 ιἰυε.
1062 2166 1122 2193 Vid.
1139 2169 1194 2192 not.
1211 2166 1243 2192 ad
1259 2173 1317 2200 cap.
1332 2165 1383 2199 28,
1400 2167 1448 2194 lib.
1463 2175 1490 2200 v,
1506 2167 1655 2203 Etymolog.

1019 2201 1086 2228 thid.
1098 2202 1202 2228 Astetta
1214 2201 1322 2228 Saturni
1333 2210 1390 2236 quoe
1402 2202 1509 2237 septimo
1519 2202 1582 2229 coelo
1593 2202 1686 2229 locata.
1699 2201 1773 2230 Men-

989 2272 1139 2306 Etymolog.

1014 2307 1086 2334 attat.
1103 2307 1137 2334 Se
1158 2306 1219 2333 timo
1233 2307 1312 2339 coeto;
1325 2306 1362 2333 ita
1373 2306 1494 2333 nonuutli
1507 2306 1592 2334 nostri
1605 2306 1671 2334 Μεε.
1684 2307 1771 2335 Anuv.
1792 2331 1794 2334 .

1013 2344 1041 2370 4.
1061 2341 1104 2368 Ex
1145 2342 1244 2368 ercurio
1261 2342 1375 2376 linquam
1387 2345 1410 2368 et
1422 2341 1584 2376 sapientiam.
1600 2340 1737 2378 Ingenium
1749 2345 1774 2370 a

980 2379 1095 2410 linquam
1106 2396 1114 2409 ‚
1124 2377 1156 2404 «in
1169 2376 1333 2410 Etymolog„
1350 2384 1383 2404 ex
1399 2376 1476 2404 Serv.
1785 2386 1787 2389 ·

1015 2406 1087 2438 thid.
1097 2411 1141 2438 Ex
1156 2411 1240 2438 Marte
1253 2412 1388 2447 fervorem,
1401 2420 1418 2438 a
1430 2411 1517 2440 Marte
1529 2412 1688 2447 sanquinem.
1703 2413 1771 2441 lbid.

1015 2447 1086 2474 thid.
1094 2445 1136 2473 Ex
1146 2446 1264 2474 Sammo
1272 2447 1426 2481 tarditatem,
1436 2456 1452 2474 a
1459 2446 1575 2475 Saturno
1581 2448 1722 2475 humorem.
1730 2448 1768 2476 lb.

983 2518 990 2523 .
1018 2482 1085 2509 ιΙιίιι.
1111 2481 1264 2523 Dederunn
1277 2482 1332 2516 ΑΙ..
1353 2482 1512 2509 indiderunt.
1537 2482 1644 2517 Postea,
1666 2490 1699 2511 ex
1719 2482 1774 2517 sqtae

979 2525 1082 2580 ²92}ss-
1091 2522 1332 2594 ᾒαῖἷῖφῖαέπε
1345 2519 1440 2594 extra}
1453 2553 1487 2580 ad
1499 2560 1592 2581 novam
1604 2560 1706 2594 citimus.¹
1719 2551 1773 2594 §Iu-

979 2589 1039 2623 jau,
1054 2590 1106 2615 ete.
1126 2587 1278 2615 Omiseram
1301 2587 1402 2616 librarii
1423 2594 1516 2617 vocem
1538 2595 1630 2616 eunus
1647 2587 1708 2620 sinu
1723 2591 1765 2619 tu,

983 2623 1046 2651 dtne
1060 2624 1196 2657 sequentis
1210 2623 1294 2657 vocis,
1306 2625 1391 2660 eujus,
1401 2623 1467 2652 dece
1487 2620 1607 2659 ὥρη-ψ
1615 2630 1715 2660 ιιοιιειἸ
1738 2629 1758 2660 y

983 2658 1105 2693 mologiis
1111 2658 1285 2686 restituimus.
1298 2658 1344 2687 Sic
1356 2659 1428 2688 enim
1438 2658 1465 2687 itt
1478 2665 1508 2692 e,
1519 2664 1580 2693 cap.
1591 2656 1626 2687 5¹
1639 2655 1750 2696 HUWO.

984 2693 1054 2728 apud
1069 2692 1307 2727 Hebroeos,memes
1318 2693 1424 2730 leyitinti
1434 2697 1488 2730 nott
1497 2688 1717 2730 μωζιὶσᾶνάιιῑο,

981 2737 1015 2757 ex
1028 2729 1096 2756 tunoe
1106 2736 1184 2756 cursu
1193 2734 1390 2765 enumerantur,
1398 2729 1443 2766 'qni
1453 2732 1492 2766 est
1503 2727 1539 2766 ἐς
1546 2730 1613 2756 notu
1621 2727 1661 2763 ,od
1669 2735 1687 2757 n
1716 2758 1719 2762 ,

1019 2763 1088 2791 ma.
1108 2764 1168 2792 Ami
1185 2765 1212 2791 ut
1226 2764 1394 2799 aemma:
1411 2763 1532 2798 Quanatn
1544 2757 1653 2792 ωσι-»Ζ

984 2799 1109 2827 circulum
1118 2808 1162 2836 per
1181 2800 1276 2838 cicitur.
1285 2799 1372 2849 Ver?
1383 2797 1563 2847 Stmffiflyginig
1700 2796 1776 2846 m

976 2839 1108 2871 ,mul-w..
1221 2846 1224 2850 .
1266 2835 1278 2850 *i
1316 2843 1322 2851 η
1351 2843 1353 2846 <
1401 2832 1441 2851 yn„
1484 2841 1503 2845 ’π
1530 2842 1538 2846 ··
1585 2830 1654 2845 ⁰⁰¹³
1710 2843 1771 2884 (¹⁴².

1023 2868 1094 2898 ma.
1108 2869 1292 2908 amram.
1307 2868 1534 2907 Διηνωισςωο.
1546 2868 1637 2901 Αιη.
1651 2869 1668 2899 ··.

1544 2935 1664 2951 -.-t).·.
