1832 3016
158 149 210 179 5⁴3

159 248 293 286 (proverb.
309 244 393 278 xxxi).

193 296 222 323 5.
242 291 309 325 Quid
323 297 387 324 ergo
402 288 588 315 Nazareorum
603 286 722 318 nomine,
746 284 797 311 nisi
809 284 948 312 abstinen-

160 341 226 367 tium
242 335 489 368 continentiumque
504 332 558 359 vita
573 330 746 365 designatur?
770 330 816 358 His
840 330 866 357 in
885 330 948 358 vino

158 383 262 412 luxuria
276 381 442 417 prohibetur,
456 379 483 406 in
496 380 582 405 sicera
593 378 680 404 omnis
692 377 817 411 voluptas
829 381 946 404 terrena.

158 430 250 457 Sicera
265 427 336 455 enim
350 434 383 454 ex
398 425 506 452 diverso
519 423 662 455 conficitur
681 429 780 457 genere
790 443 798 455 ,
814 422 884 450 sicut
898 429 947 449 vo-

159 476 246 510 luptas
259 481 292 501 ex
307 472 414 499 diversa
430 470 555 497 vitiorum
576 469 661 497 oritur
675 469 805 502 colluvie;
826 468 863 495 illi
877 469 948 496 enim

157 522 248 549 vinum
263 527 315 547 non
333 518 426 545 hibunt
438 537 445 548 ,
460 521 487 543 ct
501 517 613 544 siceram
628 515 721 543 bibunt
734 535 741 548 ,
766 515 811 549 qui
826 515 859 541 ad
874 514 943 541 deci¹

160 566 269 601 piendos
292 563 413 591 homines
437 562 545 589 umbras
568 561 696 596 quasdam
719 564 747 588 et
768 560 898 595 imagines
919 567 948 587 se

158 612 286 639 simulant
301 610 400 637 habere
414 609 551 636 virtutum.

194 659 222 686 (ἱ.
242 658 297 685 Uva
310 663 388 691 passa
405 655 444 682 illi
456 658 613 687 vescuntur,
632 653 677 688 qui
699 657 808 688 propter
821 653 949 680 humanos

160 704 251 732 oculos
273 702 440 730 abstinentiae
465 701 566 735 pallore
593 699 757 733 inficiuntur,
785 704 813 726 ut
837 699 949 733 gloriam

160 754 266 785 captent
279 750 313 776 ab
326 748 487 775 hominibus.
515 747 626 775 Acetum
642 751 730 773 autem
745 745 772 772 hi
786 745 880 772 bibunt
904 745 948 779 qui

161 802 220 831 post
235 797 296 823 vitae
321 795 488 822 sanctitatem
513 794 539 820 in
565 797 725 820 vetustatem
750 792 948 826 praeteritorum

160 843 285 870 vitiorum
310 841 444 872 labuntur,
470 843 497 867 et
521 839 693 872 corruptione
713 837 811 865 veteris
826 836 949 870 nequitiae

160 888 338 914 delectantur.
359 884 488 918 Praecepit
507 883 596 918 itaque
615 883 686 910 Deus
701 887 729 909 ut
742 882 786 916 qui
801 881 948 908 sanctitatis
963 880 988 910 Β

162 932 298 960 induerint
318 931 422 958 titulum
435 930 537 957 cunctis
554 928 594 956 his
610 932 719 955 careant
732 927 803 954 vitiis
817 949 824 959 ,
839 926 953 953 nullam-

161 986 212 1013 que
228 977 381 1013 hujusmodi
395 976 621 1011 perturbationem
635 978 772 1009 appetant,
786 981 845 1008 quae
855 976 953 1000 statum

161 1023 260 1051 mentis
275 1026 390 1050 evertat.

197 1070 235 1098 7..
246 1070 273 1096 ln
286 1070 335 1096 hac
347 1068 485 1095 mansione
500 1066 680 1101 projiciuntur
690 1065 725 1093 de
737 1064 833 1092 castris
845 1064 954 1098 leprosi,

164 1114 228 1142 ssuxi
240 1118 267 1141 et
278 1113 418 1141 immundi.
434 1112 544 1146 Leprosi
558 1111 688 1143 haeretici,
705 1110 768 1137 fluxi
783 1110 954 1145 cogitatione,

166 1159 297 1188 immundi
314 1166 394 1193 opere
407 1179 415 1191 ,
440 1162 468 1184 ut
485 1161 609 1192 tanquam
624 1156 789 1190 coinquinati
803 1159 830 1183 et
842 1155 956 1182 morbidi

163 1214 177 1234 a
189 1206 285 1232 castris
300 1205 425 1232 Ecclesiae
442 1208 610 1238 separentur,
628 1211 662 1230 ne
676 1203 836 1238 contagione
851 1210 956 1230 morum

165 1258 274 1278 suorum
289 1250 370 1277 vitam
385 1250 503 1282 polluant
518 1248 711 1275 innocentium.

202 1296 284 1331 438
291 1296 317 1322 8.
331 1295 367 1321 lbi
376 1294 408 1320 ab
417 1302 487 1320 anno
495 1293 623 1320 vicesimo
634 1296 844 1320 annumerantur
854 1291 956 1327 populi,

165 1340 211 1375 qui
223 1340 255 1367 ad
271 1339 389 1374 praelium
404 1338 550 1372 eliguntur.
565 1337 617 1364 Sed
632 1345 679 1363 cur
693 1337 727 1363 ab
739 1344 809 1363 anno
821 1337 956 1367 vicesimo,

164 1386 215 1413 nisi
230 1385 289 1420 quia
312 1385 345 1410 ab
366 1384 416 1410 hac
432 1387 511 1410 aetate
526 1386 616 1409 contra
642 1389 857 1415 unumquemque
878 1381 957 1408 vitio-

166 1439 228 1458 rum
239 1430 308 1457 bella
322 1428 487 1456 nascuntur?
506 1428 622 1462 ideoque
635 1428 668 1454 ad
683 1435 796 1462 pugnam
812 1428 957 1462 eliguntur,

167 1481 197 1503 ut
212 1475 327 1503 habeant
346 1478 437 1502 contra
458 1474 595 1501 libidinem
609 1473 763 1500 conflictum
774 1493 781 1504 ,
799 1480 832 1500 ne
847 1472 958 1500 luxuriis

164 1524 335 1556 superentur.
352 1531 358 1536 -

673 139 702 168 S.
715 137 845 167 tstnotu
863 137 1084 167 fflSPALENSlS
1103 136 1253 166 EPtscot‘t

158 207 243 237 bont,
274 210 308 230 ne
327 207 387 229 eum
413 195 548 230 biberint,
574 195 766 223 obliviscantur
808 193 987 228 sapientiaeA

1731 135 1788 165 att
1819 171 1823 173 λ

1033 193 1076 222 11.
1093 193 1147 222 Sed
1166 194 1225 228 quis
1248 193 1307 222 haec
1330 194 1422 228 praelia
1445 193 1496 221 sibi
1519 191 1638 227 perfecte
1659 190 1782 228 subigat,

998 245 1057 268 cum
1081 239 1181 267 Paulus
1203 239 1275 267 dicat
1295 249 1303 268 ε
1322 239 1405 267 Video
1425 240 1504 266 aliam
1524 239 1604 273 leqem
1621 238 1649 265 in
1667 238 1785 267 membri·

997 286 1060 312 meis
1072 305 1079 318 ,
1100 289 1284 320 repugnantem
1299 285 1349 320 leqi
1370 286 1460 313 mentis
1481 292 1552 317 meoe,
1568 288 1591 310 et
1607 284 1732 319 captivum
1746 293 1786 313 me

998 329 1131 357 ducentem
1144 330 1172 357 in
1186 330 1240 365 leqe
1254 331 1351 365 peccati
1371 330 1460 365 (Rom.
1477 338 1514 357 vn
1526 350 1534 363 ,
1546 329 1616 364 23)?
1639 329 1691 358 Sed
1715 329 1787 357 atiud

999 377 1042 401 est
1054 373 1125 401 bella
1141 374 1247 402 sortiter
1259 376 1371 410 perpeti,
1386 375 1458 402 aliud
1468 375 1547 403 bellis
1560 374 1693 402 enerviter
1704 382 1788 411 expu-

999 420 1074 455 gnari
1096 428 1102 446 :
1129 420 1156 447 in
1179 420 1239 448 istis
1262 426 1403 449 exercetur
1421 422 1526 454 virtus,
1551 428 1586 448 ne
1613 421 1673 456 quis
1696 421 1789 450 extolli

998 465 1093 492 debeat
1105 473 1113 498 ;
1129 465 1156 492 in
1169 466 1222 493 illis
1233 467 1388 495 omnimodo
1398 467 1586 502 exstinguitur,
1599 475 1633 494 ne
1649 467 1788 495 subsistat.

1035 520 1078 548 ¹2.
1099 520 1229 556 Praecepit
1243 522 1341 550 dehinc
1356 523 1394 550 ibi
1413 523 1455 551 lex
1477 524 1584 557 levitis,
1607 532 1699 552 omnes
1720 525 1791 559 pilos

999 566 1085 593 carnis
1100 566 1195 594 radere
1206 587 1215 600 ,
1228 567 1290 602 quia
1305 568 1331 594 lti
1349 569 1394 602 qni
1413 569 1551 603 obsequiis
1564 574 1736 597 assumuntur
1751 570 1791 597 di-

999 612 1068 639 vinis
1081 612 1180 641 debent
1193 617 1258 641 ante
1271 613 1317 641 Dei
1331 614 1423 642 oculos
1436 621 1450 641 a
1464 615 1567 642 cunctis
1589 616 1677 642 carnis
1691 615 1793 650 cogita-

1002 658 1120 685 tionibus
1141 659 1232 686 mundi
1258 666 1408 694 apparere,
1432 667 1466 687 ne
1487 660 1592 687 illicitas
1619 661 1794 695 cogitationes

1001 711 1076 731 mens
1092 705 1227 739 proterat,
1244 710 1272 732 et
1290 706 1429 740 pulchram
1449 706 1545 733 animae
1565 707 1682 741 speciem
1696 727 1704 741 ,
1718 708 1794 742 quasi

1000 748 1061 782 pilis
1076 749 1275 783 fruticantibus,
1292 749 1438 778 deformem
1452 751 1557 778 reddat.

1036 803 1080 831 15.
1097 803 1161 831 Post
1181 804 1239 832 haec
1250 805 1378 840 jubentur
1391 807 1472 834 etiam
1488 807 1546 835 fieri
1561 808 1620 835 duze
1634 809 1714 842 tubae,
1730 817 1796 844 qua-

1001 857 1058 876 rum
1072 849 1197 884 clangore
1205 851 1294 885 populi
1308 857 1479 879 moverentur
1491 852 1522 879 ad
1531 853 1661 887 praelium.
1670 854 1716 881 Sic
1723 855 1795 882 enim

1002 897 1130 930 scriptum
1145 902 1185 924 est
1199 897 1231 924 de
1249 897 1330 933 439
1345 898 1385 925 his
1398 898 1430 925 ad
1450 899 1559 934 Moysen
1573 908 1580 926 e
1595 899 1650 926 Fac
1671 900 1715 926 tibi
1730 901 1796 927 duas

1004 941 1076 968 tubas
1091 946 1224 976 arqenteas
1239 942 1355 969 ductiles.
1374 942 1407 969 Et
1420 939 1499 977 paulo
1515 949 1573 978 post
1587 953 1594 970 ι
1606 943 1669 971 Cum
1680 945 1797 972 concisus

1004 988 1109 1022 clangor
1122 988 1288 1021 increpuerit,
1303 987 1471 1015 ”tenebuntur
1481 994 1576 1016 castra.
1589 989 1639 1016 Per
1650 990 1716 1017 duas
1725 991 1796 1018 enim

1005 1033 1082 1059 tubas
1104 1032 1236 1059 exercitus
1260 1032 1378 1065 ducitur,
1392 1033 1452 1067 quia
1470 1041 1517 1067 per
1532 1034 1586 1060 duo
1605 1033 1774 1062 Testamenta
1786 1055 1794 1068 ‚

1007 1077 1064 1105 sive
1080 1085 1127 1112 per
1138 1078 1335 1112 duo'praecepta
1347 1078 1496 1114 eharitatis,
1513 1079 1546 1106 ad
1560 1080 1723 1114 procinctum
1737 1081 1798 1109 lidei

1008 1123 1123 1158 populus
1138 1128 1275 1150 evocatur.

1045 1181 1088 1208 14.
1112 1181 1177 1214 Quae
1194 1181 1293 1209 idcirco
1313 1187 1446 1217 argenteae
1460 1182 1516 1210 fieri
1531 1183 1667 1217 jubentur,
1683 1187 1713 1211 ut
1727 1191 1798 1218 prae-

1011 1226 1161 1254 dicatorum
1176 1227 1255 1254 verba
1269 1227 1368 1261 eloquii
1383 1227 1471 1255 nitore
1485 1228 1642 1263 refulgeant,
1658 1233 1684 1256 et
1697 1229 1800 1257 audito-

1009 1280 1068 1299 rum
1084 1276 1201 1300 mentem
1215 1272 1289 1300 nulla
1309 1274 1350 1300 sui
1372 1273 1536 1301 obscuritate
1556 1273 1730 1302 confundant.
1754 1275 1799 1302 ld-

1007 1317 1080 1345 eirco
1100 1318 1234 1349 ductiles,
1258 1318 1318 1352 quia
1339 1325 1450 1346 necesse
1464 1323 1545 1346 estut
1558 1319 1585 1346 hi
1600 1320 1643 1354 qui
1659 1324 1798 1347 venturam

1011 1363 1089 1389 vitam
1107 1363 1268 1395 praedicaut,
1285 1363 1483 1391 tribulationum
1505 1364 1676 1398 praesentium
1697 1365 1799 1392 tunsio-

1011 1407 1087 1434 nibus
1102 1411 1233 1434 crescant.

1047 1463 1091 1490 ¹5.
1113 1462 1184 1489 Bene
1198 1466 1286 1490 autem
1302 1462 1398 1490 dieitur
1415 1472 1421 1491 ε
1438 1463 1501 1490 Cum
1512 1465 1626 1491 concisus
1641 1464 1799 1500 clanqortn-

1011 1508 1149 1543 crepuerit,
1174 1508 1338 1535 movebuntur
1362 1513 1466 1542 castra,
1489 1509 1550 1543 quia
1573 1509 1716 1542 nimirum,
1740 1518 1801 1539 cum

202 1566 227 1591 9,
249 1564 287 1591 lbi
303 1564 382 1591 enam
397 1563 431 1590 ab
455 1570 525 1589 anno
540 1563 670 1589 vicesimo
693 1566 721 1589 02
745 1563 837 1596 quinto
859 1561 958 1588 Lgvnae
973 1562 996 1593 C
1012 1553 1136 1580 subtilior
1149 1559 1180 1579 ac
1191 1553 1317 1580 minutior
1335 1554 1532 1588 praedicationis
1553 1561 1643 1582 sermo
1662 1559 1800 1590 tractatur,

167 1609 341 1636 tabernaculo
356 1607 456 1635 servire
472 1607 642 1640 mandantur,
657 1611 684 1634 et
699 1614 714 1633 a
730 1607 957 1642 quinquagenario

166 1654 293 1681 custodes
306 1660 431 1680 vasorum
448 1652 524 1679 liunt.
541 1653 609 1686 Quid
625 1653 695 1680 enim
707 1660 755 1686 per
769 1660 867 1680 annum
881 1653 958 1688 quin-

166 1704 234 1732 tum,
251 1706 282 1726 ac
296 1699 460 1730 vicesimum,
478 1698 504 1725 in
518 1705 586 1732 quos
602 1698 651 1725 ilos
666 1698 813 1732 juventutis
826 1699 958 1731 oboritur,

167 1745 218 1773 nisi
231 1744 283 1780 ipsi
298 1749 392 1771 contra
404 1750 620 1778 unumquemque
631 1743 757 1770 vitiorum
769 1744 836 1771 bella
851 1744 959 1778 signan-

167 1791 227 1818 tur?
243 1791 276 1817 Et
290 1790 352 1824 quid
366 1797 414 1824 per
428 1789 699 1824 quinquagenarium,
723 1789 749 1815 in
765 1796 817 1823 quo
836 1794 863 1816 et
884 1789 957 1823 jubi-

168 1835 210 1862 laei
233 1834 339 1868 requies
361 1834 524 1865 continetur,
547 1833 599 1860 nisi
623 1833 727 1860 interna
748 1834 824 1868 quies
841 1833 958 1861 edomito

168 1882 238 1910 hetto
261 1882 359 1908 mentis
372 1881 554 1916 exprimitur?
569 1881 638 1915 Quid
651 1889 714 1909 vero
729 1888 777 1916 per
790 1889 854 1909 vasa
869 1882 957 1908 taber-

168 1926 274 1960 naculi,
287 1926 336 1954 nisi
352 1926 468 1953 fidelium
484 1927 581 1954 animae
592 1926 779 1961 designantur?

207 1972 250 1999 10.
272 1971 370 2000 Levitte
384 1978 451 2006 ergo
465 1971 499 1998 ab
521 1978 592 1998 anno
604 1972 738 2005 ,vicesimo
761 1975 787 1999 et
806 1975 899 2006 quinto
921 1975 961 1998 ta-

169 2017 314 2046 bernaculo
334 2018 454 2045 serviunt
467 2038 475 2050 ,
496 2022 523 2045 et
537 2018 763 2052 quinquagenario
777 2025 900 2045 vasorum
914 2026 959 2045 cu-

170 2064 260 2091 stodes
275 2065 341 2090 liunt
353 2084 360 2095 ,
384 2068 412 2090 ut
428 2063 552 2091 videlicet
571 2064 618 2098 qui
639 2064 726 2091 adhuc
747 2064 958 2098 impugnantium

171 2109 296 2135 vitiorum
311 2109 454 2135 certamina
470 2116 516 2142 per
538 2116 698 2136 consensum
713 2109 899 2137 delectationis
915 2114 960 2137 to-

171 2153 258 2179 lerant
271 2153 382 2179 aliorum
396 2160 487 2180 curam
499 2154 635 2187 suscipere
645 2161 697 2180 non
711 2159 881 2188 praesumant.
894 2155 960 2182 Cum

171 2204 235 2225 vero
251 2197 426 2224 tentationum
443 2198 512 2224 bella
528 2197 692 2232 subegerint,
707 2205 768 2225 cum
781 2199 851 2233 apud
864 2207 893 2227 se
903 2200 960 2234 jam

1012 1599 1163 1626 auditorum
1195 1603 1300 1626 mentes
1333 1603 1425 1626 contra
1453 1600 1629 1627 tentationum
1655 1602 1800 1629 certamina

1009 1646 1147 1673 ardentius
1163 1646 1324 1673 excitantur.
1341 1645 1400 1673 Jam
1421 1645 1518 1673 abhinc
1541 1651 1731 1685 promoventur
1752 1647 1800 1675 titii

1010 1692 1091 1720 Israel
1105 1691 1139 1718 de
1154 1696 1243 1719 monte
1258 1691 1333 1724 Sina,
1350 1696 1377 1719 et
1392 1695 1532 1719 transeunt
1547 1692 1573 1720 in
1593 1693 1715 1728 sepulcra
1738 1700 1802 1721 con-

1009 1737 1192 1773 cupiscentiae.

1308 1804 1420 1834 CAPUT
1440 1805 1510 1835 Xlil.

1046 1884 1072 1910 t.
1093 1882 1183 1910 Tertia
1199 1882 1302 1910 decima
1319 1882 1422 1910 mansio
1441 1886 1482 1910 est
1503 1883 1530 1910 in
1558 1882 1688 1918 sepulcris
1703 1889 1803 1910 concu-

1011 1930 1158 1965 piscanum,
1175 1929 1220 1957 ubi
1236 1929 1359 1964 populns,
1381 1929 1518 1957 lastidiens
1533 1930 1669 1958 coelestem
1686 1937 1802 1964 panem,

1011 1982 1106 2003 carnes
1139 1974 1279 2010 AEgyptias
1303 1974 1476 2002 desideravit.
1511 1974 1660 2009 Multosque
1687 1974 1803 2003 subitum

1011 2021 1151 2049 devoravit
1166 2019 1329 2047 incendium.
1356 2019 1376 2047 E
1391 2019 1486 2054 quibus
1508 2020 1663 2053 edocemur,
1678 2019 1723 2054 qui
1737 2026 1803 2047 con-

1013 2068 1194 2094 versationem
1217 2065 1375 2100 reliquimus
1399 2065 1488 2092 saeculi
1502 2086 1509 2098 ,
1535 2069 1562 2092 et
1581 2065 1720 2100 AEgyptias
1738 2065 1804 2093 ollas

1015 2113 1055 2148 (id
1070 2118 1121 2146 est,
1138 2112 1282 2140 carnalium
1298 2111 1492 2139 desideriorum
1509 2110 1629 2139 fervores
1644 2111 1804 2145 contempsi-

1012 2159 1101 2193 mus),
1117 2166 1169 2186 non
1185 2158 1286 2186 debere
1303 2163 1470 2185 murmurare
1490 2161 1582 2184 contra
1605 2157 1739 2184 coelestem
1754 2163 1804 2191 pa-

1012 2211 1083 2235 nem,
1101 2210 1150 2230 nec
1165 2203 1321 2230 virulentias
1337 2202 1524 2238 AEgyptiorum
1537 2222 1543 2234 ,
1559 2203 1603 2236 qui
1617 2207 1677 2229 sunt
1694 2209 1804 2237 magna·

171 2242 206 2270 de
220 2242 315 2268 intima
331 2242 526 2276 tranquillitate
540 2241 628 2270 securi
643 2246 706 2269 sunt
718 2262 726 2274 ,
742 2243 889 2272 animarum
904 2253 963 2273 sor-
974 2247 1002 2278 D
1015 2255 1074 2276 rum
1090 2250 1221 2282 carnium,
1236 2249 1282 2276 sed
1297 2248 1444 2282 simplicem
1458 2255 1565 2275 mannae
1579 2248 1668 2275 cibum
1680 2268 1688 2281 ,
1705 2247 1731 2274 id
1742 2251 1783 2275 est
1794 2266 1803 2281 ,

172 2287 271 2315 tiantur
284 2287 444 2315 custodiam.

207 2367 234 2394 5.
257 2364 345 2391 Oritur
358 2364 485 2399 passione.
508 2364 598 2391 Oritur
612 2363 740 2398 colluvie,
758 2362 850 2391 Ambr.
863 2363 958 2392 Gaui..

209 2400 279 2427 thid.
301 2399 363 2427 Alb.
384 2407 391 2425 :
417 2398 464 2426 tut
485 2399 551 2425 enim
574 2399 660 2425 vinum
683 2403 708 2425 et
733 2398 837 2425 siceram
860 2398 959 2427 bibunt.

173 2435 290 2464 Grialius
303 2434 410 2465 videtur
425 2434 450 2461 in
463 2438 535 2461 textu
550 2434 666 2461 voluisse
681 2441 815 2468 apponere
831 2435 958 2468 passione,

175 2475 206 2499 ut
216 2470 315 2497 babent
329 2469 385 2501 alii.
402 2475 450 2503 pro
460 2469 578 2496 colluvie.
591 2468 676 2495 Ansv.

210 2506 237 2532 6.
257 2505 286 2532 ln
301 2504 435 2531 nonnullis
448 2503 523 2536 tiss..
539 2511 614 2530 uvam
634 2511 735 2537 passam
755 2503 795 2530 itti
816 2507 957 2537 vescuntur,

173 2546 203 2569 ut
216 2539 351 2567 interdum
361 2543 420 2566 utor
433 2546 494 2566 cum
505 2538 656 2566 accusativo
667 2539 795 2566 occurrit.
810 2539 898 2566 Ansv.

209 2575 237 2603 9.
259 2573 294 2601 Ea
304 2583 320 2601 a
332 2574 549 2608 quinquaqenario
567 2573 683 2600 custodes
696 2581 815 2601 vanorum
833 2573 909 2607 fiunt.
925 2573 965 2601 lta

175 2615 251 2638 vetus
267 2609 366 2636 Editio.
382 2603 499 2636 Grialius
512 2615 560 2643 per
573 2615 692 2636 errorem
706 2629 714 2642 ‚
738 2613 767 2636 ut
778 2613 844 2643 puto
856 2628 864 2641 ‚
887 2608 962 2643 fiant.

176 2644 298 2672 Breulius
312 2643 421 2672 exhibet
435 2644 512 2678 stanit,
522 2643 570 2670 sed
584 2644 631 2675 ita,
644 2648 673 2670 ιιι
683 2651 699 2670 a
709 2643 962 2679 quinquagenario...

191 2679 194 2683 '
213 2684 249 2705 nt.
262 2681 349 2706 Anuv.

175 2681 257 2741 ΜΗ.
271 2713 392 2748 Vulgata,
403 2716 426 2740 et
437 2713 605 2748 captivantem
613 2721 653 2741 me
662 2713 689 2741 in
699 2713 753 2749 tege
762 2713 867 2749 peccati.
874 2712 961 2741 Aur.

212 2749 257 2775 ta.
268 2748 385 2776 Charitas
398 2757 485 2776 omnes
498 2750 565 2782 pilos
578 2749 664 2776 carnia
674 2768 683 2782 ,
699 2755 784 2784 usque
800 2748 834 2776 nd
855 2749 938 2776 reddit
949 2768 959 2782 ‚

178 2783 256 2810 rerba
275 2787 338 2811 sunt
358 2783 450 2818 (Ji-eg..
464 2791 481 2811 v
491 2783 598 2816 moral..
609 2790 668 2818 cap.
680 2782 732 2818 24,
754 2791 788 2812 ex
816 2790 870 2820 quo
886 2783 962 2819 steti-

178 2817 294 2844 cantibus
310 2818 433 2852 legimus.
446 2825 499 2846 non
514 2818 737 2854 fructificantibus,
748 2823 777 2847 ut
787 2821 847 2848 erat
857 2817 885 2848 tn
894 2818 960 2846 Ιιο.

179 2859 207 2879 o.
223 2850 444 2883 Excrmautm.
455 2853 580 2882 Ambroc.
595 2852 690 2882 Gnut.

1017 2300 1111 2328 puram
1126 2293 1314 2327 coelestemque
1328 2292 1409 2319 vitam
1423 2299 1556 2326 quaerere.

1051 2367 1121 2396 stid.
1140 2368 1168 2395 in
1188 2371 1244 2395 not.
1261 2366 1354 2394 Grialii
1374 2366 1481 2394 videtur
1505 2367 1644 2402 legendum
1659 2368 1741 2396 levitis
1755 2376 1806 2402 pro

1014 2402 1135 2434 charitas,
1151 2407 1178 2430 et
1191 2402 1283 2429 reddat
1296 2409 1344 2436 pro
1359 2402 1455 2428 reddit.
1469 2402 1554 2429 Ansv.

1014 2471 1036 2499 G
1051 2437 1095 2464 15.
1107 2437 1147 2463 Ad
1160 2438 1318 2472 procinctum
1329 2437 1399 2470 fidei.
1411 2436 1452 2463 Aa
1463 2438 1580 2472 proelittm
1592 2437 1662 2471 fidei.
1678 2437 1803 2467 Ambras.

1038 2479 1110 2499 mu..

1051 2505 1094 2533 15.
1115 2506 1181 2533 Cod.
1197 2506 1299 2533 Botion.
1315 2505 1380 2533 Cum
1395 2506 1512 2533 subtilius
1528 2516 1559 2534 ac
1577 2507 1699 2534 minutius
1712 2508 1805 2542 proedi-

1014 2541 1120 2569 canonis
1133 2549 1214 2568 termo
1226 2545 1360 2574 tractatur,
1374 2542 1520 2569 contamina
1529 2562 1537 2573 ,
1551 2542 1579 2568 id
1593 2547 1644 2574 est,
1665 2543 1804 2570 certamina

1014 2577 1145 2604 ardentius
1155 2577 1305 2603 excitamur.
1317 2576 1332 2602 J
1336 2584 1377 2603 am
1389 2577 1480 2604 abhinc
1490 2578 1637 2613 mmovent
1647 2576 1696 2611 filit
1707 2576 1802 2611 Israel,

1014 2616 1068 2639 etc.
1083 2611 1204 2646 Vulgata,
1218 2611 1352 2638 movebunt
1366 2617 1461 2639 cantra.
1476 2613 1562 2640 Αιιεν.
1579 2626 1586 2633 ·

1049 2646 1113 2674 Cn.
1130 2653 1187 2674 xm.
1214 2646 1254 2673 Ex
1276 2645 1428 2682 Hieronymi
1451 2651 1479 2674 et
1498 2647 1625 2674 Ambros.
1641 2645 1732 2674 verbis
1746 2650 1803 2675 tota

1014 2681 1126 2709 conflata
1139 2685 1190 2708 est.
1208 2680 1303 2708 GntAt..

1049 2716 1119 2743 Ibid.
1133 2716 1183 2749 Qut
1192 2721 1250 2743 sunt
1262 2724 1379 2751 meynar.
1391 2715 1624 2744 καὶαπ-118111).
1635 2722 1662 2743 ο.
1671 2719 1697 2744 et
1705 2715 1800 2744 Ambr-

1016 2751 1080 2785 Quoe
1093 2756 1150 2778 sunt
1162 2757 1294 2787 poetarum
1304 2753 1429 2788 earmina,
1445 2751 1600 2786 ttteronym.
1617 2749 1712 2779 Gaui..

1049 2786 1118 2813 Ibid.
1141 2786 1223 2820 Atta,
1239 2793 1350 2822 panm,
1363 2795 1408 2816 nee
1427 2787 1586 2823 purulentia·
1604 2782 1800 2825 AE'qyptt'mttu,

1013 2829 1069 2855 quoe
1082 2825 1152 2856 cunt,
1167 2826 1220 2850 etc.
1236 2822 1321 2850 Mn.
1536 2823 1537 2826 ’
1763 2851 1770 2853 .
