1832 3016
26 151 106 191 ω,

29 264 203 301 ‹spiciendum
222 267 274 291 est.
300 261 377 296 331
403 259 471 286 Dum
497 257 589 286 Laban
601 258 724 292 superius
747 257 825 284 aliam

32 315 113 347 sgerat
126 314 275 345 porsonam,
289 313 359 334 nunc
376 309 464 333 tamen
479 304 580 332 diaboli
604 308 695 340 typum
719 303 824 339 figurat.

39 358 129 386 Lahan
143 356 238 392 quippe
258 354 449 387 interpretatur
463 351 609 380 dealbatio.
626 351 765 380 Dealbatio
780 358 827 379 au-

36 410 92 433 tem
105 402 226 431 diabolus
236 407 288 428 nou
301 399 520 428 inconvenienter
535 399 676 434 accipitur,
698 398 742 432 qui
766 406 826 426 cum

38 451 73 478 sit
91 457 124 478 ex
136 447 228 477 merito
242 446 410 481 tenebrosus,
432 445 603 480 transfigurat
618 451 647 473 se
660 443 688 472 in
703 445 826 479 angelum

33 496 113 524 ducis.

74 542 101 570 8.
122 539 186 568 Huic
201 539 310 567 servivit
325 538 407 566 Jacob
421 559 428 572 ,
446 538 472 566 id
488 543 547 573 est,
564 546 599 566 ex
613 542 688 573 parte
701 537 828 572 reprobo-

30 597 95 616 rum
115 587 241 615 Judaicus
261 586 393 620 populus,
417 593 450 613 ex
472 586 549 620 cujus
572 593 653 613 carne
676 585 828 613 incarnatus

28 633 163 662 meinimis
177 633 258 660 veuit.
275 632 364 659 Potest
379 631 460 659 etiarn
477 639 524 666 per
540 631 629 658 Laban
649 631 764 658 mundus
785 630 829 657 hic

30 679 157 713 morunt,
171 678 216 714 qui
231 687 290 707 cum
306 678 398 706 furore
412 678 496 706 Jacob
509 678 686 712 persequitur,
701 678 762 712 quia
774 677 830 705 ele-

37 731 92 754 ctos
107 733 241 761 quosque,
259 726 302 760 qni
319 725 506 760 Redemptoris
520 725 605 752 nostri
621 724 740 751 inembra
754 722 827 757 sunt,

38 772 219 807 persequendo
233 772 386 806 opprimere
398 776 519 798 conatur.
534 771 617 806 HuJus
629 770 724 803 liliam,
737 770 762 797 id
774 774 827 803 est,

37 826 83 844 scu
109 817 198 844 mundi
212 838 219 850 ,
245 825 292 844 seu
316 817 414 844 diaboii
427 837 435 850 ‚
459 816 541 844 Jacob
559 815 688 850 abstulit,
704 824 765 844 cum
779 815 829 844 sibi

38 862 157 889 Christus
174 863 320 890 Ecclesiam
338 870 370 890 ex
387 863 535 897 gentilitate
550 863 699 897 conjunxit.
712 870 790 898 quam
803 867 831 890 et

38 953 91 980 ctt:
111 951 263 980 obliviscere
288 955 411 989 populum
436 959 506 981 tuum
518 975 526 988 ‚
543 960 567 982 et
584 956 687 984 domum
702 956 782 991 patris
798 956 834 983 tui

39 996 147 1032 (I‘salm.
167 1006 242 1031 xmv,
261 999 316 1033 1¹).

77 1045 99 1071 i.
120 1045 186 1076 Quid
201 1053 264 1071 vero
281 1046 305 1071 in
323 1045 401 1072 idolis
415 1066 421 1078 ,
448 1045 499 1072 nisi
524 1046 635 1073 avaritia
655 1046 834 1082 designatur?

39 1090 108 1117 uuile
122 1094 149 1116 ct
163 1097 208 1124 per
224 1091 333 1117 Paulum
346 1092 444 1118 dicitur
457 1100 463 1118 z
478 1091 511 1117 Et
523 1093 642 1124 avaritia,
658 1100 714 1127 quw
728 1098 764 1119 est
779 1093 836 1120 ido-

39 1135 121 1162 lorum
135 1137 242 1162 ,servitus
256 1136 366 1171 (Coloss.
383 1136 433 1171 ιιι).
457 1137 546 1164 Laban
562 1144 626 1172 ergo
639 1139 749 1165 veniens
766 1139 835 1173 apud

41 1180 134 1213 Jacob,
151 1181 221 1208 idola
238 1190 291 1209 non
307 1183 421 1215 invenit,
439 1183 518 1217 quia,
534 1184 652 1211 ostensis
667 1184 759 1212 mundi
776 1186 835 1212 the-

39 1228 124 1255 sauris
139 1248 145 1259 ‚
162 1228 284 1256 diabolus
300 1229 326 1255 in
341 1228 521 1263 Redemptore
539 1234 633 1257 nostro
649 1231 758 1265 vestigia
773 1237 836 1258 con-

43 1273 215 1307 cupiscentiae
231 1278 344 1301 tcrreuae
359 1282 411 1301 uon
426 1275 534 1309 reperit.
551 1275 603 1303 Sed
619 1283 677 1310 qua?
690 1275 771 1304 Jacob
783 1284 835 1304 non

31 1316 145 1353 lbabuit,
162 1327 191 1346 ea
208 1319 309 1347 Rachel
323 1320 442 1347 sedendo
457 1321 607 1355 cooperuit.

77 1365 103 1392 5.
125 1366 177 1394 Per
190 1366 289 1394 Rachel
302 1367 401 1402 quippe
414 1388 421 1400 ,
436 1374 495 1401 quae
511 1368 568 1394 ovis
581 1368 678 1395 dicitur
690 1388 697 1401 ,
715 1369 835 1397 Ecclesia

31 1411 179 1447 :figuratum
201 1412 302 1440 Sedere
315 1417 403 1440 autem
417 1417 458 1441 est
472 1413 652 1441 humilitatem
669 1415 835 1449 poenittntiae

30 1463 167 1494 :appetere
180 1479 188 1492 ,
201 1460 269 1487 sicut
284 1461 412 1494 scriptum
427 1467 468 1487 esi
484 1469 490 1486 ε
509 1460 614 1496 Surgite
626 1481 633 1494 ‚
646 1466 781 1496 postquam
793 1470 834 1489 se-

30 1505 129 1533 nderitis
153 1504 264 1541 (Ριαίιιι.
281 1506 383 1541 cxxvi).
410 1505 511 1533 Rachel
536 1513 600 1541 ergo
624 1507 742 1535 sedendo
765 1508 834 1535 idola

30 1551 180 1589 ieooperuit
192 1573 200 1586 ,
217 1552 278 1587 quia
301 1556 393 1580 sancta
412 1553 532 1579 Ecclesia
546 1551 683 1580 Christum
698 1561 814 1589 sequens
827 1576 834 1587 ‚

32 1642 133 1669 *tentiae
153 1643 301 1677 cooperuit.
330 1643 366 1671 De
391 1644 441 1671 hac
464 1645 635 1678 coopertione
651 1645 775 1673 vitiorum
791 1654 838 1681 per

46 1687 203 1723 Prophetam
219 1690 315 1716 dicitur
334 1698 340 1715 ε
362 1689 434 1716 Beati
449 1698 556 1724 quorum
578 1692 690 1718 remissoe
705 1696 763 1718 sttnt
789 1692 840 1719 t'm'-

45 1736 160 1770 qttitntes‚
174 1739 198 1762 et
210 1744 318 1771 quorum
334 1740 398 1763 tecta
414 1742 473 1763 sunt
488 1742 593 1771 peccata
607 1737 718 1772 (Pa-alm.
735 1738 819 1773 xxxi).

80 1784 108 1811 6.
128 1783 182 1811 Nos
201 1784 280 1819 igitur
303 1785 402 1812 Rachel
418 1785 463 1812 illa
485 1785 617 1820 signavit,
641 1786 686 1821 qui
708 1786 777 1813 idola
798 1794 839 1814 se-

47 1828 136 1858 dendo
166 1831 311 1864 premimus
327 1851 335 1864 ‚
363 1831 386 1858 si
415 1831 506 1865 culpas
534 1832 653 1860 avaritioe
687 1833 840 1867 poeuitendo

45 1876 214 1905 damnamus.
247 1877 312 1910 Quae
335 1877 426 1911 utique
452 1878 569 1905 avaritiae
598 1880 763 1906 immunditia
788 1888 840 1907 non

46 1920 107 1951 illos
122 1923 167 1959 qui
181 1923 295 1951 viriliter
310 1928 420 1951 currunt
444 1924 577 1959 impedit,
601 1926 696 1960 quibus
720 1926 816 1953 dicitur
834 1936 839 1952 :

50 1969 164 1997 viriliter
174 1970 249 2005 agite,
262 1975 285 1997 et
297 1970 455 2004 confortetur
467 1979 510 1997 cor
521 1976 629 1998 vestrum
641 1971 752 2006 (Partim.
767 1981 841 2005 xxvi,

50 2016 106 2050 ss).
133 2015 186 2043 Sed
213 2015 254 2043 his
277 2016 392 2043 maxime
416 2017 504 2044 evenit
519 2017 574 2052 qui,
591 2018 665 2052 quasi
690 2018 842 2046 effeminato

47 2070 141 2099 gressu
169 2063 343 2098 gradientes,
369 2071 415 2099 per
436 2063 618 2092 blandimenta
644 2064 735 2092 saeculi
760 2065 843 2092 resol-

47 2113 156 2137 vuntur.

87 2156 113 2183 7.
135 2154 210 2184 Unde
221 2160 248 2183 et
259 2155 314 2183 illic
325 2157 444 2190 eiusdem
459 2156 585 2183 Rachelis
598 2157 655 2184 haec
667 2157 748 2184 verba
760 2162 821 2185 sunt
835 2167 842 2185 :

49 2201 128 2230 Juxta
141 2202 348 2229 consuetudinem
361 2202 514 2236 seminarum
529 2209 595 2227 nunc
611 2202 704 2228 accidit
720 2202 781 2229 milti
793 2211 802 2235 ,·
818 2203 843 2230 id

49 2251 99 2280 est,
113 2247 187 2282 quast
200 2247 340 2274 muliebria
354 2254 384 2274 se
396 2247 495 2274 habere
510 2247 636 2273 innotuit.
652 2246 741 2274 Laban
754 2253 842 2275 autem

50 2344 112 2366 euru
127 2359 134 2370 ,
148 2343 175 2366 et
189 2339 270 2366 locuti
287 2343 378 2366 essent
393 2338 462 2366 inter
480 2347 508 2366 se
523 2339 646 2367 ineuntes
660 2339 746 2368 soedus
760 2363 767 2375 ‚
785 2342 844 2370 tulit

51 2382 135 2411 Jacob
150 2385 266 2419 lapidem
280 2405 287 2418 ,
305 2389 331 2412 et
345 2385 431 2413 erexit
447 2385 522 2414 illum
538 2386 565 2413 in
584 2386 688 2415 titulum
703 2407 711 2421 ,
725 2388 844 2425 dixitque

53 2427 180 2458 tratribus
193 2432 248 2459 suls
261 2439 268 2458 :
281 2431 377 2466 Afferte
392 2431 502 2467 lapides.

55 2516 179 2558 impressi
193 2516 320 2546 exhibent
329 2519 461 2554 quisquis,-
475 2527 536 2547 nam
547 2519 656 2556 quisque
666 2527 714 2556 pro
728 2522 843 2558 quisquis

54 2554 120 2580 satis
135 2551 260 2581 usitatum
272 2556 324 2582 est.
337 2555 421 2582 Anssv.

90 2585 450 2619 cm.xxv1.n.2.1.a⁶au
488 2590 573 2627 ιιιρρε,
593 2597 677 2626 usque
696 2592 730 2620 ad
749 2594 845 2622 accidit

54 2622 151 2688 gimi-
158 2621 238 2650 verba
263 2627 326 2650 sunt
349 2621 440 2660 Greg..
469 2599 532 2654 ffi„
529 2633 597 2654 -ιιι
624 2626 719 2658 norat.
745 2636 771 2656 c.
799 2630 845 2660 ¹6.

42 2690 111 2761 ναξ,
113 2692 236 2758 ”5312oe
250 2695 336 2720 autem
349 2697 397 2721 est.
422 2694 509 2744 Apud
513 2695 658 2742 Grialium
677 2698 847 2732 desideratur

73 2777 94 2798 η
85 2762 259 2805 {wiotan
271 2768 323 2804 pro
335 2767 426 2792 ιιοιιιπι
448 2764 517 2801 βαι,
528 2750 661 2796 tardor-w
670 2771 704 2797 ιιι
723 2769 847 2799 nonnulli

134 2797 579 2875 saianans&
489 2799 847 2907 ..affl-¹23

175 2870 178 2875 '
213 2871 253 2911 ‘en
259 2875 407 2913 refouere
412 2844 602 2902 ωωΑῗωη,

165 2941 172 2951 .
218 2905 355 2951 rarior..
369 2906 573 2953 Lxxxttt

448 154 679 190 Qufflsrtortss
696 154 730 183 ΙΝ
751 154 829 183 ῚΙΕΤ.
853 154 1003 184 TESTAM.
1018 169 1054 176 -
1066 154 1100 194 IN
1119 153 1276 182 GENESlN.

55 204 58 211 Ι
71 219 100 247 2.
119 218 188 252 Quid
205 217 285 254 igitur
297 215 347 245 sibi
362 214 412 242 hoc
426 213 513 248 ipsum
534 212 681 248 figuraliter
694 212 768 245 velit,
781 212 826 239 in-
840 213 866 242 Α
915 211 942 239 8.
963 211 1014 245 Qui
1029 215 1220 247 congregantes
1234 210 1355 238 recerunt
1370 209 1516 242 tumulum,
1531 217 1611 246 quem
1624 218 1672 239 vo-

1620 154 1674 184 266

881 257 951 284 cavit
964 257 1055 285 Laban
1071 257 1200 285 tumulum
1215 258 1302 289 testis,
1320 261 1347 283 et
1362 255 1444 284 Jacob
1458 263 1582 284 acervum
1599 257 1672 284 testi-

881 305 973 331 monii.
990 304 1062 332 luter
1073 304 1167 332 lidcles
1178 305 1262 338 enim,
1277 309 1331 331 tam
1346 303 1461 337 Judaeos,
1477 312 1556 340 quam
1568 309 1673 340 gentes.

881 351 956 379 testis
971 357 1012 379 est
1028 352 1094 386 lapis
1110 351 1232 379 eminens
1249 351 1276 378 in
1296 350 1497 378 similitudinem
1513 351 1632 384 Christi,
1648 357 1676 379 et

881 406 992 427 acervus
1003 399 1132 434 lapidum,
1147 399 1191 433 qui
1208 402 1249 426 est
1264 397 1407 425 multitudo
1422 398 1599 426 credentium.

1161 442 1274 470 CAPUT
1292 442 1397 470 xxvii.

1078 489 1116 518 De
1130 490 1198 516 lucta
1210 489 1291 516 Jacob
1306 498 1363 516 cum
1378 490 1479 525 angelo.

922 536 944 563 l.
966 536 1012 564 ilis
1034 536 1196 570 transactis,
1223 535 1307 563 Jacob
1331 535 1413 563 mittit
1437 536 1543 563 nuntios
1559 536 1591 563 ad
1607 536 1677 564 Eslo

883 583 991 610 fratrem
1015 590 1091 610 suum
1103 604 1111 616 ,
1127 583 1209 610 mittit
1231 587 1259 610 et
1283 590 1404 610 munera.
1421 582 1485 610 Post
1500 582 1556 610 haec
1569 604 1576 616 ,
1593 589 1678 611 trans-

883 628 970 656 ductis
983 628 1106 656 omnibus
1122 629 1179 656 suis
1202 636 1249 663 per
1275 632 1421 656 torrentem
1436 649 1444 662 ‚
1470 629 1526 663 ipse
1549 630 1680 656 remansit

883 683 903 703 si
916 676 967 703 lus.
984 676 1018 703 Et
1030 683 1092 703 ecce
1111 675 1150 703 vir
1163 675 1314 703 luctabatur
1328 683 1389 703 cum
1405 675 1450 702 illo
1463 695 1470 709 ‚
1489 675 1679 710 pracvnlnilque

883 723 906 748 ei
923 721 1021 754 Jacob,
1044 729 1094 748 nec
1119 721 1222 748 dimisit
1246 729 1307 748 eum
1322 743 1330 755 ,
1356 722 1442 749 donec
1464 722 1679 750 benedictionem

885 771 1068 802 extorqueret,
1084 774 1245 802 sacrumque
1260 767 1341 794 lsrael
1358 775 1455 795 nomen
1470 769 1615 802 acciperet.

920 814 947 840 2.
969 813 997 840 ln
1014 822 1066 848 quo
1080 813 1262 848 principaliter
1279 814 1438 840 sacramenti
1453 813 1579 840 dominici
1595 814 1681 848 imago

887 861 1054 895 praetigurata
1070 865 1120 887 est.
1137 860 1183 888 Vir
1204 860 1275 888 enim
1291 860 1336 887 ille
1350 865 1442 896 typum
1454 860 1552 887 Christi
1569 861 1681 887 evidun-

37 907 70 934 ιι»,-
85 908 162 934 ‹lonm
178 909 260 942 patris
274 908 420 942 abstrahit,
437 909 498 944 quia
514 909 537 936 ei
554 916 601 944 per
617 910 773 944 prophetam
789 910 830 936 di·
847 910 871 940 Β
886 907 988 934 tissime
1009 911 1139 942 gesserat.
1165 906 1214 934 Cui
1240 913 1329 934 tamen
1358 906 1418 934 ideo
1444 907 1582 941 prevaluit
1601 907 1684 934 tacut.

887 955 976 989 utique
1003 954 1104 981 volenti
1115 976 1122 988 ,
1152 959 1180 981 ιιι
1206 954 1364 990 mysterium
1395 955 1520 989 liguraret
1551 954 1683 988 passionis

886 1001 1004 1033 Christi,
1023 1002 1066 1028 ubi
1082 1003 1154 1028 visus
1170 1005 1211 1028 est
1226 1001 1310 1028 Jacob
1326 1001 1352 1027 ιιι
1366 1000 1519 1027 Judazoruin
1536 1004 1614 1035 typo,
1632 1000 1682 1026 hoc

887 1051 938 1078 est,
956 1047 981 1073 in
998 1047 1120 1081 corporis
1136 1047 1177 1074 sui
1194 1047 1286 1074 sobole
1303 1047 1475 1081 praevaluisse
1492 1047 1556 1078 Deo,
1569 1051 1594 1072 ct
1607 1047 1682 1080 «ioasi

887 1101 947 1120 cum
965 1093 1070 1120 infirmo
1081 1114 1089 1126 ‚
1107 1093 1141 1120 ita
1156 1101 1215 1120 cum
1231 1101 1312 1120 carne
1328 1093 1387 1127 eJ'us
1403 1093 1536 1119 luctamen
1553 1093 1620 1120 inire
1633 1112 1640 1124 ,
1657 1097 1683 1119 et

887 1139 1054 1167 invalescere
1071 1140 1095 1165 iu
1108 1140 1233 1173 passione
1247 1139 1316 1173 ejus,
1331 1139 1400 1166 sicut
1414 1138 1545 1173 scriptum
1558 1142 1608 1171 est,
1622 1146 1682 1165 cum

888 1187 1027 1214 dicerent:
1045 1185 1182 1222 Crucifi9e,
1199 1187 1329 1221 cruciliye.

924 1234 949 1260 5.
972 1232 1004 1259 Et
1020 1238 1109 1260 tamen
1131 1232 1213 1259 Jacob
1235 1232 1451 1259 benedictionem
1471 1232 1506 1258 ab
1526 1230 1620 1258 eodem
1640 1238 1684 1257 aur

887 1279 946 1313 gelo
961 1300 967 1312 ‚
984 1286 1063 1313 quem
1089 1279 1175 1305 victor
1196 1282 1393 1311 superaverat,
1417 1277 1580 1311 impetravit.
1604 1277 1684 1312 Cujus

889 1325 1002 1352 nominis
1020 1323 1155 1358 impositio
1171 1324 1263 1358 utique
1280 1323 1432 1350 benedictio
1447 1323 1507 1350 l'uit.
1523 1324 1685 1358 interpreta-

889 1375 932 1397 tur
948 1375 1036 1397 autem
1049 1369 1131 1396 lsrael
1148 1369 1235 1395 videns
1250 1368 1344 1402 Deum,
1360 1369 1431 1403 quod
1444 1370 1497 1396 erit
1508 1369 1534 1396 in
1550 1370 1602 1396 line
1617 1378 1684 1404 prae-

889 1417 970 1443 mium
995 1420 1161 1442 sanctorum.
1187 1415 1285 1449 Tetigit
1309 1422 1389 1450 porro
1412 1415 1450 1442 illi
1478 1415 1549 1442 idem
1574 1416 1685 1450 angelus

889 1461 1058 1488 latitudinem
1083 1460 1209 1494 lenioris,
1234 1465 1262 1488 et
1285 1461 1410 1488 claudum
1434 1461 1561 1489 reddidit.
1588 1461 1686 1495 Sicquc

888 1512 946 1535 erat
963 1515 1031 1534 unus
1049 1511 1075 1534 et
1089 1506 1161 1534 idem
1174 1506 1267 1539 Jacob,
1281 1512 1308 1534 et
1325 1507 1490 1541 benedictus,
1504 1513 1530 1535 et
1545 1508 1665 1535 claudus.

925 1555 951 1580 4.
974 1552 1134 1580 Benedictus
1156 1553 1184 1580 in
1205 1552 1246 1579 his
1269 1553 1314 1587 qui
1336 1553 1363 1580 in
1389 1553 1526 1581 Christum
1542 1562 1573 1581 ex
1590 1555 1684 1582 eodem

43 1596 104 1624 vitia
119 1602 232 1624 terrenae
248 1597 476 1632 concupiscentits
492 1606 539 1633 per
555 1598 731 1626 humilitatem
749 1600 836 1635 poeni-
851 1605 874 1636 C
890 1600 989 1635 populo
1011 1600 1185 1627 crediderunt
1198 1619 1205 1632 ‚
1227 1604 1306 1634 atque
1331 1601 1357 1626 in
1381 1600 1536 1628 infidelibus
1562 1601 1684 1628 claudus.

891 1646 957 1673 Nam
975 1646 1085 1673 lenioris
1100 1645 1158 1680 ejus
1173 1653 1282 1679 nervus,
1299 1647 1339 1672 vel
1356 1645 1479 1679 latitudo,
1494 1647 1602 1681 generis
1618 1647 1685 1674 inul-

893 1693 978 1721 titudo
994 1697 1046 1721 est.
1069 1693 1162 1719 Plures
1182 1691 1280 1727 quippe
1296 1697 1358 1719 sunt
1379 1693 1407 1720 in
1428 1694 1511 1727 stirpe
1525 1714 1531 1726 ‚
1548 1694 1628 1729 333
1642 1694 1686 1728 qui

892 1739 1086 1774 degenerantes
1102 1747 1116 1763 a
1132 1737 1184 1765 lide
1197 1743 1301 1772 patrum
1316 1758 1323 1771 ,
1343 1742 1369 1765 et
1383 1746 1396 1763 a
1412 1739 1553 1772 praeceptis
1569 1739 1687 1766 auctoris

892 1786 932 1812 sui
947 1785 1098 1817 ‹lex-ianxes,
1114 1784 1141 1811 in
1156 1784 1255 1812 erroris
1270 1785 1310 1811 sui
1325 1785 1429 1811 semitis
1444 1784 1606 1812 c'auolicant.

929 1832 956 1859 5.
978 1831 1017 1858 De
1029 1831 1125 1865 quibus
1141 1830 1298 1865 prophetice
1312 1830 1411 1857 dictum
1428 1835 1469 1858 est
1484 1839 1490 1856 t
1506 1830 1540 1857 Et
1553 1830 1685 1857 claudica-

894 1882 983 1904 verunt
997 1886 1012 1904 α
1027 1877 1120 1904 semitis
1137 1877 1199 1903 suis.
1223 1877 1273 1910 Qui
1291 1881 1378 1904 tamen
1399 1877 1512 1911 populus
1529 1882 1608 1912 post,
1624 1878 1688 1904 sub-

894 1926 986 1952 tractis
1009 1925 1060 1952 sibi
1086 1924 1186 1951 viribus
1201 1944 1208 1957 ,
1231 1931 1283 1951 non
1307 1924 1393 1951 solum
1419 1924 1572 1957 claudicat,
1595 1924 1640 1952 sed
1662 1930 1690 1952 et

895 1970 1022 2004 torpescit
1035 1989 1042 2002 ‚
1061 1977 1094 1996 ne
1109 1968 1179 1996 ultra
1191 1968 1246 2003 jam
1263 1976 1393 2003 generare
1407 1969 1477 1996 filios
1490 1970 1584 2003 possit.
1610 1969 1691 1996 Deni-

894 2025 946 2052 que
962 2016 1032 2051 quod
1046 2016 1145 2051 adjecit
1159 2016 1229 2044 idem
1244 2017 1394 2051 patriarcha
1409 2037 1416 2050 ‚
1432 2016 1532 2044 vidisse
1556 2024 1586 2044 se
1605 2017 1688 2044 Deum

895 2062 964 2090 faeie
984 2062 1017 2089 ad
1032 2062 1128 2089 faciem
1142 2082 1150 2095 ‚
1172 2069 1231 2089 cum
1254 2063 1377 2096 superius
1393 2063 1478 2090 virum
1495 2070 1585 2089 secum
1601 2068 1692 2090 narret

895 2108 977 2135 luisse
988 2108 1130 2140 luctatum,
1146 2107 1171 2134 id
1184 2107 1314 2142 significat
1326 2107 1446 2142 quidem,
1458 2108 1527 2142 quod
1540 2108 1610 2135 idem
1619 2107 1691 2137 Deus

897 2155 976 2182 homo
989 2159 1049 2182 erat
1064 2155 1168 2182 futurus
1180 2155 1224 2189 qui
1239 2162 1299 2181 cum
1314 2154 1397 2182 Jacob
1413 2154 1512 2189 populo
1532 2154 1690 2183 luctaretur.

1171 2200 1284 2228 CAPUT
1306 2200 1422 2228 xxvttt.

964 2246 1000 2274 De
1013 2246 1093 2279 Dina,
1109 2250 1132 2274 et
1149 2252 1225 2282 partu
1241 2246 1338 2274 Rachel
1349 2268 1357 2280 ,
1372 2252 1395 2274 et
1410 2247 1509 2274 incestu
1522 2247 1621 2274 Ruben.

49 2297 190 2327 postquam
202 2299 360 2327 persecutus
373 2298 445 2320 esset
457 2293 551 2326 Jacob,
567 2293 648 2329 332
660 2299 686 2321 et
699 2295 844 2324 invenisset
857 2291 883 2323 D
934 2293 958 2320 1.
979 2294 1042 2321 Post
1058 2293 1114 2320 haec
1129 2293 1236 2321 Sichem
1249 2314 1256 2326 ,
1274 2293 1344 2320 lilius
1359 2293 1461 2320 flemor
1474 2314 1481 2327 ‚
1499 2294 1592 2320 Dinam
1610 2293 1690 2321 liliam

896 2340 979 2368 Jacob
1003 2340 1121 2368 violavit.
1147 2339 1198 2373 Qui
1224 2344 1284 2374 post
1306 2340 1475 2367 concubitum
1501 2340 1561 2374 ejus
1583 2338 1692 2366 samihae

896 2387 977 2414 lsrael
993 2386 1113 2414 voluerat
1126 2386 1235 2414 sociari.
1246 2386 1331 2419 Quem
1347 2386 1458 2413 Simeon
1469 2389 1497 2412 et
1509 2385 1572 2412 Levi
1583 2384 1690 2418 tratres,

898 2434 1059 2471 virginitatis
1074 2433 1186 2461 sororiae
1203 2432 1335 2466 vindices,
1351 2432 1414 2459 dolo
1428 2438 1489 2459 cum
1505 2430 1578 2458 omni
1591 2429 1693 2465 populo

935 2524 1000 2551 Cae.
1017 2530 1100 2550 xxvit-
1115 2521 1146 2548 N.
1165 2521 1190 2548 1.
1205 2520 1238 2548 Et
1253 2528 1310 2547 ecce
1323 2521 1362 2547 vir
1382 2519 1526 2547 luctabatur
1544 2527 1603 2547 cum
1624 2521 1691 2555 illo,

901 2567 985 2595 usque
999 2558 1032 2585 ad
1047 2557 1255 2584 claudicat-erunt
1268 2564 1283 2582 a
1298 2557 1392 2583 remitis
1413 2555 1484 2587 suis,
1497 2563 1530 2582 ex
1546 2563 1589 2583 xvt
1603 2555 1636 2583 de
1649 2556 1694 2584 Ci-

901 2596 961 2628 vit.,
977 2602 1026 2628 cap
1029 2593 1099 2621 ..59
1118 2591 1176 2618 Viti.
1189 2591 1252 2619 item
1266 2599 1347 2619 serm.
1363 2591 1397 2618 80
1408 2590 1442 2617 de
1454 2596 1584 2624 tempore
1595 2590 1693 2620 Garsi..

937 2631 965 2659 5.
987 2602 1117 2657 Stdnmct.
1142 2627 1191 2655 rib.
1212 2626 1326 2661 viribus,
1342 2634 1375 2655 ex
1390 2626 1447 2654 Pal.
1470 2626 1527 2661 At„
1548 2631 1623 2654 tactu
1646 2627 1696 2656 ιιὺἰ

901 2666 992 2694 nervis.
1007 2664 1103 2692 Gnmt..

938 2697 1190 2728 1bi‹1.Narret.1ta
1205 2690 1281 2727 vetus
1292 2697 1391 2726 Editio.
1406 2697 1523 2727 Grialius
1538 2697 1621 2726 edidit
1632 2706 1694 2727 nar-

900 2742 951 2766 ται.
969 2736 1053 2763 Αιιιῑν.

937 2774 1002 2800 Car.
1020 2778 1110 2798 uviri.
1133 2769 1167 2797 N.
1186 2769 1210 2796 Ι.
1232 2769 1285 2797 Sed
1302 2769 1364 2804 quid
1383 2768 1431 2797 ribi
1453 2769 1534 2803 uelit,

902 2809 996 2845 gaudet
1009 2806 1122 2833 etiamin
1135 2803 1248 2837 delictis.
1264 2777 1351 2835 Verba
1371 2809 1436 2835 sunt
1447 2776 1694 2880 (ἔπειμι-Ὕλα·
1660 2769 1697 2799 ω

903 2848 971 2880 part.
987 2849 1028 2875 ιιι,
1043 2834 1226 2870 admonitione
1241 2839 1286 2869 30.
1301 2838 1403 2882 Gaui..
