<?xml version="1.0" encoding="UTF-8"?>
<!DOCTYPE html PUBLIC "-//W3C//DTD XHTML 1.0 Transitional//EN"
    "http://www.w3.org/TR/xhtml1/DTD/xhtml1-transitional.dtd">
<html xmlns="http://www.w3.org/1999/xhtml" xml:lang="en" lang="en">
 <head>
  <title>
</title>
<meta http-equiv="Content-Type" content="text/html;charset=utf-8" />
  <meta name='ocr-system' content='tesseract 3.04.00' />
  <meta name='ocr-capabilities' content='ocr_page ocr_carea ocr_par ocr_line ocrx_word'/>
</head>
<body>
  <div class='ocr_page' id='page_1' title='image "./patrologiae83unknuoft_0183.png"; bbox 0 0 1832 3016; ppageno 0'>
   <div class='ocr_carea' id='block_1_1' title="bbox 0 0 65 2724">
    <p class='ocr_par' dir='ltr' id='par_1_1' title="bbox 0 0 65 2724">
     <span class='ocr_line' id='line_1_1' title="bbox 0 0 65 2724; baseline 0 0"><span class='ocrx_word' id='word_1_1' title='bbox 0 0 65 2724; x_wconf 95' lang='lat' dir='ltr'><strong> </strong></span> 
     </span>
    </p>
   </div>
   <div class='ocr_carea' id='block_1_2' title="bbox 49 125 118 156">
    <p class='ocr_par' dir='ltr' id='par_1_2' title="bbox 49 125 118 156">
     <span class='ocr_line' id='line_1_2' title="bbox 49 125 118 156; baseline 0 0"><span class='ocrx_word' id='word_1_2' title='bbox 49 125 118 156; x_wconf 71' lang='lat'><strong>¹³53</strong></span> 
     </span>
    </p>
   </div>
   <div class='ocr_carea' id='block_1_3' title="bbox 455 116 1301 155">
    <p class='ocr_par' dir='ltr' id='par_1_3' title="bbox 455 116 1301 155">
     <span class='ocr_line' id='line_1_3' title="bbox 455 116 1301 155; baseline -0.006 -5"><span class='ocrx_word' id='word_1_3' title='bbox 455 117 682 155; x_wconf 72' lang='lat' dir='ltr'><strong>QUAEsrtoNtzs</strong></span> <span class='ocrx_word' id='word_1_4' title='bbox 701 117 734 145; x_wconf 81' lang='grc' dir='ltr'><strong>ΙΝ</strong></span> <span class='ocrx_word' id='word_1_5' title='bbox 755 116 832 145; x_wconf 72' lang='lat' dir='ltr'><strong>vm.</strong></span> <span class='ocrx_word' id='word_1_6' title='bbox 852 116 1000 145; x_wconf 80' lang='lat' dir='ltr'><strong>TESTAM.</strong></span> <span class='ocrx_word' id='word_1_7' title='bbox 1021 131 1056 139; x_wconf 93' lang='lat'><strong>—-</strong></span> <span class='ocrx_word' id='word_1_8' title='bbox 1073 116 1109 146; x_wconf 77' lang='grc' dir='ltr'><strong>ΙΝ</strong></span> <span class='ocrx_word' id='word_1_9' title='bbox 1127 116 1301 146; x_wconf 80' lang='lat' dir='ltr'><strong>NUMEROS.</strong></span> 
     </span>
    </p>
   </div>
   <div class='ocr_carea' id='block_1_4' title="bbox 1641 112 1695 142">
    <p class='ocr_par' dir='ltr' id='par_1_4' title="bbox 1641 112 1695 142">
     <span class='ocr_line' id='line_1_4' title="bbox 1641 112 1695 142; baseline 0 0"><span class='ocrx_word' id='word_1_10' title='bbox 1641 112 1695 142; x_wconf 65' lang='lat'><strong>556</strong></span> 
     </span>
    </p>
   </div>
   <div class='ocr_carea' id='block_1_5' title="bbox 103 170 1699 212">
    <p class='ocr_par' dir='ltr' id='par_1_5' title="bbox 103 170 1699 212">
     <span class='ocr_line' id='line_1_5' title="bbox 103 170 1699 212; baseline -0.009 1"><span class='ocrx_word' id='word_1_11' title='bbox 103 185 131 212; x_wconf 78' lang='lat'><strong>2.</strong></span> <span class='ocrx_word' id='word_1_12' title='bbox 151 185 185 212; x_wconf 93' lang='lat' dir='ltr'><strong>At</strong></span> <span class='ocrx_word' id='word_1_13' title='bbox 201 190 264 211; x_wconf 87' lang='lat' dir='ltr'><strong>vero</strong></span> <span class='ocrx_word' id='word_1_14' title='bbox 274 183 309 211; x_wconf 79' lang='lat' dir='ltr'><strong>do</strong></span> <span class='ocrx_word' id='word_1_15' title='bbox 322 180 415 210; x_wconf 82' lang='lat' dir='ltr'><strong>nuntio</strong></span> <span class='ocrx_word' id='word_1_16' title='bbox 428 183 455 207; x_wconf 91' lang='lat' dir='ltr'><strong>et</strong></span> <span class='ocrx_word' id='word_1_17' title='bbox 468 177 643 209; x_wconf 71' lang='lat' dir='ltr'><strong>accinctione,</strong></span> <span class='ocrx_word' id='word_1_18' title='bbox 667 175 719 203; x_wconf 83' lang='lat' dir='ltr'><strong>hoc</strong></span> <span class='ocrx_word' id='word_1_19' title='bbox 733 174 852 203; x_wconf 87' lang='lat' dir='ltr'><strong>breviter</strong></span> <span class='ocrx_word' id='word_1_20' title='bbox 864 175 891 204; x_wconf 80' lang='grc' dir='ltr'><strong>Α</strong></span> <span class='ocrx_word' id='word_1_21' title='bbox 903 174 1040 208; x_wconf 65' lang='lat' dir='ltr'><strong>fientibus,</strong></span> <span class='ocrx_word' id='word_1_22' title='bbox 1065 175 1105 202; x_wconf 82' lang='lat' dir='ltr'><strong>sic</strong></span> <span class='ocrx_word' id='word_1_23' title='bbox 1126 175 1204 210; x_wconf 92' lang='lat' dir='ltr'><strong>plaga</strong></span> <span class='ocrx_word' id='word_1_24' title='bbox 1228 174 1370 202; x_wconf 64' lang='lat' dir='ltr'><strong>dominicae</strong></span> <span class='ocrx_word' id='word_1_25' title='bbox 1390 172 1521 209; x_wconf 86' lang='lat' dir='ltr'><strong>passionis</strong></span> <span class='ocrx_word' id='word_1_26' title='bbox 1543 170 1637 199; x_wconf 76' lang='lat' dir='ltr'><strong>effecta</strong></span> <span class='ocrx_word' id='word_1_27' title='bbox 1657 175 1699 202; x_wconf 77' lang='lat' dir='ltr'><strong>cst</strong></span> 
     </span>
    </p>
   </div>
   <div class='ocr_carea' id='block_1_6' title="bbox 63 220 859 852">
    <p class='ocr_par' dir='ltr' id='par_1_6' title="bbox 63 220 859 852">
     <span class='ocr_line' id='line_1_6' title="bbox 67 220 853 265; baseline -0.015 -6"><span class='ocrx_word' id='word_1_28' title='bbox 67 230 120 259; x_wconf 88' lang='lat' dir='ltr'><strong>dici</strong></span> <span class='ocrx_word' id='word_1_29' title='bbox 136 234 233 265; x_wconf 81' lang='lat' dir='ltr'><strong>potest,</strong></span> <span class='ocrx_word' id='word_1_30' title='bbox 247 227 316 264; x_wconf 84' lang='lat' dir='ltr'><strong>qnod</strong></span> <span class='ocrx_word' id='word_1_31' title='bbox 335 226 398 254; x_wconf 80' lang='lat' dir='ltr'><strong>liliis</strong></span> <span class='ocrx_word' id='word_1_32' title='bbox 409 222 578 252; x_wconf 74' lang='lat' dir='ltr'><strong>necessitatis</strong></span> <span class='ocrx_word' id='word_1_33' title='bbox 589 221 704 257; x_wconf 75' lang='lat' dir='ltr'><strong>grandes</strong></span> <span class='ocrx_word' id='word_1_34' title='bbox 718 220 751 247; x_wconf 90' lang='lat' dir='ltr'><strong>ad</strong></span> <span class='ocrx_word' id='word_1_35' title='bbox 774 220 853 247; x_wconf 89' lang='lat' dir='ltr'><strong>virtu-</strong></span> 
     </span>
     <span class='ocr_line' id='line_1_7' title="bbox 67 265 853 307; baseline -0.017 -2"><span class='ocrx_word' id='word_1_36' title='bbox 67 281 108 305; x_wconf 81' lang='lat' dir='ltr'><strong>tes</strong></span> <span class='ocrx_word' id='word_1_37' title='bbox 131 276 252 304; x_wconf 83' lang='lat' dir='ltr'><strong>stimulos</strong></span> <span class='ocrx_word' id='word_1_38' title='bbox 278 277 460 307; x_wconf 83' lang='lat' dir='ltr'><strong>suggeremus,</strong></span> <span class='ocrx_word' id='word_1_39' title='bbox 490 277 550 297; x_wconf 89' lang='lat' dir='ltr'><strong>cum</strong></span> <span class='ocrx_word' id='word_1_40' title='bbox 578 268 617 295; x_wconf 89' lang='lat' dir='ltr'><strong>eis</strong></span> <span class='ocrx_word' id='word_1_41' title='bbox 642 265 853 294; x_wconf 75' lang='lat' dir='ltr'><strong>nuntiaverimus</strong></span> 
     </span>
     <span class='ocr_line' id='line_1_8' title="bbox 68 311 852 356; baseline -0.014 -7"><span class='ocrx_word' id='word_1_42' title='bbox 68 322 177 356; x_wconf 68' lang='lat' dir='ltr'><strong>praemia</strong></span> <span class='ocrx_word' id='word_1_43' title='bbox 193 321 348 350; x_wconf 76' lang='lat' dir='ltr'><strong>futurorum,</strong></span> <span class='ocrx_word' id='word_1_44' title='bbox 366 320 394 344; x_wconf 85' lang='lat' dir='ltr'><strong>et</strong></span> <span class='ocrx_word' id='word_1_45' title='bbox 408 316 542 343; x_wconf 86' lang='lat' dir='ltr'><strong>accinctos</strong></span> <span class='ocrx_word' id='word_1_46' title='bbox 558 314 627 341; x_wconf 89' lang='lat' dir='ltr'><strong>inire</strong></span> <span class='ocrx_word' id='word_1_47' title='bbox 641 313 710 340; x_wconf 86' lang='lat' dir='ltr'><strong>bella</strong></span> <span class='ocrx_word' id='word_1_48' title='bbox 726 311 852 339; x_wconf 86' lang='lat' dir='ltr'><strong>docueri-</strong></span> 
     </span>
     <span class='ocr_line' id='line_1_9' title="bbox 67 357 853 396; baseline -0.013 -2"><span class='ocrx_word' id='word_1_49' title='bbox 67 373 138 394; x_wconf 85' lang='lat' dir='ltr'><strong>mus.</strong></span> <span class='ocrx_word' id='word_1_50' title='bbox 164 365 260 393; x_wconf 84' lang='lat' dir='ltr'><strong>llorum</strong></span> <span class='ocrx_word' id='word_1_51' title='bbox 281 361 360 389; x_wconf 86' lang='lat' dir='ltr'><strong>trium</strong></span> <span class='ocrx_word' id='word_1_52' title='bbox 385 360 513 396; x_wconf 89' lang='lat' dir='ltr'><strong>quidquid</strong></span> <span class='ocrx_word' id='word_1_53' title='bbox 542 358 669 394; x_wconf 84' lang='lat' dir='ltr'><strong>magister</strong></span> <span class='ocrx_word' id='word_1_54' title='bbox 697 358 800 390; x_wconf 80' lang='lat' dir='ltr'><strong>iecerit,</strong></span> <span class='ocrx_word' id='word_1_55' title='bbox 827 357 853 384; x_wconf 90' lang='lat' dir='ltr'><strong>in</strong></span> 
     </span>
     <span class='ocr_line' id='line_1_10' title="bbox 67 407 299 438; baseline -0.022 0"><span class='ocrx_word' id='word_1_56' title='bbox 67 416 157 438; x_wconf 85' lang='lat' dir='ltr'><strong>monte</strong></span> <span class='ocrx_word' id='word_1_57' title='bbox 171 407 299 436; x_wconf 71' lang='lat' dir='ltr'><strong>consistit.</strong></span> 
     </span>
     <span class='ocr_line' id='line_1_11' title="bbox 300 449 614 487; baseline -0.006 -8"><span class='ocrx_word' id='word_1_58' title='bbox 300 451 380 487; x_wconf 63' lang='lat'><strong>451</strong></span> <span class='ocrx_word' id='word_1_59' title='bbox 395 450 508 478; x_wconf 98' lang='lat' dir='ltr'>CAPUT</span> <span class='ocrx_word' id='word_1_60' title='bbox 528 449 614 477; x_wconf 82' lang='lat' dir='ltr'><strong>XXX.</strong></span> 
     </span>
     <span class='ocr_line' id='line_1_12' title="bbox 105 495 855 530; baseline -0.007 -4"><span class='ocrx_word' id='word_1_61' title='bbox 105 502 130 527; x_wconf 85' lang='lat' dir='ltr'><strong>l.</strong></span> <span class='ocrx_word' id='word_1_62' title='bbox 148 498 294 526; x_wconf 73' lang='lat' dir='ltr'><strong>‘tricesima</strong></span> <span class='ocrx_word' id='word_1_63' title='bbox 314 497 417 525; x_wconf 88' lang='lat' dir='ltr'><strong>mansio</strong></span> <span class='ocrx_word' id='word_1_64' title='bbox 431 502 472 525; x_wconf 88' lang='lat' dir='ltr'><strong>est</strong></span> <span class='ocrx_word' id='word_1_65' title='bbox 495 498 521 524; x_wconf 90' lang='lat' dir='ltr'><strong>in</strong></span> <span class='ocrx_word' id='word_1_66' title='bbox 537 496 680 529; x_wconf 66' lang='grc' dir='ltr'><strong>ΙειειναιΙια,</strong></span> <span class='ocrx_word' id='word_1_67' title='bbox 697 502 756 530; x_wconf 84' lang='lat' dir='ltr'><strong>quae</strong></span> <span class='ocrx_word' id='word_1_68' title='bbox 774 495 855 522; x_wconf 86' lang='lat' dir='ltr'><strong>inter-</strong></span> 
     </span>
     <span class='ocr_line' id='line_1_13' title="bbox 64 543 580 582; baseline -0.008 -9"><span class='ocrx_word' id='word_1_69' title='bbox 64 550 181 582; x_wconf 74' lang='lat' dir='ltr'><strong>pretatur</strong></span> <span class='ocrx_word' id='word_1_70' title='bbox 195 545 303 577; x_wconf 71' lang='lat' dir='ltr'><strong>bonum,</strong></span> <span class='ocrx_word' id='word_1_71' title='bbox 320 552 379 579; x_wconf 85' lang='lat' dir='ltr'><strong>quae</strong></span> <span class='ocrx_word' id='word_1_72' title='bbox 392 549 433 570; x_wconf 87' lang='lat' dir='ltr'><strong>est</strong></span> <span class='ocrx_word' id='word_1_73' title='bbox 447 543 580 570; x_wconf 85' lang='lat' dir='ltr'><strong>Christus.</strong></span> 
     </span>
     <span class='ocr_line' id='line_1_14' title="bbox 343 592 586 621; baseline -0.008 0"><span class='ocrx_word' id='word_1_74' title='bbox 343 593 458 621; x_wconf 88' lang='lat' dir='ltr'>CAPUT</span> <span class='ocrx_word' id='word_1_75' title='bbox 474 592 586 620; x_wconf 58' lang='lat' dir='ltr'><strong>XXXL</strong></span> 
     </span>
     <span class='ocr_line' id='line_1_15' title="bbox 99 631 857 669; baseline -0.007 -7"><span class='ocrx_word' id='word_1_76' title='bbox 99 635 126 662; x_wconf 95' lang='grc'><strong>1.</strong></span> <span class='ocrx_word' id='word_1_77' title='bbox 146 634 295 662; x_wconf 84' lang='lat' dir='ltr'><strong>Tricesima</strong></span> <span class='ocrx_word' id='word_1_78' title='bbox 311 634 395 669; x_wconf 90' lang='lat' dir='ltr'><strong>prima</strong></span> <span class='ocrx_word' id='word_1_79' title='bbox 421 633 526 660; x_wconf 85' lang='lat' dir='ltr'><strong>mansio</strong></span> <span class='ocrx_word' id='word_1_80' title='bbox 542 636 582 659; x_wconf 89' lang='lat' dir='ltr'><strong>est</strong></span> <span class='ocrx_word' id='word_1_81' title='bbox 598 632 624 659; x_wconf 91' lang='lat' dir='ltr'><strong>in</strong></span> <span class='ocrx_word' id='word_1_82' title='bbox 640 631 772 664; x_wconf 81' lang='lat' dir='ltr'><strong>flebrona,</strong></span> <span class='ocrx_word' id='word_1_83' title='bbox 797 638 857 665; x_wconf 80' lang='lat' dir='ltr'><strong>quae</strong></span> 
     </span>
     <span class='ocr_line' id='line_1_16' title="bbox 64 678 856 715; baseline -0.005 -7"><span class='ocrx_word' id='word_1_84' title='bbox 64 681 255 715; x_wconf 81' lang='lat' dir='ltr'><strong>interpretatur</strong></span> <span class='ocrx_word' id='word_1_85' title='bbox 267 680 400 713; x_wconf 73' lang='lat' dir='ltr'><strong>transitus,</strong></span> <span class='ocrx_word' id='word_1_86' title='bbox 415 679 441 706; x_wconf 92' lang='lat' dir='ltr'><strong>id</strong></span> <span class='ocrx_word' id='word_1_87' title='bbox 461 683 512 712; x_wconf 89' lang='lat' dir='ltr'><strong>est,</strong></span> <span class='ocrx_word' id='word_1_88' title='bbox 528 678 654 711; x_wconf 88' lang='lat' dir='ltr'><strong>mundus,</strong></span> <span class='ocrx_word' id='word_1_89' title='bbox 670 678 703 705; x_wconf 89' lang='lat' dir='ltr'><strong>de</strong></span> <span class='ocrx_word' id='word_1_90' title='bbox 715 685 768 713; x_wconf 92' lang='lat' dir='ltr'><strong>quo</strong></span> <span class='ocrx_word' id='word_1_91' title='bbox 783 679 856 712; x_wconf 84' lang='lat' dir='ltr'><strong>Apo·</strong></span> 
     </span>
     <span class='ocr_line' id='line_1_17' title="bbox 63 722 858 759; baseline -0.005 -6"><span class='ocrx_word' id='word_1_92' title='bbox 63 726 147 754; x_wconf 78' lang='lat' dir='ltr'><strong>stolus</strong></span> <span class='ocrx_word' id='word_1_93' title='bbox 156 726 208 753; x_wconf 82' lang='lat' dir='ltr'><strong>ait:</strong></span> <span class='ocrx_word' id='word_1_94' title='bbox 218 724 337 752; x_wconf 79' lang='lat' dir='ltr'><strong>Proeterit</strong></span> <span class='ocrx_word' id='word_1_95' title='bbox 345 725 413 751; x_wconf 82' lang='lat' dir='ltr'><strong>enim</strong></span> <span class='ocrx_word' id='word_1_96' title='bbox 421 725 505 759; x_wconf 66' lang='lat' dir='ltr'><strong>figura</strong></span> <span class='ocrx_word' id='word_1_97' title='bbox 512 724 589 758; x_wconf 76' lang='lat' dir='ltr'><strong>hujus</strong></span> <span class='ocrx_word' id='word_1_98' title='bbox 597 724 686 750; x_wconf 78' lang='lat' dir='ltr'><strong>mtmdi</strong></span> <span class='ocrx_word' id='word_1_99' title='bbox 693 723 718 758; x_wconf 85' lang='lat'><strong>(1</strong></span> <span class='ocrx_word' id='word_1_100' title='bbox 728 723 787 750; x_wconf 84' lang='lat' dir='ltr'><strong>Cor.</strong></span> <span class='ocrx_word' id='word_1_101' title='bbox 797 722 858 757; x_wconf 79' lang='lat' dir='ltr'><strong>vlt).</strong></span> 
     </span>
     <span class='ocr_line' id='line_1_18' title="bbox 65 769 859 805; baseline -0.008 -4"><span class='ocrx_word' id='word_1_102' title='bbox 65 772 94 801; x_wconf 89' lang='lat' dir='ltr'><strong>ln</strong></span> <span class='ocrx_word' id='word_1_103' title='bbox 117 772 186 800; x_wconf 86' lang='lat' dir='ltr'><strong>bunc</strong></span> <span class='ocrx_word' id='word_1_104' title='bbox 209 776 349 800; x_wconf 85' lang='lat' dir='ltr'><strong>vernentes</strong></span> <span class='ocrx_word' id='word_1_105' title='bbox 372 771 457 799; x_wconf 89' lang='lat' dir='ltr'><strong>sancti</strong></span> <span class='ocrx_word' id='word_1_106' title='bbox 481 770 526 797; x_wconf 89' lang='lat' dir='ltr'><strong>Dei</strong></span> <span class='ocrx_word' id='word_1_107' title='bbox 551 770 662 805; x_wconf 85' lang='lat' dir='ltr'><strong>cupiunt</strong></span> <span class='ocrx_word' id='word_1_108' title='bbox 689 770 722 796; x_wconf 90' lang='lat' dir='ltr'><strong>ad</strong></span> <span class='ocrx_word' id='word_1_109' title='bbox 747 769 859 796; x_wconf 83' lang='lat' dir='ltr'><strong>meliora</strong></span> 
     </span>
     <span class='ocr_line' id='line_1_19' title="bbox 65 815 859 852; baseline -0.008 -6"><span class='ocrx_word' id='word_1_110' title='bbox 65 819 188 846; x_wconf 87' lang='lat' dir='ltr'><strong>transire.</strong></span> <span class='ocrx_word' id='word_1_111' title='bbox 215 818 253 846; x_wconf 82' lang='lat' dir='ltr'><strong>De</strong></span> <span class='ocrx_word' id='word_1_112' title='bbox 274 818 370 852; x_wconf 90' lang='lat' dir='ltr'><strong>quibus</strong></span> <span class='ocrx_word' id='word_1_113' title='bbox 387 818 525 845; x_wconf 85' lang='lat' dir='ltr'><strong>Psalmista</strong></span> <span class='ocrx_word' id='word_1_114' title='bbox 549 818 621 845; x_wconf 89' lang='lat' dir='ltr'><strong>canit</strong></span> <span class='ocrx_word' id='word_1_115' title='bbox 637 826 643 842; x_wconf 90' lang='lat'>:</span> <span class='ocrx_word' id='word_1_116' title='bbox 662 815 695 842; x_wconf 87' lang='grc' dir='ltr'><strong>Ει</strong></span> <span class='ocrx_word' id='word_1_117' title='bbox 710 824 761 842; x_wconf 84' lang='lat' dir='ltr'><strong>non</strong></span> <span class='ocrx_word' id='word_1_118' title='bbox 784 815 859 841; x_wconf 77' lang='lat' dir='ltr'><strong>dixe-</strong></span> 
     </span>
    </p>
   </div>
   <div class='ocr_carea' id='block_1_7' title="bbox 904 219 1704 840">
    <p class='ocr_par' dir='ltr' id='par_1_7' title="bbox 905 219 1162 248">
     <span class='ocr_line' id='line_1_20' title="bbox 905 219 1162 248; baseline 0.012 -3"><span class='ocrx_word' id='word_1_119' title='bbox 905 219 958 246; x_wconf 89' lang='lat' dir='ltr'><strong>vita</strong></span> <span class='ocrx_word' id='word_1_120' title='bbox 976 220 1162 248; x_wconf 87' lang='lat' dir='ltr'><strong>credentibus.</strong></span> 
     </span>
    </p>

    <p class='ocr_par' dir='ltr' id='par_1_8' title="bbox 904 263 1704 840">
     <span class='ocr_line' id='line_1_21' title="bbox 940 263 1699 300; baseline 0.001 -9"><span class='ocrx_word' id='word_1_121' title='bbox 940 263 965 291; x_wconf 82' lang='grc'><strong>5.</strong></span> <span class='ocrx_word' id='word_1_122' title='bbox 987 265 1124 293; x_wconf 83' lang='lat' dir='ltr'><strong>Habemus</strong></span> <span class='ocrx_word' id='word_1_123' title='bbox 1140 265 1211 293; x_wconf 91' lang='lat' dir='ltr'><strong>enim</strong></span> <span class='ocrx_word' id='word_1_124' title='bbox 1239 265 1272 292; x_wconf 90' lang='lat' dir='ltr'><strong>de</strong></span> <span class='ocrx_word' id='word_1_125' title='bbox 1295 265 1345 292; x_wconf 88' lang='lat' dir='ltr'><strong>hac</strong></span> <span class='ocrx_word' id='word_1_126' title='bbox 1361 272 1391 292; x_wconf 88' lang='lat' dir='ltr'><strong>re</strong></span> <span class='ocrx_word' id='word_1_127' title='bbox 1418 265 1651 300; x_wconf 70' lang='lat' dir='ltr'><strong>praeclarissimam</strong></span> <span class='ocrx_word' id='word_1_128' title='bbox 1670 267 1699 292; x_wconf 71' lang='lat' dir='ltr'><strong>et</strong></span> 
     </span>
     <span class='ocr_line' id='line_1_22' title="bbox 904 309 1699 345; baseline 0.003 -9"><span class='ocrx_word' id='word_1_129' title='bbox 904 309 1087 338; x_wconf 80' lang='lat' dir='ltr'><strong>fidelissimam</strong></span> <span class='ocrx_word' id='word_1_130' title='bbox 1106 318 1197 338; x_wconf 86' lang='lat' dir='ltr'><strong>vocem</strong></span> <span class='ocrx_word' id='word_1_131' title='bbox 1213 310 1404 344; x_wconf 84' lang='lat' dir='ltr'><strong>apostolicam,</strong></span> <span class='ocrx_word' id='word_1_132' title='bbox 1419 317 1479 336; x_wconf 88' lang='lat' dir='ltr'><strong>cum</strong></span> <span class='ocrx_word' id='word_1_133' title='bbox 1505 310 1699 345; x_wconf 84' lang='lat' dir='ltr'><strong>indeloquere-</strong></span> 
     </span>
     <span class='ocr_line' id='line_1_23' title="bbox 905 353 1698 391; baseline 0.001 -10"><span class='ocrx_word' id='word_1_134' title='bbox 905 358 958 388; x_wconf 84' lang='lat' dir='ltr'><strong>tur,</strong></span> <span class='ocrx_word' id='word_1_135' title='bbox 975 355 1088 382; x_wconf 88' lang='lat' dir='ltr'><strong>dicens:</strong></span> <span class='ocrx_word' id='word_1_136' title='bbox 1106 355 1187 382; x_wconf 82' lang='lat' dir='ltr'><strong>Petra</strong></span> <span class='ocrx_word' id='word_1_137' title='bbox 1212 360 1296 382; x_wconf 81' lang='lat' dir='ltr'><strong>autem</strong></span> <span class='ocrx_word' id='word_1_138' title='bbox 1320 358 1374 382; x_wconf 80' lang='lat' dir='ltr'><strong>erat</strong></span> <span class='ocrx_word' id='word_1_139' title='bbox 1399 353 1517 381; x_wconf 79' lang='lat' dir='ltr'><strong>Christus</strong></span> <span class='ocrx_word' id='word_1_140' title='bbox 1538 354 1564 390; x_wconf 92' lang='lat'><strong>(1</strong></span> <span class='ocrx_word' id='word_1_141' title='bbox 1579 355 1639 382; x_wconf 87' lang='lat' dir='ltr'><strong>Cor.</strong></span> <span class='ocrx_word' id='word_1_142' title='bbox 1656 355 1698 391; x_wconf 85' lang='lat' dir='ltr'><strong>x).</strong></span> 
     </span>
     <span class='ocr_line' id='line_1_24' title="bbox 907 401 1701 436; baseline 0.003 -9"><span class='ocrx_word' id='word_1_143' title='bbox 907 401 982 427; x_wconf 85' lang='lat' dir='ltr'><strong>llanc</strong></span> <span class='ocrx_word' id='word_1_144' title='bbox 1007 408 1071 435; x_wconf 83' lang='lat' dir='ltr'><strong>ergo</strong></span> <span class='ocrx_word' id='word_1_145' title='bbox 1085 402 1221 428; x_wconf 84' lang='lat' dir='ltr'><strong>carnalem</strong></span> <span class='ocrx_word' id='word_1_146' title='bbox 1246 402 1280 428; x_wconf 90' lang='lat' dir='ltr'><strong>de</strong></span> <span class='ocrx_word' id='word_1_147' title='bbox 1293 401 1395 428; x_wconf 80' lang='lat' dir='ltr'><strong>Christi</strong></span> <span class='ocrx_word' id='word_1_148' title='bbox 1411 401 1551 428; x_wconf 83' lang='lat' dir='ltr'><strong>divinitate</strong></span> <span class='ocrx_word' id='word_1_149' title='bbox 1571 401 1701 436; x_wconf 83' lang='lat' dir='ltr'><strong>despera-</strong></span> 
     </span>
     <span class='ocr_line' id='line_1_25' title="bbox 906 446 1700 481; baseline 0 -8"><span class='ocrx_word' id='word_1_150' title='bbox 906 446 1007 473; x_wconf 85' lang='lat' dir='ltr'><strong>tionem</strong></span> <span class='ocrx_word' id='word_1_151' title='bbox 1024 447 1050 472; x_wconf 93' lang='lat' dir='ltr'><strong>in</strong></span> <span class='ocrx_word' id='word_1_152' title='bbox 1066 446 1150 480; x_wconf 78' lang='lat' dir='ltr'><strong>ipsius</strong></span> <span class='ocrx_word' id='word_1_153' title='bbox 1164 446 1265 473; x_wconf 84' lang='lat' dir='ltr'><strong>Christi</strong></span> <span class='ocrx_word' id='word_1_154' title='bbox 1281 446 1422 473; x_wconf 87' lang='lat' dir='ltr'><strong>altitudine</strong></span> <span class='ocrx_word' id='word_1_155' title='bbox 1437 446 1506 473; x_wconf 86' lang='lat' dir='ltr'><strong>Deus</strong></span> <span class='ocrx_word' id='word_1_156' title='bbox 1528 447 1596 473; x_wconf 91' lang='lat' dir='ltr'><strong>mori</strong></span> <span class='ocrx_word' id='word_1_157' title='bbox 1613 447 1700 481; x_wconf 79' lang='lat' dir='ltr'><strong>jubet,</strong></span> 
     </span>
     <span class='ocr_line' id='line_1_26' title="bbox 907 490 1700 526; baseline 0 -8"><span class='ocrx_word' id='word_1_158' title='bbox 907 499 966 519; x_wconf 86' lang='lat' dir='ltr'><strong>cum</strong></span> <span class='ocrx_word' id='word_1_159' title='bbox 989 498 1105 519; x_wconf 88' lang='lat' dir='ltr'><strong>mortem</strong></span> <span class='ocrx_word' id='word_1_160' title='bbox 1128 491 1217 519; x_wconf 88' lang='lat' dir='ltr'><strong>carnis</strong></span> <span class='ocrx_word' id='word_1_161' title='bbox 1233 490 1316 526; x_wconf 79' lang='lat' dir='ltr'><strong>Moysi</strong></span> <span class='ocrx_word' id='word_1_162' title='bbox 1341 491 1368 518; x_wconf 84' lang='lat' dir='ltr'><strong>in</strong></span> <span class='ocrx_word' id='word_1_163' title='bbox 1391 495 1484 518; x_wconf 86' lang='lat' dir='ltr'><strong>monte</strong></span> <span class='ocrx_word' id='word_1_164' title='bbox 1499 491 1615 525; x_wconf 87' lang='lat' dir='ltr'><strong>imperat</strong></span> <span class='ocrx_word' id='word_1_165' title='bbox 1630 490 1700 518; x_wconf 78' lang='lat' dir='ltr'><strong>lieri.</strong></span> 
     </span>
     <span class='ocr_line' id='line_1_27' title="bbox 907 535 1700 570; baseline -0.001 -6"><span class='ocrx_word' id='word_1_166' title='bbox 907 537 982 564; x_wconf 89' lang='lat' dir='ltr'><strong>Sicut</strong></span> <span class='ocrx_word' id='word_1_167' title='bbox 1005 537 1076 564; x_wconf 86' lang='lat' dir='ltr'><strong>enim</strong></span> <span class='ocrx_word' id='word_1_168' title='bbox 1101 541 1175 570; x_wconf 80' lang='lat' dir='ltr'><strong>petra</strong></span> <span class='ocrx_word' id='word_1_169' title='bbox 1200 536 1324 563; x_wconf 88' lang='lat' dir='ltr'><strong>Christus</strong></span> <span class='ocrx_word' id='word_1_170' title='bbox 1338 558 1345 568; x_wconf 85' lang='lat'><strong>,</strong></span> <span class='ocrx_word' id='word_1_171' title='bbox 1371 536 1407 563; x_wconf 92' lang='lat' dir='ltr'><strong>ita</strong></span> <span class='ocrx_word' id='word_1_172' title='bbox 1423 541 1450 563; x_wconf 87' lang='lat' dir='ltr'><strong>et</strong></span> <span class='ocrx_word' id='word_1_173' title='bbox 1476 543 1553 563; x_wconf 90' lang='lat' dir='ltr'><strong>mons</strong></span> <span class='ocrx_word' id='word_1_174' title='bbox 1567 535 1700 563; x_wconf 87' lang='lat' dir='ltr'><strong>Christus.</strong></span> 
     </span>
     <span class='ocr_line' id='line_1_28' title="bbox 908 582 1698 616; baseline -0.001 -6"><span class='ocrx_word' id='word_1_175' title='bbox 908 583 986 610; x_wconf 88' lang='lat' dir='ltr'><strong>Petra</strong></span> <span class='ocrx_word' id='word_1_176' title='bbox 1009 583 1118 613; x_wconf 86' lang='lat' dir='ltr'><strong>humilis</strong></span> <span class='ocrx_word' id='word_1_177' title='bbox 1133 582 1272 615; x_wconf 78' lang='lat' dir='ltr'><strong>tortitudo,</strong></span> <span class='ocrx_word' id='word_1_178' title='bbox 1291 590 1369 610; x_wconf 88' lang='lat' dir='ltr'><strong>mons</strong></span> <span class='ocrx_word' id='word_1_179' title='bbox 1386 582 1509 609; x_wconf 88' lang='lat' dir='ltr'><strong>eminens</strong></span> <span class='ocrx_word' id='word_1_180' title='bbox 1530 582 1698 616; x_wconf 86' lang='lat' dir='ltr'><strong>magnitudo.</strong></span> 
     </span>
     <span class='ocr_line' id='line_1_29' title="bbox 909 627 1699 663; baseline -0.003 -7"><span class='ocrx_word' id='word_1_181' title='bbox 909 629 974 662; x_wconf 85' lang='lat' dir='ltr'><strong>Quia</strong></span> <span class='ocrx_word' id='word_1_182' title='bbox 999 629 1068 656; x_wconf 85' lang='lat' dir='ltr'><strong>sicut</strong></span> <span class='ocrx_word' id='word_1_183' title='bbox 1092 629 1236 663; x_wconf 78' lang='lat' dir='ltr'><strong>Apostolus</strong></span> <span class='ocrx_word' id='word_1_184' title='bbox 1259 627 1295 655; x_wconf 87' lang='lat' dir='ltr'><strong>ait</strong></span> <span class='ocrx_word' id='word_1_185' title='bbox 1318 636 1325 654; x_wconf 76' lang='grc' dir='ltr'><strong><em>ι</em></strong></span> <span class='ocrx_word' id='word_1_186' title='bbox 1344 628 1422 655; x_wconf 80' lang='lat' dir='ltr'><strong>Petra</strong></span> <span class='ocrx_word' id='word_1_187' title='bbox 1436 632 1491 654; x_wconf 85' lang='lat' dir='ltr'><strong>erat</strong></span> <span class='ocrx_word' id='word_1_188' title='bbox 1505 627 1635 660; x_wconf 78' lang='lat' dir='ltr'><strong>Christus,</strong></span> <span class='ocrx_word' id='word_1_189' title='bbox 1662 628 1699 655; x_wconf 82' lang='lat' dir='ltr'><strong>ita</strong></span> 
     </span>
     <span class='ocr_line' id='line_1_30' title="bbox 909 673 1702 708; baseline -0.003 -7"><span class='ocrx_word' id='word_1_190' title='bbox 909 675 966 708; x_wconf 83' lang='lat' dir='ltr'><strong>ipse</strong></span> <span class='ocrx_word' id='word_1_191' title='bbox 983 674 1109 701; x_wconf 87' lang='lat' dir='ltr'><strong>Dominus</strong></span> <span class='ocrx_word' id='word_1_192' title='bbox 1135 682 1141 699; x_wconf 82' lang='lat' dir='ltr'>z</span> <span class='ocrx_word' id='word_1_193' title='bbox 1173 673 1233 700; x_wconf 86' lang='lat' dir='ltr'><strong>Non</strong></span> <span class='ocrx_word' id='word_1_194' title='bbox 1259 677 1341 707; x_wconf 80' lang='lat' dir='ltr'><strong>potest</strong></span> <span class='ocrx_word' id='word_1_195' title='bbox 1367 673 1455 700; x_wconf 78' lang='lat' dir='ltr'><strong>civitas</strong></span> <span class='ocrx_word' id='word_1_196' title='bbox 1475 673 1598 699; x_wconf 76' lang='lat' dir='ltr'><strong>abscondi</strong></span> <span class='ocrx_word' id='word_1_197' title='bbox 1623 681 1702 702; x_wconf 77' lang='lat' dir='ltr'><strong>supra</strong></span> 
     </span>
     <span class='ocr_line' id='line_1_31' title="bbox 910 719 1703 755; baseline -0.003 -8"><span class='ocrx_word' id='word_1_198' title='bbox 910 725 1021 747; x_wconf 83' lang='lat' dir='ltr'><strong>montem</strong></span> <span class='ocrx_word' id='word_1_199' title='bbox 1035 720 1119 755; x_wconf 81' lang='lat' dir='ltr'><strong>posita</strong></span> <span class='ocrx_word' id='word_1_200' title='bbox 1133 719 1243 754; x_wconf 67' lang='lat' dir='ltr'><strong>(Manli.</strong></span> <span class='ocrx_word' id='word_1_201' title='bbox 1262 720 1290 754; x_wconf 89' lang='lat' dir='ltr'><strong>v)</strong></span> <span class='ocrx_word' id='word_1_202' title='bbox 1303 728 1309 752; x_wconf 93' lang='lat'>;</span> <span class='ocrx_word' id='word_1_203' title='bbox 1325 726 1355 747; x_wconf 87' lang='lat' dir='ltr'><strong>se</strong></span> <span class='ocrx_word' id='word_1_204' title='bbox 1369 719 1474 747; x_wconf 87' lang='lat' dir='ltr'><strong>scilicet</strong></span> <span class='ocrx_word' id='word_1_205' title='bbox 1488 724 1617 752; x_wconf 85' lang='lat' dir='ltr'><strong>montem,</strong></span> <span class='ocrx_word' id='word_1_206' title='bbox 1635 719 1703 746; x_wconf 82' lang='lat' dir='ltr'><strong>(ide-</strong></span> 
     </span>
     <span class='ocr_line' id='line_1_32' title="bbox 910 766 1704 801; baseline 0 -7"><span class='ocrx_word' id='word_1_207' title='bbox 910 767 949 794; x_wconf 85' lang='lat' dir='ltr'><strong>les</strong></span> <span class='ocrx_word' id='word_1_208' title='bbox 963 772 1053 794; x_wconf 88' lang='lat' dir='ltr'><strong>autem</strong></span> <span class='ocrx_word' id='word_1_209' title='bbox 1070 774 1134 794; x_wconf 88' lang='lat' dir='ltr'><strong>suos</strong></span> <span class='ocrx_word' id='word_1_210' title='bbox 1151 767 1178 793; x_wconf 89' lang='lat' dir='ltr'><strong>in</strong></span> <span class='ocrx_word' id='word_1_211' title='bbox 1193 766 1234 794; x_wconf 87' lang='lat' dir='ltr'><strong>sui</strong></span> <span class='ocrx_word' id='word_1_212' title='bbox 1251 766 1369 794; x_wconf 91' lang='lat' dir='ltr'><strong>nominis</strong></span> <span class='ocrx_word' id='word_1_213' title='bbox 1383 766 1469 801; x_wconf 82' lang='lat' dir='ltr'><strong>gloria</strong></span> <span class='ocrx_word' id='word_1_214' title='bbox 1486 766 1612 794; x_wconf 77' lang='lat' dir='ltr'><strong>fundatos</strong></span> <span class='ocrx_word' id='word_1_215' title='bbox 1631 773 1704 794; x_wconf 83' lang='lat' dir='ltr'><strong>asse-</strong></span> 
     </span>
     <span class='ocr_line' id='line_1_33' title="bbox 911 813 1137 840; baseline -0.004 0"><span class='ocrx_word' id='word_1_216' title='bbox 911 821 975 840; x_wconf 87' lang='lat' dir='ltr'><strong>rens</strong></span> <span class='ocrx_word' id='word_1_217' title='bbox 988 813 1137 840; x_wconf 85' lang='lat' dir='ltr'><strong>civitatem.</strong></span> 
     </span>
    </p>
   </div>
   <div class='ocr_carea' id='block_1_8' title="bbox 64 855 1705 899">
    <p class='ocr_par' dir='ltr' id='par_1_9' title="bbox 64 855 1705 899">
     <span class='ocr_line' id='line_1_34' title="bbox 64 855 1705 899; baseline -0.003 -8"><span class='ocrx_word' id='word_1_218' title='bbox 64 869 124 891; x_wconf 68' lang='lat' dir='ltr'><strong>runt</strong></span> <span class='ocrx_word' id='word_1_219' title='bbox 149 864 192 899; x_wconf 82' lang='lat' dir='ltr'><strong>qui</strong></span> <span class='ocrx_word' id='word_1_220' title='bbox 216 863 379 898; x_wconf 80' lang='lat' dir='ltr'><strong>proeteribant</strong></span> <span class='ocrx_word' id='word_1_221' title='bbox 400 871 410 891; x_wconf 92' lang='lat'><strong>.·</strong></span> <span class='ocrx_word' id='word_1_222' title='bbox 424 864 572 891; x_wconf 77' lang='lat' dir='ltr'><strong>Benedictio</strong></span> <span class='ocrx_word' id='word_1_223' title='bbox 587 862 690 890; x_wconf 78' lang='lat' dir='ltr'><strong>Domini</strong></span> <span class='ocrx_word' id='word_1_224' title='bbox 717 870 794 897; x_wconf 79' lang='lat' dir='ltr'><strong>super</strong></span> <span class='ocrx_word' id='word_1_225' title='bbox 816 868 859 887; x_wconf 80' lang='lat' dir='ltr'><strong>vos</strong></span> <span class='ocrx_word' id='word_1_226' title='bbox 873 862 898 892; x_wconf 87' lang='grc' dir='ltr'><strong>Β</strong></span> <span class='ocrx_word' id='word_1_227' title='bbox 948 860 975 886; x_wconf 89' lang='grc'><strong>6.</strong></span> <span class='ocrx_word' id='word_1_228' title='bbox 997 859 1143 886; x_wconf 85' lang='lat' dir='ltr'><strong>Prudentia</strong></span> <span class='ocrx_word' id='word_1_229' title='bbox 1157 859 1229 886; x_wconf 91' lang='lat' dir='ltr'><strong>enim</strong></span> <span class='ocrx_word' id='word_1_230' title='bbox 1246 860 1336 887; x_wconf 88' lang='lat' dir='ltr'><strong>carnis</strong></span> <span class='ocrx_word' id='word_1_231' title='bbox 1350 859 1426 893; x_wconf 89' lang='lat' dir='ltr'><strong>vivit,</strong></span> <span class='ocrx_word' id='word_1_232' title='bbox 1440 866 1501 886; x_wconf 87' lang='lat' dir='ltr'><strong>cum</strong></span> <span class='ocrx_word' id='word_1_233' title='bbox 1517 855 1646 894; x_wconf 79' lang='lat' dir='ltr'><strong>tanquam</strong></span> <span class='ocrx_word' id='word_1_234' title='bbox 1658 858 1705 893; x_wconf 57' lang='lat' dir='ltr'><strong>pe‘-</strong></span> 
     </span>
    </p>
   </div>
   <div class='ocr_carea' id='block_1_9' title="bbox 65 904 859 1263">
    <p class='ocr_par' dir='ltr' id='par_1_10' title="bbox 65 904 579 982">
     <span class='ocr_line' id='line_1_35' title="bbox 65 904 361 944; baseline 0 -8"><span class='ocrx_word' id='word_1_235' title='bbox 65 909 178 943; x_wconf 79' lang='lat' dir='ltr'><strong>(Psalm.</strong></span> <span class='ocrx_word' id='word_1_236' title='bbox 194 917 304 944; x_wconf 79' lang='lat' dir='ltr'><strong>cxxviii,</strong></span> <span class='ocrx_word' id='word_1_237' title='bbox 321 904 361 944; x_wconf 73' lang='grc' dir='ltr'><strong>ἐ).</strong></span> 
     </span>
     <span class='ocr_line' id='line_1_36' title="bbox 339 954 579 982; baseline -0.008 0"><span class='ocrx_word' id='word_1_238' title='bbox 339 954 453 982; x_wconf 86' lang='lat' dir='ltr'>CAPUT</span> <span class='ocrx_word' id='word_1_239' title='bbox 472 954 579 982; x_wconf 82' lang='lat' dir='ltr'><strong>xxxn.</strong></span> 
     </span>
    </p>

    <p class='ocr_par' dir='ltr' id='par_1_11' title="bbox 66 996 859 1263">
     <span class='ocr_line' id='line_1_37' title="bbox 103 996 855 1032; baseline -0.007 -6"><span class='ocrx_word' id='word_1_240' title='bbox 103 1001 129 1027; x_wconf 84' lang='lat' dir='ltr'><strong>l.</strong></span> <span class='ocrx_word' id='word_1_241' title='bbox 148 999 295 1026; x_wconf 77' lang='lat' dir='ltr'><strong>Tricesima</strong></span> <span class='ocrx_word' id='word_1_242' title='bbox 311 999 427 1026; x_wconf 85' lang='lat' dir='ltr'><strong>secunda</strong></span> <span class='ocrx_word' id='word_1_243' title='bbox 449 999 553 1026; x_wconf 90' lang='lat' dir='ltr'><strong>mansio</strong></span> <span class='ocrx_word' id='word_1_244' title='bbox 569 1003 612 1026; x_wconf 89' lang='lat' dir='ltr'><strong>est</strong></span> <span class='ocrx_word' id='word_1_245' title='bbox 637 998 662 1024; x_wconf 94' lang='lat' dir='ltr'><strong>in</strong></span> <span class='ocrx_word' id='word_1_246' title='bbox 678 996 836 1032; x_wconf 64' lang='lat' dir='ltr'><strong>Asionyaber</strong></span> <span class='ocrx_word' id='word_1_247' title='bbox 847 1015 855 1028; x_wconf 88' lang='lat'><strong><em>‚</em></strong></span> 
     </span>
     <span class='ocr_line' id='line_1_38' title="bbox 67 1042 858 1081; baseline -0.005 -9"><span class='ocrx_word' id='word_1_248' title='bbox 67 1053 127 1081; x_wconf 65' lang='lat' dir='ltr'><strong>quae</strong></span> <span class='ocrx_word' id='word_1_249' title='bbox 141 1045 301 1072; x_wconf 77' lang='lat' dir='ltr'><strong>transfertur</strong></span> <span class='ocrx_word' id='word_1_250' title='bbox 315 1045 342 1071; x_wconf 83' lang='lat' dir='ltr'><strong>in</strong></span> <span class='ocrx_word' id='word_1_251' title='bbox 357 1045 427 1080; x_wconf 74' lang='lat' dir='ltr'><strong>liqna</strong></span> <span class='ocrx_word' id='word_1_252' title='bbox 441 1045 497 1071; x_wconf 81' lang='lat' dir='ltr'><strong>viri.</strong></span> <span class='ocrx_word' id='word_1_253' title='bbox 515 1045 630 1072; x_wconf 84' lang='lat' dir='ltr'><strong>Possunt</strong></span> <span class='ocrx_word' id='word_1_254' title='bbox 646 1043 702 1070; x_wconf 70' lang='lat' dir='ltr'><strong>hsce</strong></span> <span class='ocrx_word' id='word_1_255' title='bbox 719 1043 788 1077; x_wconf 84' lang='lat' dir='ltr'><strong>ligna</strong></span> <span class='ocrx_word' id='word_1_256' title='bbox 808 1042 858 1069; x_wconf 86' lang='lat' dir='ltr'><strong>viri</strong></span> 
     </span>
     <span class='ocr_line' id='line_1_39' title="bbox 67 1087 857 1124; baseline -0.004 -7"><span class='ocrx_word' id='word_1_257' title='bbox 67 1091 183 1117; x_wconf 84' lang='lat' dir='ltr'><strong>saltuum</strong></span> <span class='ocrx_word' id='word_1_258' title='bbox 207 1094 234 1117; x_wconf 94' lang='lat' dir='ltr'><strong>et</strong></span> <span class='ocrx_word' id='word_1_259' title='bbox 260 1091 388 1117; x_wconf 88' lang='lat' dir='ltr'><strong>arborum</strong></span> <span class='ocrx_word' id='word_1_260' title='bbox 403 1091 523 1116; x_wconf 93' lang='lat' dir='ltr'><strong>omnium</strong></span> <span class='ocrx_word' id='word_1_261' title='bbox 538 1097 636 1124; x_wconf 84' lang='lat' dir='ltr'><strong>genera</strong></span> <span class='ocrx_word' id='word_1_262' title='bbox 660 1087 857 1115; x_wconf 69' lang='lat' dir='ltr'><strong>multitudinem</strong></span> 
     </span>
     <span class='ocr_line' id='line_1_40' title="bbox 66 1133 859 1172; baseline -0.004 -9"><span class='ocrx_word' id='word_1_263' title='bbox 66 1137 186 1172; x_wconf 90' lang='lat' dir='ltr'><strong>gentium</strong></span> <span class='ocrx_word' id='word_1_264' title='bbox 202 1136 328 1170; x_wconf 80' lang='lat' dir='ltr'><strong>figurare.</strong></span> <span class='ocrx_word' id='word_1_265' title='bbox 356 1135 445 1169; x_wconf 80' lang='lat' dir='ltr'><strong>Usque</strong></span> <span class='ocrx_word' id='word_1_266' title='bbox 466 1136 516 1163; x_wconf 91' lang='lat' dir='ltr'><strong>huc</strong></span> <span class='ocrx_word' id='word_1_267' title='bbox 542 1135 658 1162; x_wconf 85' lang='lat' dir='ltr'><strong>solitudo</strong></span> <span class='ocrx_word' id='word_1_268' title='bbox 686 1134 790 1161; x_wconf 86' lang='lat' dir='ltr'><strong>Pharan</strong></span> <span class='ocrx_word' id='word_1_269' title='bbox 810 1133 859 1160; x_wconf 91' lang='lat' dir='ltr'><strong>de-</strong></span> 
     </span>
     <span class='ocr_line' id='line_1_41' title="bbox 67 1179 858 1215; baseline -0.005 -5"><span class='ocrx_word' id='word_1_270' title='bbox 67 1189 137 1215; x_wconf 84' lang='lat' dir='ltr'><strong>cem,</strong></span> <span class='ocrx_word' id='word_1_271' title='bbox 153 1186 180 1209; x_wconf 88' lang='lat' dir='ltr'><strong>et</strong></span> <span class='ocrx_word' id='word_1_272' title='bbox 196 1186 256 1208; x_wconf 87' lang='lat' dir='ltr'><strong>octo</strong></span> <span class='ocrx_word' id='word_1_273' title='bbox 270 1182 391 1208; x_wconf 88' lang='lat' dir='ltr'><strong>continet</strong></span> <span class='ocrx_word' id='word_1_274' title='bbox 407 1182 578 1214; x_wconf 85' lang='lat' dir='ltr'><strong>mansiones,</strong></span> <span class='ocrx_word' id='word_1_275' title='bbox 594 1188 652 1215; x_wconf 79' lang='lat' dir='ltr'><strong>quae</strong></span> <span class='ocrx_word' id='word_1_276' title='bbox 669 1179 810 1214; x_wconf 85' lang='lat' dir='ltr'><strong>descriptae</strong></span> <span class='ocrx_word' id='word_1_277' title='bbox 832 1179 858 1206; x_wconf 90' lang='lat' dir='ltr'><strong>in</strong></span> 
     </span>
     <span class='ocr_line' id='line_1_42' title="bbox 66 1228 724 1263; baseline -0.008 -5"><span class='ocrx_word' id='word_1_278' title='bbox 66 1228 189 1263; x_wconf 71' lang='lat' dir='ltr'><strong>catalogo</strong></span> <span class='ocrx_word' id='word_1_279' title='bbox 206 1228 231 1255; x_wconf 89' lang='lat' dir='ltr'><strong>in</strong></span> <span class='ocrx_word' id='word_1_280' title='bbox 247 1228 385 1262; x_wconf 87' lang='lat' dir='ltr'><strong>superiore</strong></span> <span class='ocrx_word' id='word_1_281' title='bbox 401 1228 496 1254; x_wconf 88' lang='lat' dir='ltr'><strong>itinere</strong></span> <span class='ocrx_word' id='word_1_282' title='bbox 511 1235 563 1253; x_wconf 88' lang='lat' dir='ltr'><strong>non</strong></span> <span class='ocrx_word' id='word_1_283' title='bbox 579 1231 724 1261; x_wconf 85' lang='lat' dir='ltr'><strong>ponuntur.</strong></span> 
     </span>
    </p>
   </div>
   <div class='ocr_carea' id='block_1_10' title="bbox 105 1276 858 1344">
    <p class='ocr_par' dir='ltr' id='par_1_12' title="bbox 105 1276 858 1344">
     <span class='ocr_line' id='line_1_43' title="bbox 336 1276 589 1303; baseline -0.004 0"><span class='ocrx_word' id='word_1_284' title='bbox 336 1276 449 1303; x_wconf 83' lang='lat' dir='ltr'>CAPUT</span> <span class='ocrx_word' id='word_1_285' title='bbox 470 1276 589 1303; x_wconf 87' lang='lat' dir='ltr'><strong>xxxttt.</strong></span> 
     </span>
     <span class='ocr_line' id='line_1_44' title="bbox 105 1315 858 1344; baseline -0.001 0"><span class='ocrx_word' id='word_1_286' title='bbox 105 1317 132 1344; x_wconf 90' lang='grc'><strong>1.</strong></span> <span class='ocrx_word' id='word_1_287' title='bbox 153 1316 299 1344; x_wconf 85' lang='lat' dir='ltr'><strong>Tricesima</strong></span> <span class='ocrx_word' id='word_1_288' title='bbox 324 1316 403 1343; x_wconf 85' lang='lat' dir='ltr'><strong>tertia</strong></span> <span class='ocrx_word' id='word_1_289' title='bbox 429 1317 533 1342; x_wconf 90' lang='lat' dir='ltr'><strong>mansio</strong></span> <span class='ocrx_word' id='word_1_290' title='bbox 558 1320 599 1342; x_wconf 92' lang='lat' dir='ltr'><strong>est</strong></span> <span class='ocrx_word' id='word_1_291' title='bbox 626 1315 653 1342; x_wconf 93' lang='lat' dir='ltr'><strong>in</strong></span> <span class='ocrx_word' id='word_1_292' title='bbox 667 1315 776 1342; x_wconf 87' lang='lat' dir='ltr'><strong>deserto</strong></span> <span class='ocrx_word' id='word_1_293' title='bbox 800 1315 858 1343; x_wconf 90' lang='lat' dir='ltr'><strong>Sin.</strong></span> 
     </span>
    </p>
   </div>
   <div class='ocr_carea' id='block_1_11' title="bbox 68 1361 861 1530">
    <p class='ocr_par' dir='ltr' id='par_1_13' title="bbox 68 1361 861 1530">
     <span class='ocr_line' id='line_1_45' title="bbox 69 1361 861 1395; baseline -0.003 -5"><span class='ocrx_word' id='word_1_294' title='bbox 69 1362 132 1390; x_wconf 79' lang='lat' dir='ltr'><strong>ttaee</strong></span> <span class='ocrx_word' id='word_1_295' title='bbox 141 1368 182 1390; x_wconf 87' lang='lat' dir='ltr'><strong>est</strong></span> <span class='ocrx_word' id='word_1_296' title='bbox 195 1361 291 1390; x_wconf 86' lang='lat' dir='ltr'><strong>Gades.</strong></span> <span class='ocrx_word' id='word_1_297' title='bbox 303 1361 385 1388; x_wconf 83' lang='lat' dir='ltr'><strong>Gades</strong></span> <span class='ocrx_word' id='word_1_298' title='bbox 399 1366 487 1388; x_wconf 87' lang='lat' dir='ltr'><strong>autem</strong></span> <span class='ocrx_word' id='word_1_299' title='bbox 503 1366 590 1388; x_wconf 78' lang='lat' dir='ltr'><strong>sancta</strong></span> <span class='ocrx_word' id='word_1_300' title='bbox 607 1361 801 1394; x_wconf 83' lang='lat' dir='ltr'><strong>interpretatur</strong></span> <span class='ocrx_word' id='word_1_301' title='bbox 813 1369 861 1395; x_wconf 86' lang='lat' dir='ltr'><strong>per</strong></span> 
     </span>
     <span class='ocr_line' id='line_1_46' title="bbox 69 1406 859 1442; baseline -0.003 -7"><span class='ocrx_word' id='word_1_302' title='bbox 69 1407 245 1442; x_wconf 76' lang='lat' dir='ltr'><strong>antiphrasin,</strong></span> <span class='ocrx_word' id='word_1_303' title='bbox 271 1407 338 1434; x_wconf 88' lang='lat' dir='ltr'><strong>sicut</strong></span> <span class='ocrx_word' id='word_1_304' title='bbox 364 1407 451 1439; x_wconf 79' lang='lat' dir='ltr'><strong>lucus,</strong></span> <span class='ocrx_word' id='word_1_305' title='bbox 468 1415 527 1434; x_wconf 87' lang='lat' dir='ltr'><strong>cum</strong></span> <span class='ocrx_word' id='word_1_306' title='bbox 554 1406 663 1433; x_wconf 89' lang='lat' dir='ltr'><strong>minime</strong></span> <span class='ocrx_word' id='word_1_307' title='bbox 686 1407 790 1438; x_wconf 81' lang='lat' dir='ltr'><strong>luccat,</strong></span> <span class='ocrx_word' id='word_1_308' title='bbox 818 1407 859 1433; x_wconf 83' lang='lat' dir='ltr'><strong>vel</strong></span> 
     </span>
     <span class='ocr_line' id='line_1_47' title="bbox 69 1450 861 1486; baseline -0.003 -7"><span class='ocrx_word' id='word_1_309' title='bbox 69 1452 178 1484; x_wconf 80' lang='lat' dir='ltr'><strong>bellum,</strong></span> <span class='ocrx_word' id='word_1_310' title='bbox 193 1451 262 1486; x_wconf 90' lang='lat' dir='ltr'><strong>quod</strong></span> <span class='ocrx_word' id='word_1_311' title='bbox 279 1456 368 1478; x_wconf 88' lang='lat' dir='ltr'><strong>tamen</strong></span> <span class='ocrx_word' id='word_1_312' title='bbox 384 1451 420 1478; x_wconf 87' lang='lat' dir='ltr'><strong>sit</strong></span> <span class='ocrx_word' id='word_1_313' title='bbox 442 1450 593 1478; x_wconf 90' lang='lat' dir='ltr'><strong>borridum.</strong></span> <span class='ocrx_word' id='word_1_314' title='bbox 610 1451 638 1478; x_wconf 91' lang='lat' dir='ltr'><strong>lu</strong></span> <span class='ocrx_word' id='word_1_315' title='bbox 656 1451 706 1478; x_wconf 89' lang='lat' dir='ltr'><strong>hac</strong></span> <span class='ocrx_word' id='word_1_316' title='bbox 721 1451 861 1478; x_wconf 87' lang='lat' dir='ltr'><strong>mansione</strong></span> 
     </span>
     <span class='ocr_line' id='line_1_48' title="bbox 68 1496 485 1530; baseline -0.005 -6"><span class='ocrx_word' id='word_1_317' title='bbox 68 1497 182 1525; x_wconf 85' lang='lat' dir='ltr'><strong>moritur</strong></span> <span class='ocrx_word' id='word_1_318' title='bbox 197 1496 290 1529; x_wconf 83' lang='lat' dir='ltr'><strong>Maria,</strong></span> <span class='ocrx_word' id='word_1_319' title='bbox 305 1501 333 1523; x_wconf 91' lang='lat' dir='ltr'><strong>et</strong></span> <span class='ocrx_word' id='word_1_320' title='bbox 346 1496 485 1530; x_wconf 87' lang='lat' dir='ltr'><strong>sepelitur.</strong></span> 
     </span>
    </p>
   </div>
   <div class='ocr_carea' id='block_1_12' title="bbox 907 904 1709 1533">
    <p class='ocr_par' dir='ltr' id='par_1_14' title="bbox 907 904 1708 1168">
     <span class='ocr_line' id='line_1_49' title="bbox 909 904 1704 940; baseline -0.004 -6"><span class='ocrx_word' id='word_1_321' title='bbox 909 911 948 934; x_wconf 88' lang='lat' dir='ltr'><strong>tra</strong></span> <span class='ocrx_word' id='word_1_322' title='bbox 965 913 1092 940; x_wconf 86' lang='lat' dir='ltr'><strong>percussa</strong></span> <span class='ocrx_word' id='word_1_323' title='bbox 1108 905 1209 932; x_wconf 84' lang='lat' dir='ltr'><strong>Christi</strong></span> <span class='ocrx_word' id='word_1_324' title='bbox 1226 905 1364 932; x_wconf 85' lang='lat' dir='ltr'><strong>humilitas</strong></span> <span class='ocrx_word' id='word_1_325' title='bbox 1379 905 1407 932; x_wconf 91' lang='lat' dir='ltr'><strong>in</strong></span> <span class='ocrx_word' id='word_1_326' title='bbox 1418 912 1499 933; x_wconf 87' lang='lat' dir='ltr'><strong>cruce</strong></span> <span class='ocrx_word' id='word_1_327' title='bbox 1510 904 1704 932; x_wconf 85' lang='lat' dir='ltr'><strong>contemnitur.</strong></span> 
     </span>
     <span class='ocr_line' id='line_1_50' title="bbox 907 950 1707 984; baseline -0.003 -5"><span class='ocrx_word' id='word_1_328' title='bbox 907 952 1030 980; x_wconf 86' lang='lat' dir='ltr'><strong>Christus</strong></span> <span class='ocrx_word' id='word_1_329' title='bbox 1044 951 1116 978; x_wconf 88' lang='lat' dir='ltr'><strong>enim</strong></span> <span class='ocrx_word' id='word_1_330' title='bbox 1131 951 1277 978; x_wconf 82' lang='lat' dir='ltr'><strong>crucifixus</strong></span> <span class='ocrx_word' id='word_1_331' title='bbox 1288 950 1390 978; x_wconf 78' lang='lat' dir='ltr'><strong>Judaeis</strong></span> <span class='ocrx_word' id='word_1_332' title='bbox 1404 950 1560 978; x_wconf 81' lang='lat' dir='ltr'><strong>scandatum</strong></span> <span class='ocrx_word' id='word_1_333' title='bbox 1577 954 1628 982; x_wconf 86' lang='lat' dir='ltr'><strong>est,</strong></span> <span class='ocrx_word' id='word_1_334' title='bbox 1642 957 1707 984; x_wconf 84' lang='lat' dir='ltr'><strong>gen-</strong></span> 
     </span>
     <span class='ocr_line' id='line_1_51' title="bbox 910 995 1706 1030; baseline -0.004 -7"><span class='ocrx_word' id='word_1_335' title='bbox 910 997 980 1024; x_wconf 83' lang='lat' dir='ltr'><strong>tibus</strong></span> <span class='ocrx_word' id='word_1_336' title='bbox 1006 1000 1096 1022; x_wconf 75' lang='lat' dir='ltr'><strong>autem</strong></span> <span class='ocrx_word' id='word_1_337' title='bbox 1122 995 1254 1028; x_wconf 84' lang='lat' dir='ltr'><strong>stultitia;</strong></span> <span class='ocrx_word' id='word_1_338' title='bbox 1268 999 1297 1022; x_wconf 85' lang='lat' dir='ltr'><strong>et</strong></span> <span class='ocrx_word' id='word_1_339' title='bbox 1322 995 1465 1030; x_wconf 87' lang='lat' dir='ltr'><strong>prudentia</strong></span> <span class='ocrx_word' id='word_1_340' title='bbox 1479 995 1568 1022; x_wconf 87' lang='lat' dir='ltr'><strong>carnis</strong></span> <span class='ocrx_word' id='word_1_341' title='bbox 1582 995 1706 1028; x_wconf 85' lang='lat' dir='ltr'><strong>moritur,</strong></span> 
     </span>
     <span class='ocr_line' id='line_1_52' title="bbox 909 1041 1706 1077; baseline -0.004 -7"><span class='ocrx_word' id='word_1_342' title='bbox 909 1050 969 1070; x_wconf 86' lang='lat' dir='ltr'><strong>cum</strong></span> <span class='ocrx_word' id='word_1_343' title='bbox 988 1048 1115 1077; x_wconf 83' lang='lat' dir='ltr'><strong>tanquam</strong></span> <span class='ocrx_word' id='word_1_344' title='bbox 1141 1042 1241 1069; x_wconf 90' lang='lat' dir='ltr'><strong>montis</strong></span> <span class='ocrx_word' id='word_1_345' title='bbox 1269 1042 1416 1069; x_wconf 81' lang='lat' dir='ltr'><strong>eminentia</strong></span> <span class='ocrx_word' id='word_1_346' title='bbox 1439 1042 1564 1069; x_wconf 88' lang='lat' dir='ltr'><strong>Christus</strong></span> <span class='ocrx_word' id='word_1_347' title='bbox 1582 1041 1706 1068; x_wconf 84' lang='lat' dir='ltr'><strong>excelsus</strong></span> 
     </span>
     <span class='ocr_line' id='line_1_53' title="bbox 910 1088 1708 1125; baseline -0.003 -9"><span class='ocrx_word' id='word_1_348' title='bbox 910 1090 1075 1125; x_wconf 84' lang='lat' dir='ltr'><strong>agnoscitur.</strong></span> <span class='ocrx_word' id='word_1_349' title='bbox 1102 1089 1170 1123; x_wconf 87' lang='lat' dir='ltr'><strong>lpsis</strong></span> <span class='ocrx_word' id='word_1_350' title='bbox 1194 1089 1265 1116; x_wconf 85' lang='lat' dir='ltr'><strong>enim</strong></span> <span class='ocrx_word' id='word_1_351' title='bbox 1290 1089 1392 1116; x_wconf 79' lang='lat' dir='ltr'><strong>vocatis</strong></span> <span class='ocrx_word' id='word_1_352' title='bbox 1419 1088 1519 1116; x_wconf 80' lang='lat' dir='ltr'><strong>Judaeis</strong></span> <span class='ocrx_word' id='word_1_353' title='bbox 1543 1092 1571 1116; x_wconf 90' lang='lat' dir='ltr'><strong>et</strong></span> <span class='ocrx_word' id='word_1_354' title='bbox 1607 1088 1708 1115; x_wconf 84' lang='lat' dir='ltr'><strong>Graecis</strong></span> 
     </span>
     <span class='ocr_line' id='line_1_54' title="bbox 910 1134 1511 1168; baseline -0.003 -6"><span class='ocrx_word' id='word_1_355' title='bbox 910 1136 1031 1163; x_wconf 88' lang='lat' dir='ltr'><strong>Christus</strong></span> <span class='ocrx_word' id='word_1_356' title='bbox 1047 1135 1094 1162; x_wconf 82' lang='lat' dir='ltr'><strong>Dei</strong></span> <span class='ocrx_word' id='word_1_357' title='bbox 1110 1135 1195 1162; x_wconf 88' lang='lat' dir='ltr'><strong>virtus</strong></span> <span class='ocrx_word' id='word_1_358' title='bbox 1211 1139 1238 1161; x_wconf 92' lang='lat' dir='ltr'><strong>et</strong></span> <span class='ocrx_word' id='word_1_359' title='bbox 1254 1134 1300 1161; x_wconf 85' lang='lat' dir='ltr'><strong>Dei</strong></span> <span class='ocrx_word' id='word_1_360' title='bbox 1314 1134 1446 1168; x_wconf 81' lang='lat' dir='ltr'><strong>sapientia</strong></span> <span class='ocrx_word' id='word_1_361' title='bbox 1458 1138 1511 1161; x_wconf 90' lang='lat' dir='ltr'><strong>est.</strong></span> 
     </span>
    </p>

    <p class='ocr_par' dir='ltr' id='par_1_15' title="bbox 1182 1183 1439 1211">
     <span class='ocr_line' id='line_1_55' title="bbox 1182 1183 1439 1211; baseline -0.004 0"><span class='ocrx_word' id='word_1_362' title='bbox 1182 1184 1295 1211; x_wconf 84' lang='lat' dir='ltr'>CAPUT</span> <span class='ocrx_word' id='word_1_363' title='bbox 1317 1183 1439 1211; x_wconf 82' lang='lat' dir='ltr'><strong>xxxw.</strong></span> 
     </span>
    </p>

    <p class='ocr_par' dir='ltr' id='par_1_16' title="bbox 910 1221 1709 1533">
     <span class='ocr_line' id='line_1_56' title="bbox 947 1221 1707 1259; baseline -0.007 -6"><span class='ocrx_word' id='word_1_364' title='bbox 947 1228 973 1254; x_wconf 90' lang='grc'><strong>1.</strong></span> <span class='ocrx_word' id='word_1_365' title='bbox 995 1226 1140 1253; x_wconf 84' lang='lat' dir='ltr'><strong>Tricesima</strong></span> <span class='ocrx_word' id='word_1_366' title='bbox 1155 1229 1246 1259; x_wconf 87' lang='lat' dir='ltr'><strong>quarta</strong></span> <span class='ocrx_word' id='word_1_367' title='bbox 1261 1224 1365 1251; x_wconf 89' lang='lat' dir='ltr'><strong>mansio</strong></span> <span class='ocrx_word' id='word_1_368' title='bbox 1384 1223 1412 1250; x_wconf 91' lang='lat' dir='ltr'><strong>in</strong></span> <span class='ocrx_word' id='word_1_369' title='bbox 1428 1227 1518 1250; x_wconf 91' lang='lat' dir='ltr'><strong>monte</strong></span> <span class='ocrx_word' id='word_1_370' title='bbox 1530 1221 1599 1255; x_wconf 85' lang='lat' dir='ltr'><strong>Hor,</strong></span> <span class='ocrx_word' id='word_1_371' title='bbox 1615 1221 1643 1249; x_wconf 87' lang='lat' dir='ltr'><strong>in</strong></span> <span class='ocrx_word' id='word_1_372' title='bbox 1657 1229 1707 1249; x_wconf 84' lang='lat' dir='ltr'><strong>ex-</strong></span> 
     </span>
     <span class='ocr_line' id='line_1_57' title="bbox 912 1267 1702 1304; baseline -0.008 -5"><span class='ocrx_word' id='word_1_373' title='bbox 912 1272 1004 1300; x_wconf 86' lang='lat' dir='ltr'><strong>tremis</strong></span> <span class='ocrx_word' id='word_1_374' title='bbox 1019 1271 1118 1298; x_wconf 83' lang='lat' dir='ltr'><strong>tinibus</strong></span> <span class='ocrx_word' id='word_1_375' title='bbox 1137 1269 1223 1296; x_wconf 89' lang='lat' dir='ltr'><strong>Edon.</strong></span> <span class='ocrx_word' id='word_1_376' title='bbox 1238 1269 1319 1304; x_wconf 66' lang='grc'><strong>453</strong></span> <span class='ocrx_word' id='word_1_377' title='bbox 1332 1269 1360 1295; x_wconf 90' lang='lat' dir='ltr'><strong>ln</strong></span> <span class='ocrx_word' id='word_1_378' title='bbox 1375 1275 1454 1302; x_wconf 91' lang='lat' dir='ltr'><strong>quem</strong></span> <span class='ocrx_word' id='word_1_379' title='bbox 1469 1267 1592 1294; x_wconf 86' lang='lat' dir='ltr'><strong>ascendit</strong></span> <span class='ocrx_word' id='word_1_380' title='bbox 1612 1268 1702 1294; x_wconf 88' lang='lat' dir='ltr'><strong>Aaron</strong></span> 
     </span>
     <span class='ocr_line' id='line_1_58' title="bbox 910 1314 1704 1352; baseline -0.008 -8"><span class='ocrx_word' id='word_1_381' title='bbox 910 1317 984 1352; x_wconf 76' lang='lat' dir='ltr'><strong>juxta</strong></span> <span class='ocrx_word' id='word_1_382' title='bbox 1006 1320 1169 1350; x_wconf 61' lang='lat' dir='ltr'><strong>praeceptum</strong></span> <span class='ocrx_word' id='word_1_383' title='bbox 1187 1314 1307 1346; x_wconf 82' lang='lat' dir='ltr'><strong>Domini,</strong></span> <span class='ocrx_word' id='word_1_384' title='bbox 1320 1318 1347 1340; x_wconf 89' lang='lat' dir='ltr'><strong>et</strong></span> <span class='ocrx_word' id='word_1_385' title='bbox 1362 1317 1481 1340; x_wconf 87' lang='lat' dir='ltr'><strong>mortuus</strong></span> <span class='ocrx_word' id='word_1_386' title='bbox 1498 1317 1540 1339; x_wconf 86' lang='lat' dir='ltr'><strong>est</strong></span> <span class='ocrx_word' id='word_1_387' title='bbox 1554 1319 1624 1339; x_wconf 88' lang='lat' dir='ltr'><strong>anno</strong></span> <span class='ocrx_word' id='word_1_388' title='bbox 1638 1319 1704 1347; x_wconf 86' lang='lat' dir='ltr'><strong>qua-</strong></span> 
     </span>
     <span class='ocr_line' id='line_1_59' title="bbox 911 1356 1708 1396; baseline -0.005 -8"><span class='ocrx_word' id='word_1_389' title='bbox 911 1362 1066 1396; x_wconf 87' lang='lat' dir='ltr'><strong>dragesimo</strong></span> <span class='ocrx_word' id='word_1_390' title='bbox 1077 1359 1241 1395; x_wconf 77' lang='lat' dir='ltr'><strong>egressionis</strong></span> <span class='ocrx_word' id='word_1_391' title='bbox 1257 1366 1292 1386; x_wconf 85' lang='lat' dir='ltr'><strong>ex</strong></span> <span class='ocrx_word' id='word_1_392' title='bbox 1313 1358 1440 1393; x_wconf 83' lang='lat' dir='ltr'><strong>AEgypto,</strong></span> <span class='ocrx_word' id='word_1_393' title='bbox 1464 1366 1496 1386; x_wconf 91' lang='lat' dir='ltr'><strong>eo</strong></span> <span class='ocrx_word' id='word_1_394' title='bbox 1521 1356 1623 1385; x_wconf 82' lang='lat' dir='ltr'><strong>scilicet</strong></span> <span class='ocrx_word' id='word_1_395' title='bbox 1637 1363 1708 1384; x_wconf 89' lang='lat' dir='ltr'><strong>anno</strong></span> 
     </span>
     <span class='ocr_line' id='line_1_60' title="bbox 912 1404 1709 1443; baseline -0.006 -8"><span class='ocrx_word' id='word_1_396' title='bbox 912 1415 966 1443; x_wconf 87' lang='lat' dir='ltr'><strong>quo</strong></span> <span class='ocrx_word' id='word_1_397' title='bbox 981 1415 1067 1435; x_wconf 89' lang='lat' dir='ltr'><strong>novus</strong></span> <span class='ocrx_word' id='word_1_398' title='bbox 1082 1406 1201 1441; x_wconf 89' lang='lat' dir='ltr'><strong>populus</strong></span> <span class='ocrx_word' id='word_1_399' title='bbox 1215 1404 1436 1440; x_wconf 82' lang='lat' dir='ltr'><strong>repromissionis</strong></span> <span class='ocrx_word' id='word_1_400' title='bbox 1452 1409 1549 1432; x_wconf 88' lang='lat' dir='ltr'><strong>terram</strong></span> <span class='ocrx_word' id='word_1_401' title='bbox 1562 1405 1709 1431; x_wconf 86' lang='lat' dir='ltr'><strong>intraturus</strong></span> 
     </span>
     <span class='ocr_line' id='line_1_61' title="bbox 913 1451 1707 1488; baseline -0.005 -7"><span class='ocrx_word' id='word_1_402' title='bbox 913 1458 983 1482; x_wconf 88' lang='lat' dir='ltr'><strong>erat.</strong></span> <span class='ocrx_word' id='word_1_403' title='bbox 1001 1454 1033 1480; x_wconf 85' lang='lat' dir='ltr'><strong>Et</strong></span> <span class='ocrx_word' id='word_1_404' title='bbox 1047 1459 1198 1488; x_wconf 87' lang='lat' dir='ltr'><strong>quanquam</strong></span> <span class='ocrx_word' id='word_1_405' title='bbox 1213 1452 1241 1479; x_wconf 94' lang='lat' dir='ltr'><strong>in</strong></span> <span class='ocrx_word' id='word_1_406' title='bbox 1262 1456 1354 1479; x_wconf 83' lang='lat' dir='ltr'><strong>monte</strong></span> <span class='ocrx_word' id='word_1_407' title='bbox 1377 1451 1560 1479; x_wconf 87' lang='lat' dir='ltr'><strong>sacerdotium</strong></span> <span class='ocrx_word' id='word_1_408' title='bbox 1576 1451 1707 1478; x_wconf 83' lang='lat' dir='ltr'><strong>Eleazaro</strong></span> 
     </span>
     <span class='ocr_line' id='line_1_62' title="bbox 913 1495 1707 1533; baseline -0.005 -7"><span class='ocrx_word' id='word_1_409' title='bbox 913 1500 968 1527; x_wconf 83' lang='lat' dir='ltr'><strong>lilio</strong></span> <span class='ocrx_word' id='word_1_410' title='bbox 994 1498 1180 1533; x_wconf 82' lang='lat' dir='ltr'><strong>dereliquerit,</strong></span> <span class='ocrx_word' id='word_1_411' title='bbox 1197 1498 1294 1533; x_wconf 87' lang='lat' dir='ltr'><strong>lexque</strong></span> <span class='ocrx_word' id='word_1_412' title='bbox 1311 1505 1365 1531; x_wconf 58' lang='lat' dir='ltr'><strong>‚eos</strong></span> <span class='ocrx_word' id='word_1_413' title='bbox 1381 1498 1427 1532; x_wconf 90' lang='lat' dir='ltr'><strong>qui</strong></span> <span class='ocrx_word' id='word_1_414' title='bbox 1449 1504 1507 1524; x_wconf 88' lang='lat' dir='ltr'><strong>eam</strong></span> <span class='ocrx_word' id='word_1_415' title='bbox 1536 1495 1707 1531; x_wconf 78' lang='lat' dir='ltr'><strong>impleverint</strong></span> 
     </span>
    </p>
   </div>
   <div class='ocr_carea' id='block_1_13' title="bbox 104 1538 1710 1580">
    <p class='ocr_par' dir='ltr' id='par_1_17' title="bbox 104 1538 1710 1580">
     <span class='ocr_line' id='line_1_63' title="bbox 104 1538 1710 1580; baseline -0.001 -12"><span class='ocrx_word' id='word_1_416' title='bbox 104 1542 131 1569; x_wconf 70' lang='lat'><strong>2.</strong></span> <span class='ocrx_word' id='word_1_417' title='bbox 154 1542 267 1568; x_wconf 79' lang='lat' dir='ltr'><strong>Videtur</strong></span> <span class='ocrx_word' id='word_1_418' title='bbox 284 1542 310 1568; x_wconf 92' lang='lat' dir='ltr'><strong>in</strong></span> <span class='ocrx_word' id='word_1_419' title='bbox 325 1540 407 1568; x_wconf 90' lang='lat' dir='ltr'><strong>Maria</strong></span> <span class='ocrx_word' id='word_1_420' title='bbox 423 1541 560 1575; x_wconf 85' lang='lat' dir='ltr'><strong>prophetia</strong></span> <span class='ocrx_word' id='word_1_421' title='bbox 575 1545 690 1574; x_wconf 85' lang='lat' dir='ltr'><strong>mortua,</strong></span> <span class='ocrx_word' id='word_1_422' title='bbox 711 1541 737 1566; x_wconf 94' lang='lat' dir='ltr'><strong>in</strong></span> <span class='ocrx_word' id='word_1_423' title='bbox 757 1538 860 1575; x_wconf 87' lang='lat' dir='ltr'><strong>Moyse,</strong></span> <span class='ocrx_word' id='word_1_424' title='bbox 877 1544 900 1575; x_wconf 80' lang='lat' dir='ltr'>C</span> <span class='ocrx_word' id='word_1_425' title='bbox 915 1545 1043 1580; x_wconf 66' lang='lat' dir='ltr'><strong>perducat</strong></span> <span class='ocrx_word' id='word_1_426' title='bbox 1072 1544 1105 1571; x_wconf 72' lang='lat' dir='ltr'><strong>ad</strong></span> <span class='ocrx_word' id='word_1_427' title='bbox 1122 1551 1268 1576; x_wconf 64' lang='lat' dir='ltr'><strong>summum,</strong></span> <span class='ocrx_word' id='word_1_428' title='bbox 1296 1548 1386 1570; x_wconf 73' lang='lat' dir='ltr'><strong>tamen</strong></span> <span class='ocrx_word' id='word_1_429' title='bbox 1404 1543 1462 1577; x_wconf 79' lang='lat' dir='ltr'><strong>ipsa</strong></span> <span class='ocrx_word' id='word_1_430' title='bbox 1487 1542 1640 1569; x_wconf 80' lang='lat' dir='ltr'><strong>sublimitas</strong></span> <span class='ocrx_word' id='word_1_431' title='bbox 1656 1548 1710 1569; x_wconf 88' lang='lat' dir='ltr'><strong>non</strong></span> 
     </span>
    </p>
   </div>
   <div class='ocr_carea' id='block_1_14' title="bbox 68 1587 866 2220">
    <p class='ocr_par' dir='ltr' id='par_1_18' title="bbox 68 1587 862 1806">
     <span class='ocr_line' id='line_1_64' title="bbox 68 1587 862 1623; baseline -0.005 -6"><span class='ocrx_word' id='word_1_432' title='bbox 68 1594 98 1618; x_wconf 74' lang='lat' dir='ltr'><strong>et</strong></span> <span class='ocrx_word' id='word_1_433' title='bbox 114 1590 203 1616; x_wconf 84' lang='lat' dir='ltr'><strong>Aaron</strong></span> <span class='ocrx_word' id='word_1_434' title='bbox 218 1588 280 1623; x_wconf 82' lang='lat' dir='ltr'><strong>legi,</strong></span> <span class='ocrx_word' id='word_1_435' title='bbox 300 1591 327 1615; x_wconf 92' lang='lat' dir='ltr'><strong>et</strong></span> <span class='ocrx_word' id='word_1_436' title='bbox 342 1587 493 1615; x_wconf 83' lang='lat' dir='ltr'><strong>sacerdotio</strong></span> <span class='ocrx_word' id='word_1_437' title='bbox 507 1587 661 1614; x_wconf 81' lang='lat' dir='ltr'><strong>Judaeorum</strong></span> <span class='ocrx_word' id='word_1_438' title='bbox 680 1587 740 1614; x_wconf 83' lang='lat' dir='ltr'><strong>finis</strong></span> <span class='ocrx_word' id='word_1_439' title='bbox 753 1587 862 1621; x_wconf 85' lang='lat' dir='ltr'><strong>imposi-</strong></span> 
     </span>
     <span class='ocr_line' id='line_1_65' title="bbox 71 1633 862 1669; baseline -0.004 -6"><span class='ocrx_word' id='word_1_440' title='bbox 71 1639 115 1663; x_wconf 81' lang='lat' dir='ltr'><strong>tus</strong></span> <span class='ocrx_word' id='word_1_441' title='bbox 130 1644 136 1662; x_wconf 73' lang='grc' dir='ltr'><strong>ι</strong></span> <span class='ocrx_word' id='word_1_442' title='bbox 153 1635 223 1669; x_wconf 88' lang='lat' dir='ltr'><strong>quod</strong></span> <span class='ocrx_word' id='word_1_443' title='bbox 239 1642 288 1661; x_wconf 88' lang='lat' dir='ltr'><strong>nec</strong></span> <span class='ocrx_word' id='word_1_444' title='bbox 301 1633 352 1668; x_wconf 87' lang='lat' dir='ltr'><strong>ipsi</strong></span> <span class='ocrx_word' id='word_1_445' title='bbox 363 1634 395 1660; x_wconf 88' lang='lat' dir='ltr'><strong>ad</strong></span> <span class='ocrx_word' id='word_1_446' title='bbox 419 1638 515 1661; x_wconf 89' lang='lat' dir='ltr'><strong>terram</strong></span> <span class='ocrx_word' id='word_1_447' title='bbox 532 1633 750 1666; x_wconf 85' lang='lat' dir='ltr'><strong>repromissionis</strong></span> <span class='ocrx_word' id='word_1_448' title='bbox 773 1637 862 1660; x_wconf 91' lang='lat' dir='ltr'><strong>trans-</strong></span> 
     </span>
     <span class='ocr_line' id='line_1_66' title="bbox 70 1677 862 1715; baseline -0.005 -5"><span class='ocrx_word' id='word_1_449' title='bbox 70 1682 185 1710; x_wconf 89' lang='lat' dir='ltr'><strong>cendere</strong></span> <span class='ocrx_word' id='word_1_450' title='bbox 205 1681 320 1715; x_wconf 79' lang='lat' dir='ltr'><strong>valeant,</strong></span> <span class='ocrx_word' id='word_1_451' title='bbox 337 1687 386 1707; x_wconf 90' lang='lat' dir='ltr'><strong>nec</strong></span> <span class='ocrx_word' id='word_1_452' title='bbox 400 1679 554 1707; x_wconf 85' lang='lat' dir='ltr'><strong>credentem</strong></span> <span class='ocrx_word' id='word_1_453' title='bbox 569 1679 694 1714; x_wconf 89' lang='lat' dir='ltr'><strong>populum</strong></span> <span class='ocrx_word' id='word_1_454' title='bbox 710 1677 744 1706; x_wconf 87' lang='lat' dir='ltr'><strong>de</strong></span> <span class='ocrx_word' id='word_1_455' title='bbox 766 1678 862 1706; x_wconf 88' lang='lat' dir='ltr'><strong>solitu-</strong></span> 
     </span>
     <span class='ocr_line' id='line_1_67' title="bbox 71 1726 862 1762; baseline -0.005 -6"><span class='ocrx_word' id='word_1_456' title='bbox 71 1728 179 1756; x_wconf 86' lang='lat' dir='ltr'><strong>dinibus</strong></span> <span class='ocrx_word' id='word_1_457' title='bbox 203 1728 280 1762; x_wconf 83' lang='lat' dir='ltr'><strong>hujus</strong></span> <span class='ocrx_word' id='word_1_458' title='bbox 301 1727 392 1754; x_wconf 90' lang='lat' dir='ltr'><strong>mundi</strong></span> <span class='ocrx_word' id='word_1_459' title='bbox 416 1727 539 1759; x_wconf 83' lang='lat' dir='ltr'><strong>educere,</strong></span> <span class='ocrx_word' id='word_1_460' title='bbox 564 1727 615 1754; x_wconf 87' lang='lat' dir='ltr'><strong>nisi</strong></span> <span class='ocrx_word' id='word_1_461' title='bbox 638 1726 712 1754; x_wconf 90' lang='lat' dir='ltr'><strong>solus</strong></span> <span class='ocrx_word' id='word_1_462' title='bbox 734 1726 822 1758; x_wconf 84' lang='lat' dir='ltr'><strong>Jesus,</strong></span> <span class='ocrx_word' id='word_1_463' title='bbox 838 1726 862 1752; x_wconf 93' lang='lat' dir='ltr'><strong>id</strong></span> 
     </span>
     <span class='ocr_line' id='line_1_68' title="bbox 72 1772 527 1806; baseline -0.002 -6"><span class='ocrx_word' id='word_1_464' title='bbox 72 1778 125 1806; x_wconf 79' lang='lat' dir='ltr'><strong>est,</strong></span> <span class='ocrx_word' id='word_1_465' title='bbox 141 1773 264 1800; x_wconf 87' lang='lat' dir='ltr'><strong>Salvator</strong></span> <span class='ocrx_word' id='word_1_466' title='bbox 278 1780 358 1800; x_wconf 86' lang='lat' dir='ltr'><strong>verus</strong></span> <span class='ocrx_word' id='word_1_467' title='bbox 374 1772 422 1800; x_wconf 88' lang='lat' dir='ltr'><strong>Dei</strong></span> <span class='ocrx_word' id='word_1_468' title='bbox 435 1772 527 1799; x_wconf 84' lang='lat' dir='ltr'><strong>Filius.</strong></span> 
     </span>
    </p>

    <p class='ocr_par' dir='ltr' id='par_1_19' title="bbox 72 1818 866 2175">
     <span class='ocr_line' id='line_1_69' title="bbox 108 1818 863 1853; baseline 0.001 -8"><span class='ocrx_word' id='word_1_469' title='bbox 108 1819 135 1846; x_wconf 79' lang='lat'><strong>5.</strong></span> <span class='ocrx_word' id='word_1_470' title='bbox 157 1819 186 1845; x_wconf 91' lang='lat' dir='ltr'><strong>ln</strong></span> <span class='ocrx_word' id='word_1_471' title='bbox 206 1819 256 1845; x_wconf 92' lang='lat' dir='ltr'><strong>bac</strong></span> <span class='ocrx_word' id='word_1_472' title='bbox 270 1819 408 1845; x_wconf 86' lang='lat' dir='ltr'><strong>mansione</strong></span> <span class='ocrx_word' id='word_1_473' title='bbox 426 1823 532 1852; x_wconf 83' lang='lat' dir='ltr'><strong>propter</strong></span> <span class='ocrx_word' id='word_1_474' title='bbox 544 1826 626 1853; x_wconf 89' lang='lat' dir='ltr'><strong>aquas</strong></span> <span class='ocrx_word' id='word_1_475' title='bbox 640 1818 863 1846; x_wconf 86' lang='lat' dir='ltr'><strong>contradictionis</strong></span> 
     </span>
     <span class='ocr_line' id='line_1_70' title="bbox 73 1863 864 1900; baseline 0.001 -9"><span class='ocrx_word' id='word_1_476' title='bbox 73 1864 178 1899; x_wconf 81' lang='lat' dir='ltr'><strong>Moyses</strong></span> <span class='ocrx_word' id='word_1_477' title='bbox 193 1863 305 1891; x_wconf 79' lang='lat' dir='ltr'><strong>offendit</strong></span> <span class='ocrx_word' id='word_1_478' title='bbox 321 1864 414 1897; x_wconf 88' lang='lat' dir='ltr'><strong>Deum,</strong></span> <span class='ocrx_word' id='word_1_479' title='bbox 429 1864 510 1900; x_wconf 59' lang='lat'><strong>[452</strong></span> <span class='ocrx_word' id='word_1_480' title='bbox 529 1870 555 1892; x_wconf 91' lang='lat' dir='ltr'><strong>et</strong></span> <span class='ocrx_word' id='word_1_481' title='bbox 569 1864 726 1899; x_wconf 88' lang='lat' dir='ltr'><strong>prohibetur</strong></span> <span class='ocrx_word' id='word_1_482' title='bbox 748 1865 864 1892; x_wconf 86' lang='lat' dir='ltr'><strong>transire</strong></span> 
     </span>
     <span class='ocr_line' id='line_1_71' title="bbox 72 1911 862 1946; baseline -0.001 -7"><span class='ocrx_word' id='word_1_483' title='bbox 72 1911 228 1940; x_wconf 81' lang='lat' dir='ltr'><strong>Jordanem.</strong></span> <span class='ocrx_word' id='word_1_484' title='bbox 257 1911 390 1938; x_wconf 79' lang='lat' dir='ltr'><strong>Turbatur</strong></span> <span class='ocrx_word' id='word_1_485' title='bbox 413 1912 484 1938; x_wconf 82' lang='lat' dir='ltr'><strong>enim</strong></span> <span class='ocrx_word' id='word_1_486' title='bbox 508 1919 645 1938; x_wconf 89' lang='lat' dir='ltr'><strong>murmure</strong></span> <span class='ocrx_word' id='word_1_487' title='bbox 662 1912 762 1946; x_wconf 81' lang='lat' dir='ltr'><strong>populi,</strong></span> <span class='ocrx_word' id='word_1_488' title='bbox 785 1912 862 1938; x_wconf 90' lang='lat' dir='ltr'><strong>dubi-</strong></span> 
     </span>
     <span class='ocr_line' id='line_1_72' title="bbox 74 1957 863 1992; baseline -0.003 -6"><span class='ocrx_word' id='word_1_489' title='bbox 74 1962 162 1986; x_wconf 83' lang='lat' dir='ltr'><strong>tamer</strong></span> <span class='ocrx_word' id='word_1_490' title='bbox 176 1962 278 1992; x_wconf 86' lang='lat' dir='ltr'><strong>petram</strong></span> <span class='ocrx_word' id='word_1_491' title='bbox 294 1957 366 1992; x_wconf 84' lang='lat' dir='ltr'><strong>virga</strong></span> <span class='ocrx_word' id='word_1_492' title='bbox 384 1959 526 1991; x_wconf 81' lang='lat' dir='ltr'><strong>percussit,</strong></span> <span class='ocrx_word' id='word_1_493' title='bbox 543 1958 619 1991; x_wconf 86' lang='lat' dir='ltr'><strong>quasi</strong></span> <span class='ocrx_word' id='word_1_494' title='bbox 645 1957 709 1984; x_wconf 91' lang='lat' dir='ltr'><strong>illud</strong></span> <span class='ocrx_word' id='word_1_495' title='bbox 725 1957 794 1984; x_wconf 88' lang='lat' dir='ltr'><strong>Deus</strong></span> <span class='ocrx_word' id='word_1_496' title='bbox 811 1965 863 1984; x_wconf 91' lang='lat' dir='ltr'><strong>non</strong></span> 
     </span>
     <span class='ocr_line' id='line_1_73' title="bbox 75 2002 865 2038; baseline 0 -8"><span class='ocrx_word' id='word_1_497' title='bbox 75 2007 169 2038; x_wconf 85' lang='lat' dir='ltr'><strong>posset</strong></span> <span class='ocrx_word' id='word_1_498' title='bbox 184 2002 271 2030; x_wconf 80' lang='lat' dir='ltr'><strong>facere</strong></span> <span class='ocrx_word' id='word_1_499' title='bbox 292 2006 320 2029; x_wconf 92' lang='lat' dir='ltr'><strong>ut</strong></span> <span class='ocrx_word' id='word_1_500' title='bbox 335 2010 403 2036; x_wconf 84' lang='lat' dir='ltr'><strong>aqua</strong></span> <span class='ocrx_word' id='word_1_501' title='bbox 428 2003 461 2030; x_wconf 86' lang='lat' dir='ltr'><strong>de</strong></span> <span class='ocrx_word' id='word_1_502' title='bbox 487 2007 561 2037; x_wconf 86' lang='lat' dir='ltr'><strong>petra</strong></span> <span class='ocrx_word' id='word_1_503' title='bbox 581 2003 694 2036; x_wconf 86' lang='lat' dir='ltr'><strong>ilueret,</strong></span> <span class='ocrx_word' id='word_1_504' title='bbox 710 2003 779 2037; x_wconf 88' lang='lat' dir='ltr'><strong>quod</strong></span> <span class='ocrx_word' id='word_1_505' title='bbox 804 2008 865 2030; x_wconf 84' lang='lat' dir='ltr'><strong>ante</strong></span> 
     </span>
     <span class='ocr_line' id='line_1_74' title="bbox 75 2049 864 2085; baseline 0.001 -10"><span class='ocrx_word' id='word_1_506' title='bbox 75 2049 128 2083; x_wconf 82' lang='lat' dir='ltr'><strong>jam</strong></span> <span class='ocrx_word' id='word_1_507' title='bbox 154 2049 265 2076; x_wconf 76' lang='lat' dir='ltr'><strong>iecerat.</strong></span> <span class='ocrx_word' id='word_1_508' title='bbox 287 2049 356 2081; x_wconf 82' lang='lat' dir='ltr'><strong>Quid</strong></span> <span class='ocrx_word' id='word_1_509' title='bbox 379 2056 442 2083; x_wconf 86' lang='lat' dir='ltr'><strong>ergo</strong></span> <span class='ocrx_word' id='word_1_510' title='bbox 459 2049 501 2076; x_wconf 89' lang='lat' dir='ltr'><strong>hic</strong></span> <span class='ocrx_word' id='word_1_511' title='bbox 529 2049 595 2076; x_wconf 82' lang='lat' dir='ltr'><strong>tides</strong></span> <span class='ocrx_word' id='word_1_512' title='bbox 616 2049 701 2085; x_wconf 83' lang='lat' dir='ltr'><strong>Moysi</strong></span> <span class='ocrx_word' id='word_1_513' title='bbox 726 2050 864 2081; x_wconf 87' lang='lat' dir='ltr'><strong>insinuat,</strong></span> 
     </span>
     <span class='ocr_line' id='line_1_75' title="bbox 77 2094 866 2129; baseline 0.003 -9"><span class='ocrx_word' id='word_1_514' title='bbox 77 2095 147 2129; x_wconf 85' lang='lat' dir='ltr'><strong>qnod</strong></span> <span class='ocrx_word' id='word_1_515' title='bbox 173 2094 205 2121; x_wconf 88' lang='lat' dir='ltr'><strong>ad</strong></span> <span class='ocrx_word' id='word_1_516' title='bbox 232 2102 327 2129; x_wconf 87' lang='lat' dir='ltr'><strong>aquam</strong></span> <span class='ocrx_word' id='word_1_517' title='bbox 348 2094 381 2121; x_wconf 87' lang='lat' dir='ltr'><strong>de</strong></span> <span class='ocrx_word' id='word_1_518' title='bbox 404 2099 480 2129; x_wconf 87' lang='lat' dir='ltr'><strong>petra</strong></span> <span class='ocrx_word' id='word_1_519' title='bbox 505 2095 666 2129; x_wconf 81' lang='lat' dir='ltr'><strong>ejiciendam</strong></span> <span class='ocrx_word' id='word_1_520' title='bbox 695 2095 866 2122; x_wconf 78' lang='lat' dir='ltr'><strong>titubaverit?</strong></span> 
     </span>
     <span class='ocr_line' id='line_1_76' title="bbox 76 2140 864 2175; baseline 0.001 -8"><span class='ocrx_word' id='word_1_521' title='bbox 76 2141 144 2168; x_wconf 88' lang='lat' dir='ltr'><strong>hanc</strong></span> <span class='ocrx_word' id='word_1_522' title='bbox 156 2141 323 2174; x_wconf 85' lang='lat' dir='ltr'><strong>prophetiam</strong></span> <span class='ocrx_word' id='word_1_523' title='bbox 337 2146 409 2167; x_wconf 88' lang='lat' dir='ltr'><strong>recte</strong></span> <span class='ocrx_word' id='word_1_524' title='bbox 421 2140 601 2175; x_wconf 81' lang='lat' dir='ltr'><strong>intelligamus</strong></span> <span class='ocrx_word' id='word_1_525' title='bbox 617 2141 699 2168; x_wconf 83' lang='lat' dir='ltr'><strong>fuisse</strong></span> <span class='ocrx_word' id='word_1_526' title='bbox 706 2141 739 2169; x_wconf 83' lang='lat' dir='ltr'><strong>de</strong></span> <span class='ocrx_word' id='word_1_527' title='bbox 746 2141 864 2169; x_wconf 89' lang='lat' dir='ltr'><strong>Christo.</strong></span> 
     </span>
    </p>

    <p class='ocr_par' dir='ltr' id='par_1_20' title="bbox 110 2185 864 2220">
     <span class='ocr_line' id='line_1_77' title="bbox 110 2185 864 2220; baseline 0.004 -9"><span class='ocrx_word' id='word_1_528' title='bbox 110 2186 138 2212; x_wconf 74' lang='lat'><strong>4.</strong></span> <span class='ocrx_word' id='word_1_529' title='bbox 160 2185 227 2211; x_wconf 87' lang='lat' dir='ltr'><strong>Dum</strong></span> <span class='ocrx_word' id='word_1_530' title='bbox 243 2185 312 2211; x_wconf 85' lang='lat' dir='ltr'><strong>enim</strong></span> <span class='ocrx_word' id='word_1_531' title='bbox 335 2185 440 2220; x_wconf 83' lang='lat' dir='ltr'><strong>Moyses</strong></span> <span class='ocrx_word' id='word_1_532' title='bbox 462 2186 488 2212; x_wconf 92' lang='lat' dir='ltr'><strong>in</strong></span> <span class='ocrx_word' id='word_1_533' title='bbox 503 2185 650 2220; x_wconf 83' lang='lat' dir='ltr'><strong>Scripturis</strong></span> <span class='ocrx_word' id='word_1_534' title='bbox 671 2187 772 2214; x_wconf 87' lang='lat' dir='ltr'><strong>sanetis</strong></span> <span class='ocrx_word' id='word_1_535' title='bbox 785 2188 864 2214; x_wconf 88' lang='lat' dir='ltr'><strong>aliam</strong></span> 
     </span>
    </p>
   </div>
   <div class='ocr_carea' id='block_1_15' title="bbox 915 1588 1713 2216">
    <p class='ocr_par' dir='ltr' id='par_1_21' title="bbox 915 1588 1710 1808">
     <span class='ocr_line' id='line_1_78' title="bbox 915 1588 1710 1621; baseline -0.005 -3"><span class='ocrx_word' id='word_1_536' title='bbox 915 1595 958 1618; x_wconf 87' lang='lat' dir='ltr'><strong>est</strong></span> <span class='ocrx_word' id='word_1_537' title='bbox 974 1596 1049 1617; x_wconf 87' lang='lat' dir='ltr'><strong>trans</strong></span> <span class='ocrx_word' id='word_1_538' title='bbox 1065 1589 1163 1617; x_wconf 84' lang='lat' dir='ltr'><strong>fluenta</strong></span> <span class='ocrx_word' id='word_1_539' title='bbox 1179 1589 1316 1621; x_wconf 83' lang='lat' dir='ltr'><strong>Jordanis,</strong></span> <span class='ocrx_word' id='word_1_540' title='bbox 1331 1588 1379 1616; x_wconf 88' lang='lat' dir='ltr'><strong>sed</strong></span> <span class='ocrx_word' id='word_1_541' title='bbox 1396 1588 1422 1615; x_wconf 92' lang='lat' dir='ltr'><strong>in</strong></span> <span class='ocrx_word' id='word_1_542' title='bbox 1435 1588 1568 1615; x_wconf 84' lang='lat' dir='ltr'><strong>extremis</strong></span> <span class='ocrx_word' id='word_1_543' title='bbox 1590 1592 1710 1615; x_wconf 86' lang='lat' dir='ltr'><strong>terreno-</strong></span> 
     </span>
     <span class='ocr_line' id='line_1_79' title="bbox 915 1633 1710 1670; baseline -0.005 -7"><span class='ocrx_word' id='word_1_544' title='bbox 915 1644 974 1663; x_wconf 89' lang='lat' dir='ltr'><strong>rum</strong></span> <span class='ocrx_word' id='word_1_545' title='bbox 988 1643 1100 1670; x_wconf 85' lang='lat' dir='ltr'><strong>operum</strong></span> <span class='ocrx_word' id='word_1_546' title='bbox 1118 1634 1226 1662; x_wconf 68' lang='lat' dir='ltr'><strong>linibus.</strong></span> <span class='ocrx_word' id='word_1_547' title='bbox 1241 1635 1274 1661; x_wconf 85' lang='lat' dir='ltr'><strong>Et</strong></span> <span class='ocrx_word' id='word_1_548' title='bbox 1286 1634 1388 1669; x_wconf 84' lang='lat' dir='ltr'><strong>planxit</strong></span> <span class='ocrx_word' id='word_1_549' title='bbox 1409 1641 1466 1661; x_wconf 69' lang='lat' dir='ltr'><strong>eum</strong></span> <span class='ocrx_word' id='word_1_550' title='bbox 1478 1634 1591 1668; x_wconf 84' lang='lat' dir='ltr'><strong>populus</strong></span> <span class='ocrx_word' id='word_1_551' title='bbox 1604 1633 1710 1667; x_wconf 82' lang='lat' dir='ltr'><strong>triginta</strong></span> 
     </span>
     <span class='ocr_line' id='line_1_80' title="bbox 915 1678 1710 1714; baseline -0.004 -6"><span class='ocrx_word' id='word_1_552' title='bbox 915 1681 1019 1709; x_wconf 88' lang='lat' dir='ltr'><strong>diebus.</strong></span> <span class='ocrx_word' id='word_1_553' title='bbox 1048 1683 1139 1708; x_wconf 89' lang='lat' dir='ltr'><strong>Aaron</strong></span> <span class='ocrx_word' id='word_1_554' title='bbox 1165 1680 1315 1714; x_wconf 81' lang='lat' dir='ltr'><strong>plangitur,</strong></span> <span class='ocrx_word' id='word_1_555' title='bbox 1330 1679 1410 1707; x_wconf 70' lang='lat' dir='ltr'><strong>lesus</strong></span> <span class='ocrx_word' id='word_1_556' title='bbox 1438 1687 1491 1706; x_wconf 91' lang='lat' dir='ltr'><strong>non</strong></span> <span class='ocrx_word' id='word_1_557' title='bbox 1517 1679 1659 1714; x_wconf 81' lang='lat' dir='ltr'><strong>plangitur.</strong></span> <span class='ocrx_word' id='word_1_558' title='bbox 1682 1678 1710 1705; x_wconf 93' lang='lat' dir='ltr'><strong>ln</strong></span> 
     </span>
     <span class='ocr_line' id='line_1_81' title="bbox 916 1724 1709 1763; baseline -0.005 -8"><span class='ocrx_word' id='word_1_559' title='bbox 916 1729 974 1763; x_wconf 83' lang='lat' dir='ltr'><strong>lege</strong></span> <span class='ocrx_word' id='word_1_560' title='bbox 989 1729 1135 1758; x_wconf 82' lang='lat' dir='ltr'><strong>descensus</strong></span> <span class='ocrx_word' id='word_1_561' title='bbox 1151 1727 1185 1754; x_wconf 87' lang='lat' dir='ltr'><strong>ad</strong></span> <span class='ocrx_word' id='word_1_562' title='bbox 1208 1726 1326 1761; x_wconf 43' lang='lat' dir='ltr'><strong>inierosss,</strong></span> <span class='ocrx_word' id='word_1_563' title='bbox 1344 1727 1371 1754; x_wconf 95' lang='lat' dir='ltr'><strong>in</strong></span> <span class='ocrx_word' id='word_1_564' title='bbox 1388 1725 1530 1761; x_wconf 84' lang='lat' dir='ltr'><strong>evangelio</strong></span> <span class='ocrx_word' id='word_1_565' title='bbox 1543 1725 1577 1752; x_wconf 86' lang='lat' dir='ltr'><strong>ad</strong></span> <span class='ocrx_word' id='word_1_566' title='bbox 1602 1724 1709 1759; x_wconf 89' lang='lat' dir='ltr'><strong>paradi-</strong></span> 
     </span>
     <span class='ocr_line' id='line_1_82' title="bbox 915 1773 1203 1808; baseline -0.003 -7"><span class='ocrx_word' id='word_1_567' title='bbox 915 1781 974 1802; x_wconf 90' lang='lat' dir='ltr'><strong>sum</strong></span> <span class='ocrx_word' id='word_1_568' title='bbox 991 1773 1203 1808; x_wconf 86' lang='lat' dir='ltr'><strong>transmigratio.</strong></span> 
     </span>
    </p>

    <p class='ocr_par' dir='ltr' id='par_1_22' title="bbox 916 1816 1713 2216">
     <span class='ocr_line' id='line_1_83' title="bbox 950 1816 1711 1854; baseline -0.005 -8"><span class='ocrx_word' id='word_1_569' title='bbox 950 1818 978 1846; x_wconf 73' lang='lat'><strong>2.</strong></span> <span class='ocrx_word' id='word_1_570' title='bbox 1000 1819 1079 1846; x_wconf 82' lang='lat' dir='ltr'><strong>Audit</strong></span> <span class='ocrx_word' id='word_1_571' title='bbox 1091 1826 1197 1854; x_wconf 87' lang='lat' dir='ltr'><strong>quoque</strong></span> <span class='ocrx_word' id='word_1_572' title='bbox 1212 1817 1380 1846; x_wconf 84' lang='lat' dir='ltr'><strong>Cltananaeus</strong></span> <span class='ocrx_word' id='word_1_573' title='bbox 1393 1817 1463 1853; x_wconf 91' lang='lat' dir='ltr'><strong>quod</strong></span> <span class='ocrx_word' id='word_1_574' title='bbox 1478 1818 1595 1845; x_wconf 82' lang='lat' dir='ltr'><strong>venisset</strong></span> <span class='ocrx_word' id='word_1_575' title='bbox 1610 1816 1691 1844; x_wconf 87' lang='lat' dir='ltr'><strong>lsrael</strong></span> <span class='ocrx_word' id='word_1_576' title='bbox 1703 1835 1711 1848; x_wconf 91' lang='lat'>‚</span> 
     </span>
     <span class='ocr_line' id='line_1_84' title="bbox 916 1862 1711 1898; baseline -0.004 -6"><span class='ocrx_word' id='word_1_577' title='bbox 916 1869 942 1893; x_wconf 89' lang='lat' dir='ltr'><strong>et</strong></span> <span class='ocrx_word' id='word_1_578' title='bbox 967 1866 993 1892; x_wconf 91' lang='lat' dir='ltr'><strong>in</strong></span> <span class='ocrx_word' id='word_1_579' title='bbox 1019 1865 1108 1892; x_wconf 90' lang='lat' dir='ltr'><strong>locum</strong></span> <span class='ocrx_word' id='word_1_580' title='bbox 1124 1865 1333 1898; x_wconf 85' lang='lat' dir='ltr'><strong>exploratorum,</strong></span> <span class='ocrx_word' id='word_1_581' title='bbox 1361 1863 1406 1891; x_wconf 91' lang='lat' dir='ltr'><strong>ubi</strong></span> <span class='ocrx_word' id='word_1_582' title='bbox 1430 1863 1565 1898; x_wconf 88' lang='lat' dir='ltr'><strong>quondam</strong></span> <span class='ocrx_word' id='word_1_583' title='bbox 1586 1862 1711 1898; x_wconf 87' lang='lat' dir='ltr'><strong>populum</strong></span> 
     </span>
     <span class='ocr_line' id='line_1_85' title="bbox 917 1909 1713 1945; baseline -0.004 -7"><span class='ocrx_word' id='word_1_584' title='bbox 917 1911 1062 1939; x_wconf 77' lang='lat' dir='ltr'><strong>offendisse</strong></span> <span class='ocrx_word' id='word_1_585' title='bbox 1076 1915 1216 1943; x_wconf 86' lang='lat' dir='ltr'><strong>noverant,</strong></span> <span class='ocrx_word' id='word_1_586' title='bbox 1234 1911 1326 1938; x_wconf 85' lang='lat' dir='ltr'><strong>ineunt</strong></span> <span class='ocrx_word' id='word_1_587' title='bbox 1339 1911 1471 1945; x_wconf 67' lang='lat' dir='ltr'><strong>madium,</strong></span> <span class='ocrx_word' id='word_1_588' title='bbox 1483 1914 1511 1937; x_wconf 86' lang='lat' dir='ltr'><strong>et</strong></span> <span class='ocrx_word' id='word_1_589' title='bbox 1521 1910 1653 1944; x_wconf 87' lang='lat' dir='ltr'><strong>captivum</strong></span> <span class='ocrx_word' id='word_1_590' title='bbox 1664 1909 1713 1936; x_wconf 92' lang='lat' dir='ltr'><strong>du-</strong></span> 
     </span>
     <span class='ocr_line' id='line_1_86' title="bbox 917 1957 1713 1992; baseline -0.004 -7"><span class='ocrx_word' id='word_1_591' title='bbox 917 1963 981 1986; x_wconf 86' lang='lat' dir='ltr'><strong>cunt</strong></span> <span class='ocrx_word' id='word_1_592' title='bbox 997 1958 1089 1985; x_wconf 85' lang='lat' dir='ltr'><strong>lsrael.</strong></span> <span class='ocrx_word' id='word_1_593' title='bbox 1111 1957 1268 1992; x_wconf 83' lang='lat' dir='ltr'><strong>Rursusque</strong></span> <span class='ocrx_word' id='word_1_594' title='bbox 1293 1958 1320 1984; x_wconf 94' lang='lat' dir='ltr'><strong>in</strong></span> <span class='ocrx_word' id='word_1_595' title='bbox 1333 1958 1428 1984; x_wconf 87' lang='lat' dir='ltr'><strong>eodem</strong></span> <span class='ocrx_word' id='word_1_596' title='bbox 1449 1957 1508 1983; x_wconf 91' lang='lat' dir='ltr'><strong>loco</strong></span> <span class='ocrx_word' id='word_1_597' title='bbox 1527 1960 1658 1990; x_wconf 84' lang='lat' dir='ltr'><strong>pugnatur</strong></span> <span class='ocrx_word' id='word_1_598' title='bbox 1680 1962 1713 1983; x_wconf 81' lang='lat' dir='ltr'><strong>ex</strong></span> 
     </span>
     <span class='ocr_line' id='line_1_87' title="bbox 917 2001 1712 2038; baseline -0.004 -8"><span class='ocrx_word' id='word_1_599' title='bbox 917 2010 990 2038; x_wconf 90' lang='lat' dir='ltr'><strong>voto,</strong></span> <span class='ocrx_word' id='word_1_600' title='bbox 1008 2005 1094 2031; x_wconf 87' lang='lat' dir='ltr'><strong>victor</strong></span> <span class='ocrx_word' id='word_1_601' title='bbox 1114 2004 1239 2037; x_wconf 81' lang='lat' dir='ltr'><strong>vincitur,</strong></span> <span class='ocrx_word' id='word_1_602' title='bbox 1256 2003 1318 2030; x_wconf 89' lang='lat' dir='ltr'><strong>victi</strong></span> <span class='ocrx_word' id='word_1_603' title='bbox 1332 2007 1469 2037; x_wconf 80' lang='lat' dir='ltr'><strong>superant,</strong></span> <span class='ocrx_word' id='word_1_604' title='bbox 1487 2009 1534 2036; x_wconf 90' lang='lat' dir='ltr'><strong>per</strong></span> <span class='ocrx_word' id='word_1_605' title='bbox 1547 2001 1618 2036; x_wconf 89' lang='lat' dir='ltr'><strong>quod</strong></span> <span class='ocrx_word' id='word_1_606' title='bbox 1633 2001 1712 2028; x_wconf 79' lang='lat' dir='ltr'><strong>intel-</strong></span> 
     </span>
     <span class='ocr_line' id='line_1_88' title="bbox 918 2046 1713 2084; baseline -0.004 -8"><span class='ocrx_word' id='word_1_607' title='bbox 918 2050 1023 2084; x_wconf 85' lang='lat' dir='ltr'><strong>ligimus</strong></span> <span class='ocrx_word' id='word_1_608' title='bbox 1039 2054 1067 2076; x_wconf 89' lang='lat' dir='ltr'><strong>ut</strong></span> <span class='ocrx_word' id='word_1_609' title='bbox 1082 2057 1142 2076; x_wconf 88' lang='lat' dir='ltr'><strong>cum</strong></span> <span class='ocrx_word' id='word_1_610' title='bbox 1156 2056 1204 2075; x_wconf 87' lang='lat' dir='ltr'><strong>nos</strong></span> <span class='ocrx_word' id='word_1_611' title='bbox 1216 2048 1263 2075; x_wconf 88' lang='lat' dir='ltr'><strong>Dei</strong></span> <span class='ocrx_word' id='word_1_612' title='bbox 1284 2047 1386 2075; x_wconf 82' lang='lat' dir='ltr'><strong>auxilio</strong></span> <span class='ocrx_word' id='word_1_613' title='bbox 1401 2047 1544 2074; x_wconf 85' lang='lat' dir='ltr'><strong>destitutos</strong></span> <span class='ocrx_word' id='word_1_614' title='bbox 1559 2048 1648 2073; x_wconf 82' lang='lat' dir='ltr'><strong>hostes</strong></span> <span class='ocrx_word' id='word_1_615' title='bbox 1671 2046 1713 2073; x_wconf 91' lang='lat' dir='ltr'><strong>in-</strong></span> 
     </span>
     <span class='ocr_line' id='line_1_89' title="bbox 918 2092 1713 2129; baseline -0.006 -6"><span class='ocrx_word' id='word_1_616' title='bbox 918 2096 1046 2128; x_wconf 83' lang='lat' dir='ltr'><strong>vaserint,</strong></span> <span class='ocrx_word' id='word_1_617' title='bbox 1057 2095 1236 2129; x_wconf 81' lang='lat' dir='ltr'><strong>duxerintque</strong></span> <span class='ocrx_word' id='word_1_618' title='bbox 1249 2093 1380 2128; x_wconf 87' lang='lat' dir='ltr'><strong>captivos,</strong></span> <span class='ocrx_word' id='word_1_619' title='bbox 1395 2100 1448 2120; x_wconf 92' lang='lat' dir='ltr'><strong>non</strong></span> <span class='ocrx_word' id='word_1_620' title='bbox 1460 2093 1633 2127; x_wconf 84' lang='lat' dir='ltr'><strong>desperemus</strong></span> <span class='ocrx_word' id='word_1_621' title='bbox 1643 2092 1713 2119; x_wconf 88' lang='lat' dir='ltr'><strong>salu-</strong></span> 
     </span>
     <span class='ocr_line' id='line_1_90' title="bbox 919 2138 1713 2173; baseline -0.005 -5"><span class='ocrx_word' id='word_1_622' title='bbox 919 2146 972 2168; x_wconf 88' lang='lat' dir='ltr'><strong>tem</strong></span> <span class='ocrx_word' id='word_1_623' title='bbox 985 2161 993 2173; x_wconf 88' lang='lat'><strong>,</strong></span> <span class='ocrx_word' id='word_1_624' title='bbox 1020 2140 1067 2168; x_wconf 91' lang='lat' dir='ltr'><strong>sed</strong></span> <span class='ocrx_word' id='word_1_625' title='bbox 1082 2141 1178 2167; x_wconf 85' lang='lat' dir='ltr'><strong>iterum</strong></span> <span class='ocrx_word' id='word_1_626' title='bbox 1194 2147 1329 2166; x_wconf 89' lang='lat' dir='ltr'><strong>armemur</strong></span> <span class='ocrx_word' id='word_1_627' title='bbox 1342 2139 1375 2166; x_wconf 88' lang='lat' dir='ltr'><strong>ad</strong></span> <span class='ocrx_word' id='word_1_628' title='bbox 1396 2138 1527 2173; x_wconf 81' lang='lat' dir='ltr'><strong>praelium.</strong></span> <span class='ocrx_word' id='word_1_629' title='bbox 1549 2138 1640 2165; x_wconf 82' lang='lat' dir='ltr'><strong>Potest</strong></span> <span class='ocrx_word' id='word_1_630' title='bbox 1656 2138 1713 2164; x_wconf 81' lang='lat' dir='ltr'><strong>lieri</strong></span> 
     </span>
     <span class='ocr_line' id='line_1_91' title="bbox 920 2183 1712 2216; baseline -0.005 -2"><span class='ocrx_word' id='word_1_631' title='bbox 920 2192 948 2214; x_wconf 89' lang='lat' dir='ltr'><strong>ut</strong></span> <span class='ocrx_word' id='word_1_632' title='bbox 961 2187 1098 2214; x_wconf 83' lang='lat' dir='ltr'><strong>vincamus</strong></span> <span class='ocrx_word' id='word_1_633' title='bbox 1115 2185 1157 2213; x_wconf 87' lang='lat' dir='ltr'><strong>uhi</strong></span> <span class='ocrx_word' id='word_1_634' title='bbox 1167 2185 1229 2213; x_wconf 74' lang='lat' dir='ltr'><strong>victi</strong></span> <span class='ocrx_word' id='word_1_635' title='bbox 1244 2193 1346 2216; x_wconf 81' lang='lat' dir='ltr'><strong>sumus.</strong></span> <span class='ocrx_word' id='word_1_636' title='bbox 1363 2189 1389 2212; x_wconf 88' lang='lat' dir='ltr'><strong>et</strong></span> <span class='ocrx_word' id='word_1_637' title='bbox 1399 2185 1426 2212; x_wconf 90' lang='lat' dir='ltr'><strong>iu</strong></span> <span class='ocrx_word' id='word_1_638' title='bbox 1441 2184 1535 2212; x_wconf 88' lang='lat' dir='ltr'><strong>eodem</strong></span> <span class='ocrx_word' id='word_1_639' title='bbox 1550 2185 1608 2212; x_wconf 86' lang='lat' dir='ltr'><strong>loco</strong></span> <span class='ocrx_word' id='word_1_640' title='bbox 1620 2183 1712 2211; x_wconf 88' lang='lat' dir='ltr'><strong>tritnn-</strong></span> 
     </span>
    </p>
   </div>
   <div class='ocr_carea' id='block_1_16' title="bbox 76 2229 1451 2268">
    <p class='ocr_par' dir='ltr' id='par_1_23' title="bbox 76 2229 1451 2268">
     <span class='ocr_line' id='line_1_92' title="bbox 76 2229 1451 2268; baseline 0.001 -12"><span class='ocrx_word' id='word_1_641' title='bbox 76 2233 156 2264; x_wconf 76' lang='lat' dir='ltr'><strong>atque</strong></span> <span class='ocrx_word' id='word_1_642' title='bbox 167 2229 246 2256; x_wconf 87' lang='lat' dir='ltr'><strong>aliam</strong></span> <span class='ocrx_word' id='word_1_643' title='bbox 264 2237 311 2264; x_wconf 90' lang='lat' dir='ltr'><strong>pro</strong></span> <span class='ocrx_word' id='word_1_644' title='bbox 327 2237 357 2256; x_wconf 90' lang='lat' dir='ltr'><strong>re</strong></span> <span class='ocrx_word' id='word_1_645' title='bbox 370 2230 457 2264; x_wconf 75' lang='lat' dir='ltr'><strong>aliqua</strong></span> <span class='ocrx_word' id='word_1_646' title='bbox 473 2231 650 2265; x_wconf 81' lang='lat' dir='ltr'><strong>significanda</strong></span> <span class='ocrx_word' id='word_1_647' title='bbox 664 2239 807 2266; x_wconf 84' lang='lat' dir='ltr'><strong>personam</strong></span> <span class='ocrx_word' id='word_1_648' title='bbox 819 2240 867 2268; x_wconf 84' lang='lat' dir='ltr'><strong>ge·</strong></span> <span class='ocrx_word' id='word_1_649' title='bbox 878 2233 906 2263; x_wconf 89' lang='lat' dir='ltr'>D</span> <span class='ocrx_word' id='word_1_650' title='bbox 920 2233 1032 2268; x_wconf 86' lang='lat' dir='ltr'><strong>phemus</strong></span> <span class='ocrx_word' id='word_1_651' title='bbox 1047 2240 1074 2260; x_wconf 87' lang='lat' dir='ltr'><strong>tn</strong></span> <span class='ocrx_word' id='word_1_652' title='bbox 1089 2239 1142 2267; x_wconf 89' lang='lat' dir='ltr'><strong>quo</strong></span> <span class='ocrx_word' id='word_1_653' title='bbox 1155 2233 1254 2259; x_wconf 82' lang='lat' dir='ltr'><strong>luimus</strong></span> <span class='ocrx_word' id='word_1_654' title='bbox 1268 2236 1331 2259; x_wconf 90' lang='lat' dir='ltr'><strong>ante</strong></span> <span class='ocrx_word' id='word_1_655' title='bbox 1341 2230 1451 2265; x_wconf 86' lang='lat' dir='ltr'><strong>captivi.</strong></span> 
     </span>
    </p>
   </div>
   <div class='ocr_carea' id='block_1_17' title="bbox 77 2277 868 2590">
    <p class='ocr_par' dir='ltr' id='par_1_24' title="bbox 77 2277 868 2590">
     <span class='ocr_line' id='line_1_93' title="bbox 79 2277 867 2317; baseline 0.005 -14"><span class='ocrx_word' id='word_1_656' title='bbox 79 2281 128 2310; x_wconf 85' lang='lat' dir='ltr'><strong>rat,</strong></span> <span class='ocrx_word' id='word_1_657' title='bbox 145 2284 215 2304; x_wconf 90' lang='lat' dir='ltr'><strong>nunc</strong></span> <span class='ocrx_word' id='word_1_658' title='bbox 240 2281 328 2304; x_wconf 86' lang='lat' dir='ltr'><strong>tamen</strong></span> <span class='ocrx_word' id='word_1_659' title='bbox 345 2277 434 2312; x_wconf 87' lang='lat' dir='ltr'><strong>populi</strong></span> <span class='ocrx_word' id='word_1_660' title='bbox 455 2277 610 2305; x_wconf 72' lang='lat' dir='ltr'><strong>ludaeorum</strong></span> <span class='ocrx_word' id='word_1_661' title='bbox 636 2278 686 2306; x_wconf 89' lang='lat' dir='ltr'><strong>sub</strong></span> <span class='ocrx_word' id='word_1_662' title='bbox 711 2279 770 2314; x_wconf 86' lang='lat' dir='ltr'><strong>lege</strong></span> <span class='ocrx_word' id='word_1_663' title='bbox 788 2280 867 2317; x_wconf 85' lang='lat' dir='ltr'><strong>positi</strong></span> 
     </span>
     <span class='ocr_line' id='line_1_94' title="bbox 77 2323 868 2359; baseline 0.005 -10"><span class='ocrx_word' id='word_1_664' title='bbox 77 2329 219 2356; x_wconf 80' lang='lat' dir='ltr'><strong>personam</strong></span> <span class='ocrx_word' id='word_1_665' title='bbox 229 2323 347 2358; x_wconf 85' lang='lat' dir='ltr'><strong>gerebat,</strong></span> <span class='ocrx_word' id='word_1_666' title='bbox 360 2331 473 2357; x_wconf 89' lang='lat' dir='ltr'><strong>eumque</strong></span> <span class='ocrx_word' id='word_1_667' title='bbox 489 2324 515 2350; x_wconf 90' lang='lat' dir='ltr'><strong>in</strong></span> <span class='ocrx_word' id='word_1_668' title='bbox 532 2324 687 2358; x_wconf 86' lang='lat' dir='ltr'><strong>prophetica</strong></span> <span class='ocrx_word' id='word_1_669' title='bbox 702 2325 868 2359; x_wconf 77' lang='lat' dir='ltr'><strong>praenuntia-</strong></span> 
     </span>
     <span class='ocr_line' id='line_1_95' title="bbox 79 2367 865 2406; baseline 0.006 -12"><span class='ocrx_word' id='word_1_670' title='bbox 79 2367 152 2394; x_wconf 86' lang='lat' dir='ltr'><strong>tione</strong></span> <span class='ocrx_word' id='word_1_671' title='bbox 166 2368 304 2402; x_wconf 72' lang='lat' dir='ltr'><strong>figurabat.</strong></span> <span class='ocrx_word' id='word_1_672' title='bbox 322 2368 387 2395; x_wconf 84' lang='lat' dir='ltr'><strong>Nam</strong></span> <span class='ocrx_word' id='word_1_673' title='bbox 397 2370 464 2396; x_wconf 86' lang='lat' dir='ltr'><strong>sicut</strong></span> <span class='ocrx_word' id='word_1_674' title='bbox 473 2370 589 2405; x_wconf 77' lang='lat' dir='ltr'><strong>Moyses.</strong></span> <span class='ocrx_word' id='word_1_675' title='bbox 603 2375 705 2404; x_wconf 84' lang='lat' dir='ltr'><strong>petram</strong></span> <span class='ocrx_word' id='word_1_676' title='bbox 717 2371 791 2406; x_wconf 87' lang='lat' dir='ltr'><strong>virga</strong></span> <span class='ocrx_word' id='word_1_677' title='bbox 804 2379 865 2406; x_wconf 91' lang='lat' dir='ltr'><strong>per-</strong></span> 
     </span>
     <span class='ocr_line' id='line_1_96' title="bbox 79 2413 864 2453; baseline 0.006 -13"><span class='ocrx_word' id='word_1_678' title='bbox 79 2413 195 2446; x_wconf 85' lang='lat' dir='ltr'><strong>cutiens,</strong></span> <span class='ocrx_word' id='word_1_679' title='bbox 215 2413 249 2441; x_wconf 90' lang='lat' dir='ltr'><strong>de</strong></span> <span class='ocrx_word' id='word_1_680' title='bbox 270 2414 315 2442; x_wconf 85' lang='lat' dir='ltr'><strong>Dei</strong></span> <span class='ocrx_word' id='word_1_681' title='bbox 329 2414 427 2442; x_wconf 89' lang='lat' dir='ltr'><strong>virtute</strong></span> <span class='ocrx_word' id='word_1_682' title='bbox 450 2415 592 2449; x_wconf 85' lang='lat' dir='ltr'><strong>dubitavit,</strong></span> <span class='ocrx_word' id='word_1_683' title='bbox 616 2417 651 2443; x_wconf 83' lang='lat' dir='ltr'><strong>ita</strong></span> <span class='ocrx_word' id='word_1_684' title='bbox 668 2417 713 2445; x_wconf 90' lang='lat' dir='ltr'><strong>ille</strong></span> <span class='ocrx_word' id='word_1_685' title='bbox 735 2418 864 2453; x_wconf 81' lang='lat' dir='ltr'><strong>populus,</strong></span> 
     </span>
     <span class='ocr_line' id='line_1_97' title="bbox 80 2457 864 2496; baseline 0.009 -13"><span class='ocrx_word' id='word_1_686' title='bbox 80 2457 124 2492; x_wconf 85' lang='lat' dir='ltr'><strong>qui</strong></span> <span class='ocrx_word' id='word_1_687' title='bbox 139 2457 190 2485; x_wconf 82' lang='lat' dir='ltr'><strong>sub</strong></span> <span class='ocrx_word' id='word_1_688' title='bbox 205 2458 264 2493; x_wconf 85' lang='lat' dir='ltr'><strong>lege</strong></span> <span class='ocrx_word' id='word_1_689' title='bbox 278 2466 325 2493; x_wconf 84' lang='lat' dir='ltr'><strong>pet·</strong></span> <span class='ocrx_word' id='word_1_690' title='bbox 339 2459 449 2495; x_wconf 72' lang='lat' dir='ltr'><strong>Moysen</strong></span> <span class='ocrx_word' id='word_1_691' title='bbox 472 2460 535 2488; x_wconf 86' lang='lat' dir='ltr'><strong>data</strong></span> <span class='ocrx_word' id='word_1_692' title='bbox 559 2461 710 2496; x_wconf 82' lang='lat' dir='ltr'><strong>tenebatur,</strong></span> <span class='ocrx_word' id='word_1_693' title='bbox 728 2462 864 2490; x_wconf 84' lang='lat' dir='ltr'><strong>Christum</strong></span> 
     </span>
     <span class='ocr_line' id='line_1_98' title="bbox 81 2503 864 2540; baseline 0.006 -8"><span class='ocrx_word' id='word_1_694' title='bbox 81 2504 156 2540; x_wconf 79' lang='lat' dir='ltr'><strong>ligno</strong></span> <span class='ocrx_word' id='word_1_695' title='bbox 170 2503 258 2532; x_wconf 85' lang='lat' dir='ltr'><strong>crucis</strong></span> <span class='ocrx_word' id='word_1_696' title='bbox 282 2504 405 2540; x_wconf 78' lang='lat' dir='ltr'><strong>affigens.</strong></span> <span class='ocrx_word' id='word_1_697' title='bbox 420 2513 482 2534; x_wconf 87' lang='lat' dir='ltr'><strong>eum</strong></span> <span class='ocrx_word' id='word_1_698' title='bbox 502 2507 628 2536; x_wconf 83' lang='lat' dir='ltr'><strong>virtutem</strong></span> <span class='ocrx_word' id='word_1_699' title='bbox 654 2508 702 2536; x_wconf 80' lang='lat' dir='ltr'><strong>Dei</strong></span> <span class='ocrx_word' id='word_1_700' title='bbox 728 2516 789 2537; x_wconf 82' lang='lat' dir='ltr'><strong>esse</strong></span> <span class='ocrx_word' id='word_1_701' title='bbox 810 2517 864 2537; x_wconf 91' lang='lat' dir='ltr'><strong>non</strong></span> 
     </span>
     <span class='ocr_line' id='line_1_99' title="bbox 80 2547 866 2590; baseline 0.006 -12"><span class='ocrx_word' id='word_1_702' title='bbox 80 2547 194 2578; x_wconf 82' lang='lat' dir='ltr'><strong>credidit</strong></span> <span class='ocrx_word' id='word_1_703' title='bbox 204 2569 213 2582; x_wconf 85' lang='lat'>‚</span> <span class='ocrx_word' id='word_1_704' title='bbox 226 2547 274 2576; x_wconf 84' lang='lat' dir='ltr'><strong>sed</strong></span> <span class='ocrx_word' id='word_1_705' title='bbox 288 2548 357 2577; x_wconf 76' lang='lat' dir='ltr'><strong>sicut</strong></span> <span class='ocrx_word' id='word_1_706' title='bbox 371 2557 495 2585; x_wconf 83' lang='lat' dir='ltr'><strong>pereussa</strong></span> <span class='ocrx_word' id='word_1_707' title='bbox 510 2557 585 2587; x_wconf 86' lang='lat' dir='ltr'><strong>petra</strong></span> <span class='ocrx_word' id='word_1_708' title='bbox 603 2554 724 2581; x_wconf 85' lang='lat' dir='ltr'><strong>manavit</strong></span> <span class='ocrx_word' id='word_1_709' title='bbox 739 2561 808 2590; x_wconf 84' lang='lat' dir='ltr'><strong>aqua</strong></span> <span class='ocrx_word' id='word_1_710' title='bbox 829 2556 866 2583; x_wconf 83' lang='lat' dir='ltr'><strong>si-</strong></span> 
     </span>
    </p>
   </div>
   <div class='ocr_carea' id='block_1_18' title="bbox 81 2615 870 2796">
    <p class='ocr_par' dir='ltr' id='par_1_25' title="bbox 81 2615 870 2796">
     <span class='ocr_line' id='line_1_100' title="bbox 117 2615 866 2651; baseline 0.009 -7"><span class='ocrx_word' id='word_1_711' title='bbox 117 2616 182 2644; x_wconf 67' lang='lat' dir='ltr'><strong>Cn.</strong></span> <span class='ocrx_word' id='word_1_712' title='bbox 198 2623 294 2643; x_wconf 81' lang='lat' dir='ltr'><strong>xum.</strong></span> <span class='ocrx_word' id='word_1_713' title='bbox 311 2615 377 2644; x_wconf 67' lang='lat' dir='ltr'><strong>tm.</strong></span> <span class='ocrx_word' id='word_1_714' title='bbox 387 2617 468 2646; x_wconf 73' lang='lat' dir='ltr'><strong>Codes</strong></span> <span class='ocrx_word' id='word_1_715' title='bbox 476 2622 562 2647; x_wconf 70' lang='lat' dir='ltr'><strong>utem</strong></span> <span class='ocrx_word' id='word_1_716' title='bbox 574 2625 674 2649; x_wconf 75' lang='lat' dir='ltr'><strong>sancta.</strong></span> <span class='ocrx_word' id='word_1_717' title='bbox 683 2621 810 2650; x_wconf 82' lang='lat' dir='ltr'><strong>Mendose</strong></span> <span class='ocrx_word' id='word_1_718' title='bbox 818 2622 866 2651; x_wconf 87' lang='lat' dir='ltr'><strong>lib.</strong></span> 
     </span>
     <span class='ocr_line' id='line_1_101' title="bbox 81 2651 764 2691; baseline 0.007 -12"><span class='ocrx_word' id='word_1_719' title='bbox 81 2659 108 2680; x_wconf 89' lang='lat' dir='ltr'><strong>o.</strong></span> <span class='ocrx_word' id='word_1_720' title='bbox 123 2651 171 2679; x_wconf 82' lang='lat' dir='ltr'><strong>Sin</strong></span> <span class='ocrx_word' id='word_1_721' title='bbox 185 2655 271 2678; x_wconf 75' lang='lat' dir='ltr'><strong>autem</strong></span> <span class='ocrx_word' id='word_1_722' title='bbox 284 2656 408 2679; x_wconf 75' lang='lat' dir='ltr'><strong>sanctam.</strong></span> <span class='ocrx_word' id='word_1_723' title='bbox 422 2652 482 2681; x_wconf 79' lang='lat' dir='ltr'><strong>vid.</strong></span> <span class='ocrx_word' id='word_1_724' title='bbox 497 2653 654 2691; x_wconf 69' lang='lat' dir='ltr'><strong>hieronym.</strong></span> <span class='ocrx_word' id='word_1_725' title='bbox 669 2655 764 2684; x_wconf 75' lang='lat' dir='ltr'><strong>Gaui..</strong></span> 
     </span>
     <span class='ocr_line' id='line_1_102' title="bbox 87 2685 868 2750; baseline 0.009 -37"><span class='ocrx_word' id='word_1_726' title='bbox 87 2722 94 2729; x_wconf 43' lang='lat'>¹</span> <span class='ocrx_word' id='word_1_727' title='bbox 107 2687 136 2713; x_wconf 77' lang='grc' dir='ltr'><strong>Ξ.</strong></span> <span class='ocrx_word' id='word_1_728' title='bbox 151 2685 475 2750; x_wconf 46' lang='lat' dir='ltr'><strong>Albiizellxe‘cgstkenntsiem</strong></span> <span class='ocrx_word' id='word_1_729' title='bbox 486 2689 610 2724; x_wconf 72' lang='lat' dir='ltr'><strong>poputum</strong></span> <span class='ocrx_word' id='word_1_730' title='bbox 622 2691 654 2719; x_wconf 74' lang='lat' dir='ltr'><strong>ds</strong></span> <span class='ocrx_word' id='word_1_731' title='bbox 667 2690 805 2720; x_wconf 73' lang='lat' dir='ltr'><strong>solitudine</strong></span> <span class='ocrx_word' id='word_1_732' title='bbox 819 2693 868 2720; x_wconf 83' lang='grc' dir='ltr'><strong><em>Ιηι-</em></strong></span> 
     </span>
     <span class='ocr_line' id='line_1_103' title="bbox 83 2728 870 2796; baseline 0.013 -15"><span class='ocrx_word' id='word_1_733' title='bbox 83 2728 198 2785; x_wconf 52' lang='lat' dir='ltr'><strong>&#39;uamn</strong></span> <span class='ocrx_word' id='word_1_734' title='bbox 221 2756 269 2783; x_wconf 81' lang='lat' dir='ltr'><strong>hac</strong></span> <span class='ocrx_word' id='word_1_735' title='bbox 278 2757 414 2784; x_wconf 73' lang='lat' dir='ltr'><strong>mansione</strong></span> <span class='ocrx_word' id='word_1_736' title='bbox 427 2741 533 2792; x_wconf 64' lang='lat' dir='ltr'><strong>propter</strong></span> <span class='ocrx_word' id='word_1_737' title='bbox 554 2765 644 2794; x_wconf 59' lang='lat' dir='ltr'><strong>aquam</strong></span> <span class='ocrx_word' id='word_1_738' title='bbox 665 2752 748 2796; x_wconf 71' lang='lat' dir='ltr'><strong>usque</strong></span> <span class='ocrx_word' id='word_1_739' title='bbox 769 2761 802 2790; x_wconf 81' lang='lat' dir='ltr'><strong>ad</strong></span> <span class='ocrx_word' id='word_1_740' title='bbox 826 2771 870 2790; x_wconf 81' lang='lat' dir='ltr'><strong>sa-</strong></span> 
     </span>
    </p>
   </div>
   <div class='ocr_carea' id='block_1_19' title="bbox 45 2789 865 2860">
    <p class='ocr_par' dir='ltr' id='par_1_26' title="bbox 45 2789 865 2860">
     <span class='ocr_line' id='line_1_104' title="bbox 83 2789 865 2831; baseline 0.01 -14"><span class='ocrx_word' id='word_1_741' title='bbox 83 2789 179 2828; x_wconf 66' lang='lat' dir='ltr'><strong>pientia</strong></span> <span class='ocrx_word' id='word_1_742' title='bbox 192 2795 238 2824; x_wconf 71' lang='lat' dir='ltr'><strong>est,</strong></span> <span class='ocrx_word' id='word_1_743' title='bbox 251 2791 340 2819; x_wconf 80' lang='lat' dir='ltr'><strong>omnia</strong></span> <span class='ocrx_word' id='word_1_744' title='bbox 354 2795 416 2819; x_wconf 85' lang='lat' dir='ltr'><strong>suut</strong></span> <span class='ocrx_word' id='word_1_745' title='bbox 426 2792 495 2830; x_wconf 83' lang='lat' dir='ltr'><strong>Aug.</strong></span> <span class='ocrx_word' id='word_1_746' title='bbox 511 2792 600 2828; x_wconf 77' lang='lat' dir='ltr'><strong>verb..</strong></span> <span class='ocrx_word' id='word_1_747' title='bbox 612 2801 659 2823; x_wconf 81' lang='lat' dir='ltr'><strong>xvt</strong></span> <span class='ocrx_word' id='word_1_748' title='bbox 674 2798 747 2824; x_wconf 79' lang='lat' dir='ltr'><strong>cont.</strong></span> <span class='ocrx_word' id='word_1_749' title='bbox 758 2796 865 2831; x_wconf 66' lang='lat' dir='ltr'><strong>faust„</strong></span> 
     </span>
     <span class='ocr_line' id='line_1_105' title="bbox 45 2824 401 2860; baseline 0 -4"><span class='ocrx_word' id='word_1_750' title='bbox 45 2851 52 2856; x_wconf 95' lang='lat'><strong>.</strong></span> <span class='ocrx_word' id='word_1_751' title='bbox 83 2832 143 2860; x_wconf 71' lang='lat' dir='ltr'><strong>cup.</strong></span> <span class='ocrx_word' id='word_1_752' title='bbox 157 2826 192 2855; x_wconf 74' lang='lat' dir='ltr'><strong>ts</strong></span> <span class='ocrx_word' id='word_1_753' title='bbox 205 2825 288 2855; x_wconf 75' lang='lat' dir='ltr'><strong>etss.</strong></span> <span class='ocrx_word' id='word_1_754' title='bbox 303 2824 401 2856; x_wconf 72' lang='lat' dir='ltr'><strong>Gam-</strong></span> 
     </span>
    </p>
   </div>
   <div class='ocr_carea' id='block_1_20' title="bbox 956 2299 1628 2382">
    <p class='ocr_par' dir='ltr' id='par_1_27' title="bbox 956 2299 1628 2382">
     <span class='ocr_line' id='line_1_106' title="bbox 1196 2299 1439 2328; baseline -0.004 0"><span class='ocrx_word' id='word_1_755' title='bbox 1196 2300 1310 2328; x_wconf 84' lang='lat' dir='ltr'>GAPUT</span> <span class='ocrx_word' id='word_1_756' title='bbox 1329 2299 1439 2327; x_wconf 78' lang='lat' dir='ltr'><strong>XXXV.</strong></span> 
     </span>
     <span class='ocr_line' id='line_1_107' title="bbox 956 2345 1628 2382; baseline -0.01 -5"><span class='ocrx_word' id='word_1_757' title='bbox 956 2350 982 2377; x_wconf 89' lang='grc'><strong>1.</strong></span> <span class='ocrx_word' id='word_1_758' title='bbox 1003 2348 1151 2377; x_wconf 84' lang='lat' dir='ltr'><strong>Tricesima</strong></span> <span class='ocrx_word' id='word_1_759' title='bbox 1171 2348 1263 2382; x_wconf 81' lang='lat' dir='ltr'><strong>quinta</strong></span> <span class='ocrx_word' id='word_1_760' title='bbox 1278 2347 1382 2374; x_wconf 89' lang='lat' dir='ltr'><strong>mansio</strong></span> <span class='ocrx_word' id='word_1_761' title='bbox 1395 2350 1436 2374; x_wconf 88' lang='lat' dir='ltr'><strong>est</strong></span> <span class='ocrx_word' id='word_1_762' title='bbox 1451 2346 1477 2373; x_wconf 93' lang='lat' dir='ltr'><strong>in</strong></span> <span class='ocrx_word' id='word_1_763' title='bbox 1496 2345 1628 2372; x_wconf 79' lang='lat' dir='ltr'><strong>Setmona.</strong></span> 
     </span>
    </p>
   </div>
   <div class='ocr_carea' id='block_1_21' title="bbox 918 2413 1714 2589">
    <p class='ocr_par' dir='ltr' id='par_1_28' title="bbox 918 2413 1714 2589">
     <span class='ocr_line' id='line_1_108' title="bbox 1193 2413 1447 2443; baseline -0.012 0"><span class='ocrx_word' id='word_1_764' title='bbox 1193 2415 1306 2443; x_wconf 82' lang='lat' dir='ltr'>CAPUT</span> <span class='ocrx_word' id='word_1_765' title='bbox 1327 2413 1447 2442; x_wconf 77' lang='lat' dir='ltr'>XXXV!-</span> 
     </span>
     <span class='ocr_line' id='line_1_109' title="bbox 955 2456 1714 2491; baseline -0.011 0"><span class='ocrx_word' id='word_1_766' title='bbox 955 2465 985 2491; x_wconf 93' lang='grc'><strong>1.</strong></span> <span class='ocrx_word' id='word_1_767' title='bbox 1004 2463 1150 2490; x_wconf 87' lang='lat' dir='ltr'><strong>Tricesima</strong></span> <span class='ocrx_word' id='word_1_768' title='bbox 1162 2466 1235 2489; x_wconf 81' lang='lat' dir='ltr'><strong>sexta</strong></span> <span class='ocrx_word' id='word_1_769' title='bbox 1248 2460 1352 2487; x_wconf 86' lang='lat' dir='ltr'><strong>mansio</strong></span> <span class='ocrx_word' id='word_1_770' title='bbox 1367 2459 1446 2487; x_wconf 90' lang='lat' dir='ltr'><strong>estin</strong></span> <span class='ocrx_word' id='word_1_771' title='bbox 1457 2457 1580 2485; x_wconf 71' lang='lat' dir='ltr'><strong>phunon.</strong></span> <span class='ocrx_word' id='word_1_772' title='bbox 1596 2456 1641 2484; x_wconf 78' lang='lat' dir='ltr'><strong>ttae</strong></span> <span class='ocrx_word' id='word_1_773' title='bbox 1654 2456 1714 2484; x_wconf 79' lang='lat' dir='ltr'><strong>duae</strong></span> 
     </span>
     <span class='ocr_line' id='line_1_110' title="bbox 918 2505 1713 2537; baseline -0.008 0"><span class='ocrx_word' id='word_1_774' title='bbox 918 2510 1072 2537; x_wconf 89' lang='lat' dir='ltr'><strong>mansiones</strong></span> <span class='ocrx_word' id='word_1_775' title='bbox 1087 2508 1114 2536; x_wconf 91' lang='lat' dir='ltr'><strong>in</strong></span> <span class='ocrx_word' id='word_1_776' title='bbox 1129 2508 1222 2534; x_wconf 86' lang='lat' dir='ltr'><strong>ordine</strong></span> <span class='ocrx_word' id='word_1_777' title='bbox 1238 2506 1356 2534; x_wconf 83' lang='lat' dir='ltr'><strong>historiae</strong></span> <span class='ocrx_word' id='word_1_778' title='bbox 1380 2513 1434 2533; x_wconf 91' lang='lat' dir='ltr'><strong>nou</strong></span> <span class='ocrx_word' id='word_1_779' title='bbox 1456 2505 1626 2532; x_wconf 84' lang='lat' dir='ltr'><strong>inveniuntur</strong></span> <span class='ocrx_word' id='word_1_780' title='bbox 1651 2512 1658 2530; x_wconf 73' lang='grc' dir='ltr'><strong>ε</strong></span> <span class='ocrx_word' id='word_1_781' title='bbox 1686 2505 1713 2531; x_wconf 83' lang='grc' dir='ltr'><strong>ἰιι</strong></span> 
     </span>
     <span class='ocr_line' id='line_1_111' title="bbox 919 2551 1713 2589; baseline -0.009 -4"><span class='ocrx_word' id='word_1_782' title='bbox 919 2558 973 2589; x_wconf 85' lang='lat' dir='ltr'><strong>his,</strong></span> <span class='ocrx_word' id='word_1_783' title='bbox 984 2560 1090 2584; x_wconf 91' lang='lat' dir='ltr'><strong>mortuo</strong></span> <span class='ocrx_word' id='word_1_784' title='bbox 1102 2555 1203 2588; x_wconf 86' lang='lat' dir='ltr'><strong>Aaron,</strong></span> <span class='ocrx_word' id='word_1_785' title='bbox 1213 2557 1382 2581; x_wconf 90' lang='lat' dir='ltr'><strong>murmurant</strong></span> <span class='ocrx_word' id='word_1_786' title='bbox 1395 2552 1533 2580; x_wconf 82' lang='lat' dir='ltr'><strong>lsraelitici</strong></span> <span class='ocrx_word' id='word_1_787' title='bbox 1547 2551 1637 2586; x_wconf 88' lang='lat' dir='ltr'><strong>populi</strong></span> <span class='ocrx_word' id='word_1_788' title='bbox 1647 2558 1713 2579; x_wconf 87' lang='lat' dir='ltr'><strong>con-</strong></span> 
     </span>
    </p>
   </div>
   <div class='ocr_carea' id='block_1_22' title="bbox 921 2618 1712 2831">
    <p class='ocr_par' dir='ltr' id='par_1_29' title="bbox 921 2618 1712 2727">
     <span class='ocr_line' id='line_1_112' title="bbox 957 2618 1712 2654; baseline -0.008 -2"><span class='ocrx_word' id='word_1_789' title='bbox 957 2626 984 2653; x_wconf 81' lang='lat'><strong>5.</strong></span> <span class='ocrx_word' id='word_1_790' title='bbox 1007 2625 1058 2652; x_wconf 86' lang='lat' dir='ltr'><strong>Pro</strong></span> <span class='ocrx_word' id='word_1_791' title='bbox 1073 2623 1170 2654; x_wconf 75' lang='lat' dir='ltr'><strong>dicens,</strong></span> <span class='ocrx_word' id='word_1_792' title='bbox 1187 2621 1247 2648; x_wconf 90' lang='lat' dir='ltr'><strong>Alb.</strong></span> <span class='ocrx_word' id='word_1_793' title='bbox 1264 2619 1397 2652; x_wconf 75' lang='lat' dir='ltr'><strong>dicentem.</strong></span> <span class='ocrx_word' id='word_1_794' title='bbox 1416 2618 1532 2646; x_wconf 78' lang='lat' dir='ltr'><strong>Florent.</strong></span> <span class='ocrx_word' id='word_1_795' title='bbox 1551 2618 1579 2651; x_wconf 85' lang='grc'><strong>1,</strong></span> <span class='ocrx_word' id='word_1_796' title='bbox 1593 2618 1712 2652; x_wconf 73' lang='lat' dir='ltr'><strong>dicentis,</strong></span> 
     </span>
     <span class='ocr_line' id='line_1_113' title="bbox 921 2653 1710 2694; baseline -0.011 -6"><span class='ocrx_word' id='word_1_797' title='bbox 921 2661 1025 2688; x_wconf 81' lang='lat' dir='ltr'><strong>scilicet</strong></span> <span class='ocrx_word' id='word_1_798' title='bbox 1035 2658 1164 2694; x_wconf 82' lang='lat' dir='ltr'><strong>Apostoli,</strong></span> <span class='ocrx_word' id='word_1_799' title='bbox 1177 2657 1248 2690; x_wconf 89' lang='lat' dir='ltr'><strong>quod</strong></span> <span class='ocrx_word' id='word_1_800' title='bbox 1259 2655 1418 2689; x_wconf 86' lang='lat' dir='ltr'><strong>intelligitur</strong></span> <span class='ocrx_word' id='word_1_801' title='bbox 1426 2655 1452 2681; x_wconf 92' lang='lat' dir='ltr'><strong>in</strong></span> <span class='ocrx_word' id='word_1_802' title='bbox 1460 2654 1636 2688; x_wconf 70' lang='lat' dir='ltr'><strong>apostolicam.</strong></span> <span class='ocrx_word' id='word_1_803' title='bbox 1649 2653 1710 2682; x_wconf 71' lang='lat' dir='ltr'><strong>Mox</strong></span> 
     </span>
     <span class='ocr_line' id='line_1_114' title="bbox 922 2689 1613 2727; baseline -0.012 -4"><span class='ocrx_word' id='word_1_804' title='bbox 922 2696 994 2727; x_wconf 67' lang='lat' dir='ltr'><strong>Alb„</strong></span> <span class='ocrx_word' id='word_1_805' title='bbox 1009 2694 1078 2721; x_wconf 82' lang='lat' dir='ltr'><strong>Deus</strong></span> <span class='ocrx_word' id='word_1_806' title='bbox 1093 2701 1143 2719; x_wconf 85' lang='lat' dir='ltr'><strong>non</strong></span> <span class='ocrx_word' id='word_1_807' title='bbox 1154 2691 1254 2722; x_wconf 80' lang='lat' dir='ltr'><strong>liberat,</strong></span> <span class='ocrx_word' id='word_1_808' title='bbox 1269 2690 1314 2724; x_wconf 76' lang='lat' dir='ltr'><strong>qui</strong></span> <span class='ocrx_word' id='word_1_809' title='bbox 1327 2694 1443 2723; x_wconf 72' lang='lat' dir='ltr'><strong>utonem,</strong></span> <span class='ocrx_word' id='word_1_810' title='bbox 1459 2693 1511 2716; x_wconf 83' lang='lat' dir='ltr'><strong>etc.</strong></span> <span class='ocrx_word' id='word_1_811' title='bbox 1527 2689 1613 2716; x_wconf 75' lang='lat' dir='ltr'><strong>Anav.</strong></span> 
     </span>
    </p>

    <p class='ocr_par' dir='ltr' id='par_1_30' title="bbox 921 2724 1710 2831">
     <span class='ocr_line' id='line_1_115' title="bbox 957 2724 1709 2760; baseline -0.008 -2"><span class='ocrx_word' id='word_1_812' title='bbox 957 2731 1022 2758; x_wconf 61' lang='lat' dir='ltr'><strong>Car.</strong></span> <span class='ocrx_word' id='word_1_813' title='bbox 1037 2735 1127 2756; x_wconf 79' lang='lat' dir='ltr'><strong>xxxvi.</strong></span> <span class='ocrx_word' id='word_1_814' title='bbox 1145 2726 1176 2753; x_wconf 88' lang='lat' dir='ltr'><strong>N.</strong></span> <span class='ocrx_word' id='word_1_815' title='bbox 1190 2725 1218 2753; x_wconf 76' lang='lat'><strong>2.</strong></span> <span class='ocrx_word' id='word_1_816' title='bbox 1235 2726 1352 2758; x_wconf 63' lang='lat' dir='ltr'><strong>Bonan„</strong></span> <span class='ocrx_word' id='word_1_817' title='bbox 1366 2732 1397 2752; x_wconf 82' lang='lat' dir='ltr'><strong>ex</strong></span> <span class='ocrx_word' id='word_1_818' title='bbox 1410 2725 1511 2760; x_wconf 87' lang='lat' dir='ltr'><strong>Origin.</strong></span> <span class='ocrx_word' id='word_1_819' title='bbox 1527 2724 1633 2756; x_wconf 75' lang='lat' dir='ltr'><strong>Isidori,</strong></span> <span class='ocrx_word' id='word_1_820' title='bbox 1643 2724 1709 2752; x_wconf 71' lang='lat' dir='ltr'><strong>ima·</strong></span> 
     </span>
     <span class='ocr_line' id='line_1_116' title="bbox 921 2760 1710 2828; baseline -0.006 -36"><span class='ocrx_word' id='word_1_821' title='bbox 921 2768 1006 2804; x_wconf 67' lang='lat' dir='ltr'><strong>yinem</strong></span> <span class='ocrx_word' id='word_1_822' title='bbox 1027 2763 1094 2828; x_wconf 49' lang='lat' dir='ltr'><strong>{iffi</strong></span> <span class='ocrx_word' id='word_1_823' title='bbox 1110 2762 1156 2789; x_wconf 79' lang='lat' dir='ltr'><strong>Dei</strong></span> <span class='ocrx_word' id='word_1_824' title='bbox 1177 2761 1371 2796; x_wconf 68' lang='lat' dir='ltr'><strong>passionemque</strong></span> <span class='ocrx_word' id='word_1_825' title='bbox 1383 2762 1440 2797; x_wconf 73' lang='lat' dir='ltr'><strong>ejus</strong></span> <span class='ocrx_word' id='word_1_826' title='bbox 1452 2760 1631 2796; x_wconf 69' lang='lat' dir='ltr'><strong>cotoepmrint</strong></span> <span class='ocrx_word' id='word_1_827' title='bbox 1653 2767 1710 2788; x_wconf 70' lang='lat' dir='ltr'><strong>ur-</strong></span> 
     </span>
     <span class='ocr_line' id='line_1_117' title="bbox 921 2805 1126 2831; baseline -0.02 -1"><span class='ocrx_word' id='word_1_828' title='bbox 921 2806 1023 2831; x_wconf 66' lang='lat' dir='ltr'><strong>nentur.</strong></span> <span class='ocrx_word' id='word_1_829' title='bbox 1081 2805 1126 2826; x_wconf 73' lang='lat' dir='ltr'><strong>nv-</strong></span> 
     </span>
    </p>
   </div>
  </div>
 </body>
</html>
