1832 3016
163 135 234 163 ¹215

556 134 602 162 An
622 133 652 162 S.
672 133 796 162 lstnom
816 132 1036 162 tttSPALENSts
1055 133 1170 163 OPERA
1189 134 1411 166 APPENntCES.

164 198 248 224 Deum
274 199 373 229 patroni
396 201 489 226 vocas,
516 194 566 221 hnc
589 195 615 221 in
639 194 742 221 actibus
763 193 815 220 tuis
828 194 950 220 ostende.
966 194 990 223 A
1004 194 1090 220 amico
1103 194 1197 221 vitiosa
1218 195 1342 229 voluptas
1362 203 1453 223 amara
1469 199 1518 223 est.
1532 193 1635 222 Tandiu
1650 194 1721 222 enim
1735 197 1797 230 uuis

1005 234 1111 261 pei-cata
1137 237 1195 260 sua,
1212 238 1271 264 quae
1293 238 1383 262 nosse.
1403 237 1429 258 et
1451 231 1550 258 deflere
1569 229 1659 262 debet,
1681 231 1802 270 ignorat..
1827 229 1832 258 i

165 233 236 259 Bona
252 238 325 256 mens
346 230 443 256 chorus
458 233 499 255 est
526 229 582 260 Dei=
607 230 674 256 mala
699 237 773 255 mens
788 228 887 255 chorus
911 232 953 255 est

163 268 325 293 drcnwnum.
340 264 442 297 Quanta
459 265 521 290 vitia
538 265 616 290 babet
635 264 734 295 anima,
759 268 796 289 tot
822 268 848 289 et
867 263 954 290 (lomi-

164 308 220 327 nns.
240 300 449 326 Fundamentum
474 299 579 333 pietatis
595 303 637 325 est-
657 298 829 328 cnntinentia.
847 298 953 325 culinen

163 341 250 362 autem
275 334 380 367 pietatis
405 339 445 361 est
469 334 596 360 amicitia.
622 334 690 360 Nulli
716 333 838 359 suadenti
862 338 886 360 te
909 341 954 359 ac-

162 371 282 404 quiescas
304 370 391 396 facere
404 370 473 403 quod
492 377 543 395 non
559 373 600 395 est
623 369 732 396 bonnm.
750 369 896 394 Pessimum
913 371 955 395 est

164 406 348 439 peccatoribus
363 406 387 431 in
405 412 484 431 uuum
500 404 654 435 convenire,
669 412 729 430 cum
745 408 866 436 peccant.
881 403 954 429 Mutii

162 441 213 466 cibi
230 441 375 468 impediunt
398 440 567 471 charitatem,
587 444 613 465 et
629 439 819 465 incontinentia
833 439 953 465 ciborum

162 475 325 502 immundum
353 475 434 510 304,
459 475 593 501 hominem
618 474 727 502 faciunt.
751 474 806 500 Non
828 474 892 506 cini,
910 474 954 506 qni

162 518 210 544 per
224 518 252 536 os
270 511 429 541 inferuntur,
443 510 563 543 polluunt
580 510 723 540 bominem,
739 509 785 535 sed
802 517 832 535 ea
847 517 907 542 quae
922 516 955 535 ex

162 546 239 571 malis
261 546 378 572 moribus
403 545 582 579 proferuntur.
606 547 641 570 lia
664 545 759 578 excipe
782 553 794 569 :i
815 545 878 576 Deo,
895 552 955 577 qiiae

163 583 284 611 accipere
306 581 339 607 ab
363 581 469 608 bomine
490 588 540 606 non
559 585 644 612 potes.
669 580 762 606 initiis
777 584 817 606 est
841 579 955 609 lapidem

163 615 258 641 frustra
272 616 375 648 jactare
389 624 467 649 quani
484 616 602 642 verbnm.
623 615 714 641 tii-uvis
735 615 786 640 erit
810 616 835 640 in
851 622 956 640 serino-

162 651 240 676 tiilius
263 652 370 684 sapiens
386 652 410 677 in
425 651 538 684 jndicio,
555 650 694 684 imperium
710 654 749 675 est
772 650 847 683 longa
865 657 957 675 narra-

162 688 207 712 tio.
226 687 290 713 Cum
316 694 400 718 przces
423 687 586 716 hominibus,
608 691 742 711 memento
757 686 819 717 quia
845 684 891 710 tibi
916 689 958 710 est

163 721 243 753 Dens,
261 726 287 748 et
299 722 422 755 judicans
439 721 571 750 homiues,
585 722 652 746 scito
668 720 728 752 qnia
745 725 771 745 et
787 721 843 750 ipse
856 719 958 752 judica-

163 756 235 782 beris
247 766 259 782 :i
278 757 341 784 beo.
358 757 422 783 Coie
445 757 590 789 sapientem
611 756 710 786 viruin,
725 755 800 788 quasi
815 755 957 788 imaginem

164 791 209 818 Dei
228 792 351 819 viventis.
368 791 474 818 Nullum
502 797 641 824 propterea
664 792 788 821 lionoris,
812 790 855 821 qui
879 790 958 815 liabct

162 828 260 853 niultas
281 827 421 861 periinias;
439 826 548 853 difficile
564 831 603 852 cst
629 826 739 852 divitem
760 825 868 850 salvari.
886 825 958 850 Nun-

121 878 130 884 *
163 866 239 894 q'uaiii
263 865 315 889 eris
339 863 456 895 sapiens,
473 863 494 888 si
513 866 536 887 tc
562 861 696 891 putaveris
716 860 875 893 sapientem.
893 863 958 885 ora·
975 869 997 898 B

162 897 262 923 tionem
280 905 331 924 non
346 898 454 923 exaudit
477 897 546 923 Deus
562 896 679 922 hominis
700 897 744 928 qui
766 903 878 929 egenum
904 902 957 921 tion

163 933 281 959 exaudit.
301 933 350 965 Qui
372 933 484 965 sapienti
501 939 552 957 non
575 932 752 964 obtemperat.
769 938 818 957 nec
840 931 894 956 lieo
909 932 957 955 ot»-

164 968 333 1001 teniperabit.
351 968 426 999 Quod
442 975 492 992 uun
512 967 634 1000 posuisti,
651 974 702 991 non
719 966 808 997 tollas,
824 966 869 991 sed
883 964 958 991 sufii-

162 1003 234 1029 ciant
246 1003 291 1029 tibi
306 1010 364 1036 quie
383 1008 426 1028 tua
442 1007 511 1030 sunt.
531 1002 725 1027 'l‘einu'eutiaiu
741 1001 815 1033 ‹pias-i
831 999 958 1026 infamem

162 1037 235 1070 fuge,
259 1038 319 1071 quia
342 1037 385 1070 qni
409 1038 494 1063 ventii
516 1037 610 1062 belline
635 1037 731 1061 siiiiilis
755 1039 805 1065 est,
834 1035 961 1062 vini-itum

164 1072 297 1103 Quantum
323 1072 428 1098 laboras
447 1079 493 1104 pro
514 1078 637 1103 corpore,
654 1071 676 1096 si
691 1075 792 1096 tantum
810 1078 856 1102 pro
871 1071 959 1096 anima

163 1106 278 1138 latim-iis,
303 1109 409 1139 sapiens
434 1107 498 1133 eris.
523 1106 714 1138 l‘liilosoplinin
737 1105 883 1136 bominem,
904 1109 961 1131 tan-

163 1150 242 1176 quam
262 1143 307 1169 Dei
324 1143 486 1173 ministrum,
508 1141 608 1167 lionnia
625 1145 684 1173 post
698 1141 791 1167 Detiin.
809 1140 960 1167 Ministrare

163 1179 223 1204 aliis
237 1178 330 1204 meli-is
347 1186 425 1212 quam
443 1176 590 1203 ministrari
607 1176 640 1202 ab
660 1177 730 1202 aliis.
750 1175 844 1202 Melius
858 1180 899 1202 est
915 1183 961 1207 per

164 1213 261 1239 laniem
278 1213 355 1245 muri,
372 1221 450 1246 quain
475 1220 521 1246 pei·
544 1211 764 1237 incontinentiam
786 1212 887 1237 ventris
905 1211 962 1236 aiii-

164 1255 235 1274 main
252 1249 397 1275 maculare.
412 1248 528 1275 Verbum
545 1248 578 1273 de
591 1247 645 1272 Deo
657 1255 699 1280 qui
715 1246 832 1279 loquitur·
848 1246 888 1272 liis
900 1247 960 1279 qui-

165 1283 213 1309 bus
228 1292 279 1310 non
305 1284 376 1314 licet,
395 1285 514 1317 proditor
541 1283 587 1309 Dei
617 1281 748 1314 putandus
768 1286 818 1307 est.
839 1281 896 1307 Nun
922 1285 962 1307 est

166 1325 257 1345 verum
274 1320 343 1353 quod
359 1319 440 1345 Deum
459 1319 539 1349 colat,
555 1318 598 1351 qni
616 1317 752 1343 bominem
769 1317 850 1343 laedit.
868 1315 962 1342 Melius

166 1358 206 1379 cst
223 1355 288 1380 niliil
305 1355 403 1380 babere
418 1362 495 1387 quain
513 1354 595 1379 multa
621 1353 762 1378 liabentetn
790 1352 888 1378 nemini
911 1353 961 1376 iin-

168 1390 276 1422 pertire.
292 1390 319 1415 Si
335 1397 387 1415 iion
408 1389 455 1414 das
468 1388 618 1421 egentibus,
635 1394 694 1413 eutii
711 1386 809 1421 possis,
826 1395 878 1413 non
892 1386 962 1413 acci-

167 1423 225 1457 pies
239 1431 253 1449 a
271 1425 335 1457 Deo,
349 1431 408 1450 cum
425 1426 551 1457 pustulas.

203 1479 266 1507 CAr.
285 1480 402 1507 xxxttt.
418 1496 454 1500 -—
470 1479 623 1506 Testiniimi'a
650 1479 680 1504 de
706 1478 768 1504 libra
793 1477 925 1512 Prosperi.

204 1526 229 1552 i.
247 1526 273 1553 Si
290 1535 331 1553 ine
347 1534 405 1553 mea
422 1527 556 1553 rusticitas
572 1525 686 1552 faciebat
701 1525 856 1555 invalidum,
873 1529 961 1551 vestra

168 1561 225 1587 fieri
252 1562 352 1588 credidi
369 1562 430 1594 fide,
453 1562 496 1594 qni
511 1561 655 1592 jubebatis,
681 1562 817 1587 idoneum.
832 1560 961 1586 Necessa-

168 1596 266 1623 riarnin
283 1597 405 1623 tractatio
419 1597 596 1629 qinestioiium
613 1597 662 1622 etsi
689 1603 740 1621 non
765 1595 878 1621 instruet
891 1597 964 1621 inve-

167 1632 267 1658 nientis
282 1632 353 1664 quod
372 1632 469 1665 quaerit
492 1632 622 1661 animum,
639 1637 746 1656 exercet
761 1632 873 1656 salutem
890 1638 963 1663 qine-

168 1667 253 1692 retitis
267 1667 414 1700 ingenium.
437 1666 564 1698 Scientia,
581 1667 649 1692 sicut
663 1666 720 1691 sine
736 1665 805 1691 dono
820 1665 877 1696 Dei,
895 1665 964 1699 quud

168 1707 208 1728 est
232 1702 360 1735 clini-itas,
387 1702 470 1733 inflat,
495 1702 542 1732 ita,
558 1702 580 1728 si
599 1702 621 1727 ei
644 1701 760 1727 ebaritas
776 1701 963 1732 admisceatur,

169 1737 292 1763 aedificat.
315 1738 359 1764 Sic
381 1739 414 1764 ab
439 1738 536 1771 iniquis
550 1737 614 1770 Justi
636 1737 750 1769 separati
766 1740 828 1761 sunt
846 1736 870 1760 iii
887 1740 965 1761 atter-

170 1779 246 1804 num,
271 1776 300 1798 iit
316 1780 364 1799 nec
380 1773 435 1807 jain
460 1773 620 1799 remunerati
637 1772 776 1805 pra-mium
795 1770 899 1801 finiant,
917 1777 966 1797 nec

170 1807 288 1834 damnati
305 1807 476 1841 supplicium.
495 1809 568 1834 Sicut
583 1807 653 1833 euim
670 1806 816 1839 corporalis
839 1810 965 1831 saturitas

170 1850 265 1869 omues
281 1850 387 1870 saturos
403 1843 541 1877 aequaliter
557 1842 648 1873 habet,
675 1841 796 1875 quamvis
816 1839 913 1872 singuli
928 1841 966 1866 ‹zi-

171 1877 230 1910 bos,
253 1885 304 1904 non
327 1879 476 1911 aequaliter,
500 1878 546 1903 sed
573 1885 620 1911 pro
641 1877 818 1910 possibilitate
838 1883 965 1908 percepe-

171 1913 238 1944 rint;
258 1913 292 1939 ita
308 1921 401 1940 omnes
421 1913 515 1944 macti,
531 1918 557 1939 ct
573 1913 594 1938 si
612 1912 711 1938 fuerint
727 1912 816 1945 aliqua
835 1910 965 1943 graduum

171 1955 280 1974 suorum
297 1949 455 1976 diversitate
471 1947 598 1979 distincti,
615 1954 708 1974 omnes
731 1954 781 1972 uun
803 1946 967 1972 beatitudine

173 1983 282 2016 perfecti
297 1989 385 2017 erunt,
407 1984 466 2018 qnia
491 1988 518 2010 et
542 1990 592 2009 una
620 1981 781 2016 perfectione
802 1982 870 2007 beati
887 1980 967 2006 futuri

171 2023 243 2045 sunt.
267 2018 322 2046 Nec
344 2028 357 2044 a
381 2019 458 2046 nobis
485 2019 509 2045 iii
532 2018 706 2051 dicmjudicii
726 2017 807 2043 veiba
823 2015 967 2050 quaerenda

173 2059 245 2085 sunt,
266 2054 313 2080 sed
340 2062 431 2085 opera.
456 2055 504 2086 Qui
529 2061 581 2079 uon
596 2052 750 2084 crediderit,
775 2058 827 2077 non
845 2050 968 2076 babendo

175 2089 266 2120 fidem,
283 2096 332 2115 nec
353 2089 484 2124 justitiam
509 2088 598 2114 cordis
615 2088 713 2114 babere
734 2087 840 2121 poterit,
855 2093 904 2111 nec
926 2092 968 2111 sa-

175 2124 268 2150 lutem.
284 2123 348 2150 Tam
365 2125 452 2157 gravis
473 2130 561 2149 serino
575 2123 654 2149 debet
664 2130 724 2149 esse
738 2122 879 2156 pontilicis,
893 2125 920 2146 ut
935 2121 969 2147 ab

174 2158 348 2192 inneitigvniia
365 2160 404 2185 sui
420 2159 520 2192 nullum,
534 2159 655 2191 quamvis
668 2158 818 2191 imperitus,
833 2155 966 2182 excludat.

173 2192 245 2219 Sana
260 2201 334 2218 utens
351 2193 580 2226 incorporabiliter
592 2193 705 2225 amplius
728 2191 888 2218 obedientiae
914 2190 967 2216 fru-

174 2234 245 2253 ctum
261 2227 338 2254 debet
358 2233 494 2260 appi-tete,
510 2235 589 2260 quani
605 2227 689 2253 vitai-e
704 2227 808 2260 injustzc
832 2226 966 2252 obtrecta-

175 2263 256 2289 tionis
271 2262 440 2296 opprobinnt.
464 2265 530 2288 cuin
552 2262 648 2287 veritas
671 2262 846 2294 undecunque
868 2261 968 2286 clania-

175 2298 253 2328 verit,
269 2305 321 2324 non
343 2299 378 2324 sit
401 2297 508 2331 ingenio
525 2298 639 2322 numano
653 2296 815 2328 deputanda,
831 2295 887 2333 sed¹
900 2294 964 2321 Deo.

175 2332 340 2360 Obedieiitiae
360 2339 392 2358 ac
417 2332 550 2366 patientia}
576 2333 672 2357 virtute
698 2331 810 2360 luridati,
837 2336 967 2367 majorum

175 2375 362 2394 suornmssnon
388 2367 536 2394 discutiunt
555 2366 708 2396 constituta,
733 2365 780 2391 sed
803 2364 967 2403 l'actuiii3Ad

178 2403 273 2430 facem
291 2403 422 2436 publicam
440 2403 570 2436 patienter
585 2400 638 2436 jain
653 2402 765 2435 tugiunt,
781 2404 809 2425 et
830 2399 855 2425 in
877 2406 968 2438 animo

177 2438 322 2466 iracundiae
345 2439 417 2464 virus
440 2436 617 2468 abscondunt,
640 2436 672 2461 ad
697 2435 846 2461 nocendum
871 2438 965 2472 parati,

177 2481 237 2500 cuin
261 2474 374 2500 nocendi
395 2477 500 2506 teinpus
523 2470 683 2499 invenerint.
709 2471 754 2497 Sic
778 2469 858 2496 debet
881 2475 968 2495 omnis

180 2509 271 2540 hoino,
295 2509 375 2535 niodo
393 2508 527 2539 docendo,
542 2507 620 2533 inodo
634 2505 811 2535 exhortando,
826 2503 904 2531 inodo
924 2510 969 2530 su-

179 2544 323 2574 stinendo,
350 2543 430 2570 modo
462 2542 645 2576 increpando,
673 2542 760 2567 curari
794 2544 819 2566 ut
844 2539 893 2565 sub
919 2544 970 2572 ope

179 2579 279 2605 tjliristi
299 2578 387 2605 nuilus
406 2580 440 2605 de
464 2579 551 2604 salute
574 2577 600 2603 in
627 2577 676 2603 bac
690 2576 741 2602 rita
764 2574 859 2614 debeat
879 2573 970 2614 despe-

179 2621 252 2640 rare.
273 2614 368 2648 Argue,
392 2613 506 2645 obsecra,
530 2613 634 2645 increpa
655 2612 681 2637 iu
703 2610 771 2637 onim*
791 2613 922 2644 patientta,
947 2612 971 2635 et

180 2649 316 2681 doctrina,
341 2648 418 2682 quasi
440 2648 553 2680 diceret,
577 2654 660 2682 argue
687 2646 848 2685 coaequales.
859 2644 970 2671 obsecra

181 2684 321 2716 seniores,
345 2684 452 2718 increpa
473 2683 603 2718 iuniores.
628 2682 738 2708 Leniter
761 2683 905 2714 castigatus
925 2685 972 2704 ex-

182 2718 256 2744 bibet
282 2718 458 2746 reverentiam
491 2717 629 2751 castiganti
646 2735 654 2749 ,
682 2716 852 2750 asperitatem
881 2717 972 2740 autem

183 2752 263 2788 305
291 2754 380 2780 niniiae
406 2753 593 2789 increpationis
613 2751 746 2783 ostensus.
774 2757 824 2778 nec
850 2751 972 2788 increpas

185 2791 222 2812 tio
250 2788 332 2822 (cic),
362 2795 411 2816 uec
438 2789 563 2816 salutern.
592 2787 690 2815 Blanda
723 2787 821 2820 pietate
850 2782 972 2823 portandi

185 2826 264 2854 ΝΜ,
280 2823 474 2861 qui·inci·epari
498 2830 547 2858 pio
565 2830 615 2851 sua
633 2822 816 2856 increpatione
838 2824 974 2859 nonylpuq-

187 2856 250 2884 tint.
274 2855 346 2885 sicut
368 2856 450 2889 virttis
473 2865 587 2889 onerosa
616 2861 660 2892 cet
682 2857 796 2890 vitioso,
809 2857 847 2885 ita
869 2854 974 2883 vinum

1005 263 1120 297 qnandiu
1140 265 1262 292 curiosus
1281 266 1366 293 aliena
1387 267 1557 296 considerat,
1573 264 1642 299 quod
1666 272 1688 292 si
1708 273 1802 295 tnui-es
1822 279 1828 282 ·

1005 305 1067 325 suos
1085 299 1119 325 ad
1141 306 1170 326 se
1194 299 1279 331 ipsum
1302 308 1449 328 conversus
1474 301 1595 335 aspiciat,
1610 308 1662 326 non
1685 301 1802 333 requirit.
1831 322 1832 326 ,

1005 333 1075 366 qnod
1090 333 1116 359 iti
1131 334 1191 361 aliis
1206 335 1356 367 specialiter
1373 337 1561 370 reprehendat,
1573 335 1634 369 quia
1651 335 1677 361 in
1694 342 1723 362 se
1739 337 1799 369 ipso

1007 367 1086 394 liabet
1107 369 1178 401 quod
1194 369 1297 403 lugeat:
1313 371 1423 405 proinde
1443 371 1555 398 fratrum
1577 374 1728 397 nostrorum
1745 378 1799 398 iton

1006 402 1086 429 facile
1098 403 1226 430 debemus
1238 412 1377 436 accusare.
1393 406 1438 432 sed
1451 414 1567 439 gemere.
1585 406 1639 431 titis
1650 405 1719 431 enirn
1731 413 1799 438 qino-

1723 138 1794 168 im
1819 126 1822 127 ⁷

1829 270 1832 292 i

1007 445 1064 464 rum
1081 443 1186 470 peccata
1200 439 1313 466 liumana
1329 441 1423 467 notitia
1439 442 1531 471 latent.
1546 448 1594 466 nec
1609 440 1642 466 ab
1656 439 1720 474 ipsis
1734 447 1800 466 cou-
1825 452 1829 453 ⁷

1007 473 1087 505 fessa,
1101 481 1149 500 nec
1164 474 1197 500 ab
1211 475 1271 501 aliis
1283 476 1425 508 publicata¹
1439 477 1459 502 si
1471 484 1501 503 ea
1517 475 1637 503 confiteri
1651 475 1690 501 vet
1703 482 1798 501 enien-

1007 507 1072 533 dare
1089 509 1236 540 notuerint.
1256 510 1355 542 Deum,
1375 518 1453 543 quem
1472 511 1569 538 liabent
1585 515 1695 541 testem,
1711 511 1799 543 ipsum

1008 543 1122 568 babituri
1148 549 1209 569 sunt
1234 548 1261 570 et
1285 545 1409 572 ultorem.
1432 546 1648 572 Cotitumeliu-us
1673 549 1731 577 est,
1753 545 1800 578 qui

1009 578 1172 604 mendaciter
1187 579 1291 612 arguit;
1314 585 1340 605 et
1354 580 1515 607 mendaciter
1530 581 1626 615 arguit,
1643 580 1686 614 qui
1702 585 1799 605 cuntu-

1009 613 1114 638 iiieliain
1138 613 1209 639 sai-it.
1233 615 1348 641 Securus
1369 616 1466 648 quippe
1491 615 1601 646 matina,
1617 617 1659 647 qui
1679 615 1800 642 coetesita

1009 655 1060 673 non
1074 648 1162 677 habet.
1181 653 1283 675 terrena
1300 654 1408 676 strenue
1425 650 1599 676 militantibus
1612 655 1728 683 praestat.
1746 649 1800 676 ittae

1010 683 1087 709 nobis
1102 687 1163 709 sunt
1179 684 1328 710 :inibit-nde
1352 685 1461 713 divitiae.
1479 693 1537 718 quae
1558 692 1607 710 nos
1626 691 1722 710 ornare
1738 691 1801 717 pos-

1009 723 1071 743 sunt
1095 718 1202 750 paiiter.
1219 723 1246 744 et
1270 720 1390 751 munire;
1406 724 1513 753 propter
1527 719 1577 746 lioc
1600 719 1677 752 igitur
1695 719 1735 746 eis
1756 719 1802 753 qui

1010 753 1125 779 militant
1151 754 1202 779 Deo
1224 754 1354 787 iugieiiilze
1377 759 1455 787 suut;
1471 761 1537 788 quas
1558 754 1665 780 divitias
1689 761 1721 779 ex
1746 759 1801 780 toto

1010 788 1092 813 rorde
1107 788 1152 821 qui
1175 788 1274 816 baltei-e
1292 790 1392 822 volunt,
1408 790 1466 816 sine
1487 790 1578 816 labore
1593 797 1646 815 non
1668 793 1800 822 ‹pia-runt,

1010 823 1068 848 sine
1081 823 1237 849 ditticultatt·¹
1249 832 1300 850 nun
1314 824 1462 857 inveniunt,
1472 825 1529 851 sine
1540 832 1602 850 citra
1616 831 1667 850 non
1681 828 1801 857 servant,

1011 858 1068 883 siue
1092 859 1170 884 anxia
1197 858 1374 886 delectatione
1398 868 1448 885 uon
1471 860 1616 893 possident,
1631 859 1689 886 sine
1710 860 1802 886 dolore

1012 901 1063 918 nuti
1082 894 1204 925 perdunt.
1221 894 1270 925 Qui
1286 894 1371 920 otiosa
1384 895 1472 928 quiete
1487 895 1642 928 perfruitur,
1660 894 1708 919 nisi
1724 895 1801 927 spii-i-

1011 928 1117 954 tualiter
1134 927 1239 959 vixerit,
1256 937 1330 955 more
1346 930 1476 962 pecudum
1494 930 1567 956 vivit.
1584 929 1668 956 Nemo
1684 930 1803 962 possidet

1011 963 1105 996 Deum,
1124 963 1174 989 nisi
1190 963 1234 997 qui
1262 964 1411 997 possidetur
1431 971 1446 990 a
1462 965 1532 996 Deo;
1547 965 1582 990 sit
1602 966 1657 997 ipse
1681 964 1803 997 primitus

1012 999 1058 1024 Dei
1077 999 1222 1030 possessio,
1235 1003 1263 1024 ιιι
1278 999 1410 1025 efficiatur
1424 999 1449 1025 ei
1464 999 1532 1025 Deus
1544 999 1688 1032 possessio,
1701 1004 1727 1025 et
1742 1007 1803 1032 por-

1012 1034 1058 1058 tio.
1073 1033 1198 1060 Ouinium
1222 1034 1356 1064 conditor.
1374 1034 1415 1060 citi
1437 1034 1502 1060 nibil
1522 1038 1608 1067 potest
1630 1041 1722 1060 cortun
1743 1042 1803 1068 qua:

1012 1068 1074 1094 fecit
1098 1068 1213 1108 ιιειῑιιιιίι
1229 1076 1280 1094 non
1305 1069 1428 1102 dignatur
1451 1077 1511 1095 cum
1537 1069 1577 1094 liis
1602 1076 1661 1102 ipiae
1684 1069 1804 1096 condidit

1012 1103 1153 1136 possideri.
1164 1104 1214 1134 Qni
1225 1104 1278 1129 vult
1292 1103 1372 1129 Deum
1387 1104 1534 1137 possidere.
1546 1103 1680 1130 renuntiet
1692 1104 1802 1136 inundo,

1012 1143 1040 1163 ιιι
1055 1138 1087 1164 sit
1109 1138 1144 1164 itti
1162 1139 1232 1165 Deus
1256 1139 1332 1164 beata
1354 1146 1496 1172 possessm.
1515 1138 1562 1165 Dei
1580 1146 1644 1171 opus
1665 1140 1735 1172 agit,
1757 1139 1803 1172 qui

1012 1180 1055 1199 res
1082 1173 1137 1199 Deo
1161 1179 1332 1200 consecratas
1355 1182 1406 1200 non
1431 1174 1544 1208 alicujus
1566 1173 1727 1206 cupiditatis,
1755 1173 1804 1201 sed

1014 1208 1175 1235 tidelissiinic
1199 1209 1408 1242 dispensationis
1438 1210 1583 1236 intentione
1613 1217 1664 1234 nou
1691 1209 1800 1236 deserit.

1013 1245 1180 1277 Qiiaprnpter
1202 1244 1396 1277 possessiones,
1411 1252 1476 1278 quas
1497 1244 1597 1270 ablatas
1612 1250 1627 1269 a
1643 1244 1740 1277 populo
1758 1251 1804 1270 su-

1012 1279 1128 1311 scipiunt
1144 1281 1307 1310 sacerdotes,
1324 1287 1376 1305 non
1400 1285 1461 1306 suut
1481 1279 1536 1313 jam
1562 1286 1605 1305 res
1628 1278 1716 1305 muudi
1741 1286 1802 1306 cre-

1013 1313 1116 1344 dendae,
1127 1315 1172 1340 scd
1185 1314 1239 1340 Dei.
1255 1314 1312 1340 Non
1325 1315 1385 1341 ideo
1396 1314 1587 1341 erubescebant
1600 1315 1682 1340 Adam
1695 1318 1722 1340 et
1736 1314 1802 1346 tiva,

1013 1349 1073 1381 quia
1095 1355 1167 1375 veste
1187 1354 1263 1375 erant
1283 1350 1449 1376 extrinsecus
1470 1349 1580 1383 protecti
1601 1348 1707 1380 divium
1729 1349 1803 1375 deni-

1013 1389 1137 1416 queunte
1150 1389 1285 1417 peccatum
1302 1385 1363 1410 nudi
1380 1390 1471 1416 erant,
1487 1390 1513 1410 et
1528 1392 1580 1410 nou
1596 1383 1800 1416 erubescebint,

1014 1420 1073 1450 qnia
1095 1419 1158 1444 nibil
1179 1424 1270 1444 contra
1291 1421 1454 1445 voluntatem
1479 1419 1543 1451 Dei,
1561 1419 1632 1444 unde
1654 1417 1802 1445 confunde-

1014 1458 1116 1484 rentur,
1142 1453 1315 1479 admiserant.
1335 1453 1391 1480 Non
1417 1454 1496 1487 igitur
1520 1461 1534 1479 a
1560 1457 1681 1479 cieatore
1705 1461 1752 1479 sito
1776 1454 1802 1479 'tit

1014 1494 1163 1513 creaturam
1188 1488 1332 1514 divinitatis
1357 1488 1498 1514 affectione
1526 1488 1659 1521 collapsus
1684 1491 1804 1514 moveret

1016 1528 1106 1555 aperta
1121 1522 1349 1556 concupiscentia,
1366 1523 1416 1549 uisi
1431 1531 1478 1549 eos
1493 1528 1555 1549 ante
1579 1523 1740 1556 corrupisset
1756 1529 1803 1549 oc-

1017 1558 1084 1583 culta
1099 1557 1233 1591 superbia.
1251 1558 1470 1591 Concupiscentia
1485 1558 1572 1584 carnis
1592 1557 1625 1583 ab
1640 1565 1678 1583 eis
1697 1558 1804 1590 impleta

1015 1598 1066 1623 est,
1080 1593 1149 1626 quod
1161 1592 1195 1619 de
1209 1593 1278 1626 ligno
1294 1594 1373 1619 vetito
1388 1597 1574 1626 gustaverunt3
1589 1592 1804 1625 eoncupiscentia

1016 1628 1170 1658 ocnioiuni,
1195 1627 1266 1661 quod
1286 1628 1335 1654 sibi
1357 1636 1461 1662 aperire
1482 1628 1574 1654 oeulos
1596 1633 1754 1660 cupiei·uiit;
1777 1632 1805 1655 et

1017 1662 1126 1689 ambitio
1148 1664 1238 1689 saecuti
1251 1683 1257 1694 ‚
1274 1663 1343 1695 quod
1367 1671 1395 1689 >e
1418 1663 1474 1689 lieri
1499 1670 1576 1696 posse
1594 1663 1663 1696 quod
1681 1662 1750 1689 Deus
1764 1666 1806 1689 est

1017 1698 1199 1724 crediderunt.
1217 1698 1322 1724 Dulcior
1335 1698 1405 1724 enirn
1431 1698 1460 1724 fit.
1481 1698 1564 1729 salus,
1581 1705 1641 1723 cuni
1664 1698 1739 1723 dolor
1755 1705 1804 1724 ex-

1016 1735 1118 1759 cruciat
1142 1738 1168 1759 ct
1194 1733 1316 1759 sanitatis
1340 1735 1446 1759 amissae
1472 1733 1642 1759 dulcedinem
1670 1732 1805 1767 languoris

1017 1768 1166 1794 amaritudo
1185 1768 1363 1794 commendat.
1379 1768 1463 1794 Adam
1485 1774 1533 1794 iios
1553 1767 1707 1794 obnoxiavit
1727 1767 1804 1794 malis

1017 1804 1141 1829 omnibns
1158 1810 1204 1836 per
1219 1803 1351 1836 propriam
1368 1803 1484 1835 culpam,
1499 1803 1596 1836 quibus
1619 1809 1668 1828 nos
1684 1802 1806 1829 liberavit

1018 1838 1150 1864 adventus
1172 1837 1270 1864 Cltristi
1295 1846 1340 1871 per
1361 1840 1480 1872 gratiam.
1501 1838 1605 1864 Deliciae
1628 1837 1764 1871 qnaetibei.
1781 1836 1805 1864 si

1019 1873 1120 1906 absque
1134 1873 1266 1899 desiderio
1283 1874 1471 1907 pei-cipiantur.
1487 1872 1617 1904 officiunt,
1629 1877 1656 1899 et
1671 1874 1735 1898 viles
1750 1872 1805 1899 cibi

1019 1908 1176 1941 plerumque
1190 1909 1358 1934 abstinentia:
1381 1908 1527 1942 profectui,
1549 1909 1570 1933 si
1586 1912 1742 1942 appetenter
1759 1914 1806 1934 ae-

1019 1942 1160 1976 cipiantnr,
1177 1943 1335 1976 impediunt.
1348 1943 1482 1970 liilirmum
1498 1945 1663 1969 stomactiuui
1679 1942 1804 1969 modera-

1019 1981 1062 2003 tus
1083 1985 1146 2004 usus
1162 1978 1216 2004 vini
1232 1979 1376 2012 confortat,
1392 1979 1506 2005 ebrietas
1520 1978 1637 2004 animum
1653 1983 1804 2012 corpusque

1020 2013 1150 2039 debilitat.
1167 2012 1238 2039 Nihil
1254 2020 1345 2040 eontra
1367 2014 1553 2040 abstinentiam
1577 2013 1689 2044 faciunt,
1703 2020 1746 2046 qni
1763 2013 1804 2039 vi-

1021 2055 1083 2073 num
1100 2056 1151 2074 uun
1173 2055 1219 2081 pro
1233 2048 1374 2081 ebrietate,
1384 2049 1432 2075 sed
1447 2053 1547 2075 tantuin
1562 2055 1609 2081 pro
1624 2049 1745 2081 corporis
1762 2055 1805 2079 sa-

1021 2083 1076 2109 lute
1093 2084 1251 2116 percipiunt,
1268 2091 1318 2110 uec
1335 2084 1383 2110 lioc
1396 2084 1434 2109 eis
1449 2084 1525 2110 offert
1539 2083 1670 2116 voluptas,
1685 2083 1731 2108 sed
1745 2090 1805 2116 pet·-

1022 2118 1256 2145 niittitinlirmitas.
1266 2117 1293 2145 Si
1305 2125 1374 2144 enini
1386 2116 1805 2152 quoslibetadvenientes-»jejunio

1022 2153 1175 2180 intermisso
1191 2154 1292 2185 reticio,
1308 2161 1360 2180 non
1376 2154 1460 2180 sulum
1474 2153 1578 2187 jejuno,
1594 2153 1639 2179 sed
1654 2153 1804 2185 exeiupluin

1021 2189 1157 2214 charitatis
1179 2188 1276 2214 efficio.
1293 2188 1424 2215 Caetcruiu
1445 2188 1467 2214 si
1491 2193 1597 2222 propter
1618 2187 1804 2214 abstinentiam

983 2220 1010 2250 D
1023 2224 1175 2255 spirituales
1189 2224 1294 2254 fraires,
1310 2231 1376 2257 quos
1390 2223 1471 2257 306
1485 2222 1557 2254 novi,
1570 2229 1630 2248 mea
1645 2221 1804 2249 remissione

1019 2259 1152 2284 detectarc
1163 2258 1301 2289 contristo,
1315 2258 1472 2284 abstinentia
1485 2264 1542 2283 inea
1557 2263 1608 2282 uon
1623 2260 1664 2282 est
1677 2256 1802 2288 dicenda,

1019 2295 1066 2319 sed
1081 2293 1184 2318 vitium.
1198 2293 1272 2319 Sicut
1287 2293 1370 2319 virtus
1380 2293 1497 2318 animuin
1511 2290 1562 2317 sibi
1574 2290 1703 2317 veraciter
1717 2291 1803 2318 intiae-

1019 2333 1133 2359 rentem,
1150 2329 1171 2354 si
1188 2327 1267 2353 fuerit
1288 2334 1360 2359 vera,
1380 2326 1520 2360 justificat,
1543 2326 1578 2351 ita
1593 2326 1715 2352 simulata
1738 2332 1804 2352 cou-
1821 2348 1832 2361 ·⁷

1019 2362 1137 2388 demnat.
1151 2362 1209 2388 Non
1224 2365 1313 2395 potest
1335 2368 1410 2387 meus
1425 2368 1534 2393 regnum
1551 2360 1649 2387 habere
1663 2361 1802 2394 virtutum,

1020 2398 1070 2423 nisi
1083 2397 1175 2430 juguni
1191 2403 1264 2431 prius
1279 2397 1426 2422 excusserit
1440 2395 1573 2422 vitiorum.
1585 2395 1684 2422 Tantos
1698 2394 1804 2423 invidus
1824 2399 1829 2402 “

1020 2431 1098 2458 babet
1114 2435 1183 2464 iusta
1207 2437 1284 2463 poena
1310 2434 1436 2463 tortores,
1452 2437 1564 2464 quantos
1588 2430 1734 2457 invidiosus
1754 2431 1803 2457 lia·

1019 2466 1106 2492 buerit
1122 2467 1283 2492 laudatores.
1300 2467 1435 2499 siqnidem
1457 2465 1616 2492 invidiosum
1638 2466 1701 2492 facit
1715 2465 1819 2492 exeeld·

1020 2501 1110 2531 letitia,
1127 2501 1178 2526 erit.
1191 2501 1286 2527 invidia
1304 2507 1382 2534 poena
1405 2501 1522 2533 peccati;
1546 2507 1596 2527 nec
1608 2507 1632 2527 ei
1646 2501 1680 2527 ab
1696 2501 1807 2527 bomin«

1021 2540 1108 2569 potest
1128 2535 1248 2562 adhiberi
1269 2536 1433 2567 remedium,
1449 2536 1525 2569 cujus
1539 2539 1580 2562 est
1591 2535 1687 2562 vuinus
1706 2534 1782 2562 occul
1806 2549 1808 2554 »

1022 2575 1086 2596 ιυιιι.
1102 2570 1157 2596 Hoc
1169 2572 1241 2597 enim
1257 2571 1399 2604 loquuntur
1418 2571 1517 2604 quique
1528 2570 1600 2604 quod
1619 2570 1743 2604 diligunt.
1754 2569 1802 2599 ‹te-

1021 2604 1179 2631 lectabititei·
1192 2606 1300 2632 andiiini
1314 2605 1384 2639 quud
1395 2605 1511 2632 assiduis
1523 2604 1728 2640 cogitationibus
1737 2604 1800 2644 ‘retest

1021 2644 1094 2667 vunt.
1111 2641 1243 2674 Cogitatio
1257 2641 1355 2674 quippe
1368 2645 1408 2667 est
1422 2647 1481 2674 quae
1495 2645 1612 2667 metuent
1633 2641 1703 2667 sicut
1717 2642 1787 2666 turi-i

1021 2675 1150 2709 inquinat,
1164 2676 1210 2708 ita,
1218 2675 1242 2702 si
1255 2676 1335 2702 fuerit
1345 2675 1466 2707 honesta.
1477 2675 1605 2710 purificat.
1617 2673 1675 2702 Non
1686 2681 1732 2701 sur
1776 2684 1777 2687 ¹
1792 2674 1798 2706 j

1021 2715 1193 2744 cogitationes
1205 2714 1320 2738 mentem
1331 2710 1466 2738 sordidam
1476 2709 1602 2744 manuni,
1610 2711 1656 2737 sed
1667 2716 1701 2736 ex
1720 2722 1722 2731 ι
1746 2727 1750 2731 v

1022 2746 1128 2772 sordido
1144 2745 1259 2772 sordidae
1273 2745 1448 2780 cogitationes
1460 2745 1588 2773 existunt.
1603 2742 1720 2772 Auribus
1772 2746 1786 2768 J

1022 2782 1102 2807 castis
1115 2780 1225 2808 obsceni
1238 2786 1376 2808 sermones
1389 2786 1451 2807 cuin
1463 2786 1531 2807 cono
1544 2779 1682 2812 deliciunt,
1694 2783 1749 2807 m
1775 2810 1786 2815 Δ,

1022 2821 1124 2843 cretum
1146 2815 1235 2851 pudici
1248 2817 1336 2843 coritis
1350 2816 1509 2850 irrumpunt.
1523 2813 1576 2842 Per
1592 2821 1626 2842 os
1653 2827 1663 2836 ν
1700 2825 1721 2836 ··
1745 2818 1753 2833 s

1022 2850 1148 2894 irrumpit
1164 2850 1306 2880 αοιοοιιιιο
1317 2855 1412 2891 gustus
1422 2849 1458 2880 ιιι
1475 2852 1640 2893 meam-24·
1719 2833 1721 2838 ’
1733 2837 1747 2869 's
1775 2841 1790 2869 ‘⁵-
