1832 3016
131 138 196 169 1¹67

130 195 157 230 6)
175 204 181 222 :
194 193 407 227 Computruemm
421 209 429 221 ,
441 192 464 214 et
480 188 694 214 deterioraverunt
710 184 839 211 cicatrices
854 190 915 210 meae
927 186 954 215 Δ

129 239 146 257 a
156 231 225 260 facie
239 226 390 261 insipientiae
404 230 465 249 mem
478 221 578 257 (Gre9.,
593 221 689 248 uorat.
706 228 744 251 tx,
761 219 806 251 55,
819 227 846 259 n.
859 217 913 258 8-5').

168 267 196 291 3.
218 265 293 295 Sarpe
315 266 428 292 namque
453 257 513 287 ltoc.
533 256 602 290 qnod
621 263 636 282 a
655 258 798 294 conspectu
821 254 917 287 Judtcts

129 303 186 334 ‘lam
202 298 266 324 fletu
286 293 480 321 interveniente
493 292 608 318 deletum
624 296 676 322 est,
692 290 724 316 ad
739 296 856 329 animum
872 295 918 321 per

133 332 320 367 cogitationem
336 329 415 358 redit.
429 332 456 354 et
466 326 570 354 devicta
582 326 658 365 culpa
669 324 706 365 ad.
716 324 917 363 delectationem

134 374 228 395 rursus
245 366 380 398 inserpere
395 362 498 393 nititur,
514 366 634 400 atquem
653 364 761 393 antiquo
774 364 919 399 cer-tamine

138 402 255 429 rediviva
270 399 419 434 pulsatione
434 400 584 430 reparatur,
602 399 637 435 tta
652 399 680 434 ut
696 394 764 428 quod
781 401 852 427 prius
866 397 920 427 egit

136 438 163 464 in
179 443 303 470 corpore,
323 434 371 460 ltoc
393 433 544 465 importuna
565 435 736 469 cogttattone'
750 429 919 469 postmodum

135 476 225 499 verset
249 471 273 496 in
291 473 389 495 mente.
405 466 495 494 Sancti
513 466 574 498 viri,
590 465 634 499 qui
654 464 830 491 exterioribus
847 471 920 503 mint-

136 506 226 534 steriis
237 504 373 532 deservire
383 502 464 528 ol'licii
479 500 638 527 necessitate
649 503 791 533 coguntur,
803 498 921 538 studioso

135 548 244 574 semper
259 538 291 565 ad
306 537 394 565 cordis
409 541 510 563 secreta
529 534 672 568 refugiunt,
687 535 775 567 ibique
784 538 922 568 coguatio·

137 578 178 603 nis
208 575 307 601 intimae
337 579 463 599 cacumen
493 570 649 602 ascendunt,
679 569 769 609 248.
784 573 810 608 et
838 569 922 602 legem

137 611 213 644 quasi
231 610 256 635 ιιι
278 612 369 635 ιιιοιιιε
388 606 546 640 percipiunt,
561 606 634 636 dum,
653 608 807 643 postpositis
828 604 924 643 tumul-

138 646 208 672 tibus
221 642 405 677 temporalium
418 642 562 672 actionum,
580 640 605 665 in
621 639 855 678 contemplationis
868 645 924 664 sua:

137 680 238 708 vertice
264 685 388 711 supernae
411 676 555 702 voluntatis
574 679 736 712 sententiam
753 678 925 713 perscrutan-

140 721 193 742 tur.
210 715 288 747 Saepe
305 712 386 739 corda
400 711 532 744 justorum
549 709 666 736 subortoe
680 713 853 742 cogitationes
869 709 926 741 pol-

141 751 228 779 luunt.
242 754 268 775 et
283 746 468 780 temporalium
482 752 571 771 rerum
585 744 791 770 delectationem
805 747 924 783 tangunt.

140 784 194 812 Seu
209 785 271 810 dunt
288 782 367 808 citius
391 788 470 807 mauu
486 787 570 806 sacra!
584 779 754 805 discretionis
774 779 924 812 abiguntur,

139 820 236 846 testinc
257 818 354 852 agitur,
379 823 412 842 ne
437 815 525 842 cordis
546 815 639 840 taciem
664 813 748 847 caligo
774 814 927 839 tentationis

514 130 561 157 Ab
578 130 607 157 S.
627 128 749 157 tstnom
769 124 990 155 tttSPALENsts
1008 123 1123 152 OPERA
1139 122 1358 151 APPENntcsss.

1680 120 1748 150 ¹¹68

966 189 1026 209 eum
1038 182 1154 208 exterius
1169 188 1252 215 usque
1266 180 1299 207 ad
1312 186 1410 213 corpus
1432 179 1603 212 extenditur‚·
1613 187 1687 215 prius
1703 188 1751 215 per

967 217 1058 244 oculos
1072 216 1215 243 indicatur.
1241 215 1293 250 lpsi
1315 215 1413 250 quippe
1427 215 1512 254 242
1523 221 1569 254 per
1593 214 1688 243 fastum
1711 221 1752 244 tu-

968 258 1070 278 morem
1081 251 1163 278 intlati
1177 250 1251 284 qnasi
1273 258 1305 277 ex
1321 250 1428 277 sublimi
1444 253 1598 284 respiciunt,
1612 255 1702 284 etque
1723 258 1754 280 se

968 286 1129 347 defflmum‘
1148 286 1226 313 altius
1239 286 1369 313 extollunt
1381 284 1483 320 αἶγες..
1500 283 1597 312 Mor-al.
1615 293 1690 318 xxm,
1707 286 1751 321 ss,

969 329 996 348 n.
1044 328 1066 353 2.

1005 355 1032 382 5.
1054 355 1211 390 Plerumque
1234 356 1319 383 elatos
1333 355 1456 383 comitari
1479 355 1549 382 solet
1569 355 1660 383 liberae
1682 357 1754 385 vocis

970 391 1094 417 assertio.
1118 390 1273 423 Loquuntur
1296 390 1402 424 quidem
1419 398 1465 424 per
1480 391 1632 424 superbiam
1657 391 1755 419 elatio-

971 426 1022 457 nis,
1049 430 1076 452 et
1099 426 1277 460 insipientiam
1301 426 1454 457 locutionis,
1470 430 1497 453 et
1522 430 1609 453 tamen
1635 426 1706 461 loqui
1726 434 1757 455 se

971 461 1083 488 credunt
1098 468 1143 493 per
1158 460 1304 487 libertatem
1327 460 1504 488 rectitudinis.
1526 461 1757 490 Considerandum

973 495 1096 529 estquod
1113 495 1267 529 plerumque
1281 495 1366 522 elatos
1382 495 1473 522 utilius
1489 496 1659 530 corripimus,
1674 497 1696 523 si
1709 504 1756 524 eo-

974 537 1033 556 rum
1046 530 1260 563 correptionibus
1269 531 1389 563 qnaetlam
1403 530 1508 557 laudum
1521 530 1638 558 tomenta
1651 532 1759 559 miscea-

974 573 1043 591 mus.
1059 564 1198 591 lnsercnda
1213 572 1327 597 namque
1339 564 1389 592 illis
1403 570 1465 591 sunt
1480 570 1524 592 aut
1538 566 1588 592 alia
1604 566 1684 599 hona,
1699 574 1759 601 quae

976 601 1001 626 in
1017 600 1081 633 ipsis
1096 604 1167 631 sunt,
1181 603 1227 626 ant
1241 599 1381 626 dicendum
1393 604 1466 627 certe
1477 608 1537 635 quae
1551 605 1676 634 poterant
1686 609 1758 636 esse,

975 635 997 661 si
1011 642 1063 661 non
1079 639 1157 667 snnt;
1173 639 1199 661 et
1215 639 1277 661 tunc
1293 634 1437 661 resecanda
1450 639 1512 662 sunt
1526 635 1595 662 mala
1608 643 1668 668 quae
1683 637 1761 664 nobis

976 670 1130 703 displicent,
1147 677 1206 696 cum
1221 670 1294 703 prius
1308 669 1340 695 ad
1361 669 1521 696 audiendum
1536 669 1692 703 placabilem
1715 679 1762 699 eo-

977 713 1035 731 rum
1055 710 1171 731 mentem
1188 703 1301 731 fecerint
1320 705 1456 737 praemissa
1479 705 1557 737 bona,
1572 712 1632 739 quae
1646 706 1761 739 placent.

978 739 1044 766 Nam
1068 743 1096 766 et
1109 747 1193 773 equos
1215 739 1359 765 indomitos
1376 739 1473 766 blanda
1489 739 1562 773 prius
1583 748 1661 767 manu
1677 743 1764 776 tangi-

979 782 1048 808 mus,
1071 779 1099 800 ut
1121 782 1167 800 eos
1193 774 1269 801 nobis
1283 774 1388 807 plenius
1403 774 1571 807 postmodum
1595 782 1642 808 per
1660 775 1764 811 nagelta

979 810 1145 843 subigamus;
1166 813 1191 835 et
1215 816 1307 836 amaro
1343 810 1537 843 pigmentorum
1562 810 1655 843 poculo
1676 812 1764 839 mellis

140 855 254 887 operiat,
271 860 329 885 qua:
346 852 414 877 lianc
426 850 480 884 jam
498 849 586 876 illicita
610 849 787 875 delectattone
803 848 927 882 tangebat
943 855 967 885 B
980 844 1093 883 dul-cedo
1107 843 1270 878 adjungitur,
1296 851 1328 870 ne
1350 852 1380 870 ea
1395 852 1453 878 quae
1475 845 1552 871 saluti
1570 844 1704 878 protutura
1724 851 1766 874 est

140 889 244 923 (Crem,
271 886 368 914 Moral.
397 893 471 916 ιιιιιιι,
497 885 542 917 20,
565 893 591 911 n.
614 883 667 911 58:
695 882 775 915 unu„
802 890 856 916 xvi,
881 883 925 916 42,

140 933 166 950 n.
183 923 215 949 ιυ5
231 943 237 949 .

180 935 206 985 ᾗ).
219 925 419 988 'Nonnunquam
432 955 456 981 in
472 955 529 987 ipso
540 953 668 979 orationis
683 957 781 979 nostrae
795 953 928 979 sacriticio

144 994 304 1027 importnnae
329 999 358 1018 se
378 989 553 1024 cogitationes
578 989 709 1021 ingerunt,
738 996 795 1027 quae
821 988 929 1027 ltocra-

146 1035 220 1060 pere,
245 1028 284 1053 vel
302 1026 438 1052 maculare
454 1025 569 1054 valeant,
587 1023 655 1056 quod
682 1023 707 1048 in
726 1023 801 1049 nobis
818 1023 929 1049 Domino

144 1063 238 1090 flentcs
261 1060 441 1087 immolamus.
469 1058 602 1085 Abraltam
623 1058 780 1091 patriarcha,
811 1066 869 1083 cnm
898 1058 930 1083 ad

145 1104 269 1124 occasum
296 1096 360 1122 solis
376 1093 534 1121 sacrificiunt
551 1092 671 1124 oll'erretv
694 1093 846 1119 insistentes
870 1100 931 1119 aves

142 1131 264 1166 pertulit,
282 1137 348 1163 quas
360 1128 489 1159 studiose,
513 1135 546 1154 ue
569 1127 686 1153 oblatum
710 1126 867 1154 sacrificiunt
890 1135 932 1154 ra-

145 1171 251 1200 perent,
267 1164 364 1198 abegit.
381 1164 425 1191 Sic
445 1170 493 1190 nos
512 1163 575 1189 dum
593 1163 617 1188 in
633 1169 679 1188 ara
699 1162 786 1188 cordis
807 1162 931 1189 holocau-

144 1206 214 1229 stum
236 1200 349 1227 Domino
362 1198 508 1228 offerimus,
533 1198 566 1223 ab
591 1197 734 1223 immundis
749 1196 800 1223 hoc
818 1198 931 1224 volucri-

146 1237 195 1263 bus
212 1235 403 1264 custodiamus.
426 1241 460 1260 ne
482 1232 588 1266 maligni
614 1232 722 1265 spiritus
750 1236 776 1258 et
802 1239 933 1267 perversae

145 1270 321 1304 cogitationes
346 1270 464 1303 rapiant.
485 1268 556 1301 qnod
578 1274 653 1293 meus
677 1271 766 1293 nostra
788 1267 883 1294 offerre
906 1274 935 1294 se

146 1306 261 1332 Domino
283 1309 382 1338 sperat.
407 1303 473 1330 Cum
495 1303 668 1329 intentionem
693 1307 810 1328 nostram
835 1310 934 1336 nequa-

148 1348 228 1375 quam
242 1345 359 1374 potestas
375 1339 457 1364 divini
478 1338 601 1369 adjutorii
617 1337 728 1368 deserit,
745 1338 820 1369 quasi
834 1337 936 1363 sacriti-

148 1376 219 1402 cium
236 1382 317 1407 super
334 1379 434 1406 petram
453 1373 566 1404 positum
587 1372 696 1405 angelus
712 1372 783 1405 virga
797 1372 933 1406 contingit.

183 1409 210 1435 5.
233 1409 271 1435 De
285 1413 358 1441 petra
370 1407 440 1434 enim
456 1407 523 1441 ignis
533 1407 598 1438 exit,
612 1411 639 1433 et
651 1406 706 1439 jus,
718 1407 812 1439 pellem
827 1415 936 1433 carnes-

147 1452 200 1479 que
223 1443 366 1474 consumit,
391 1442 451 1475 quia
474 1442 577 1467 etllatns
597 1448 611 1466 a
632 1441 809 1473 Retlemptore
830 1442 936 1474 spiritus

148 1483 222 1506 tanta
248 1486 295 1505 cor
320 1481 440 1503 nostrum
467 1476 572 1502 {lamma
596 1476 806 1507 compunctionis
825 1483 936 1502 concre-

149 1518 216 1544 mat,
234 1518 263 1539 ut
276 1519 355 1538 omne
371 1511 440 1545 quod
469 1512 492 1536 in
514 1518 546 1536 eo
560 1515 600 1536 est
622 1510 753 1542 illicntmn,
769 1514 795 1536 et
810 1511 896 1543 operis
911 1515 938 1537 et

149 1548 331 1582 cogitationis,
346 1551 450 1573 exurat.
468 1545 627 1578 Plerumque
638 1550 753 1571 mentem
767 1545 882 1572 bominis
897 1551 939 1572 tu-

149 1584 251 1610 multus
267 1582 386 1608 inanium
411 1580 601 1614 cogitationum
626 1580 776 1612 deprimunt
797 1589 802 1605 ε
824 1581 861 1606 ira
878 1588 938 1613 pcr-

152 1617 252 1650 turbat,
268 1621 295 1643 et
317 1623 376 1642 cum
391 1615 494 1642 recedit
517 1615 565 1646 ita,
581 1615 700 1640 succedit
719 1614 805 1648 inepta
828 1615 938 1648 laetitia3

150 1652 266 1680 luxuriae
281 1650 396 1678 stitnulis
419 1655 527 1683 urgetur
541 1657 548 1681 ;
562 1654 628 1675 aestu
650 1649 767 1675 avaritia),
783 1651 859 1683 longe
875 1650 940 1677 late-

152 1695 204 1722 que
220 1688 252 1713 ad
269 1685 410 1712 ambienda
426 1692 485 1717 ttuae
500 1688 605 1710 terrena
626 1690 686 1710 sunt
703 1685 838 1716 tenditur;
855 1689 880 1711 et
894 1686 940 1711 ali-

152 1722 259 1756 quando
280 1722 348 1748 lianc
364 1720 486 1753 superbia
504 1719 600 1750 elevat,
630 1719 770 1751 aliqnando
786 1727 849 1746 vcro
869 1720 940 1746 inor-

152 1758 260 1783 dinatus
284 1757 364 1783 timor
390 1754 502 1781 infirmis
526 1754 634 1788 deponit
661 1754 762 1788 (Grec.,
787 1754 882 1780 Morul.
902 1763 938 1788 xi,

150 1792 196 1822 44.
212 1801 238 1819 n.
254 1791 288 1818 60
305 1810 312 1817 .

187 1827 253 1854 Cn).
272 1792 319 1853 ιιξι.
342 1825 378 1852 De
398 1825 516 1859 snperbia
535 1829 558 1850 et
572 1831 636 1850 vana
652 1824 742 1858 qloria.
758 1839 793 1843 -—
809 1824 834 1850 1.
856 1826 940 1852 Occa-

155 1862 195 1888 sio
213 1861 369 1894 perditionis
387 1865 484 1886 nustrae
500 1861 566 1886 lacta
582 1864 623 1885 est
648 1859 770 1892 superbia
786 1860 892 1892 diaboli,
915 1865 941 1887 et

153 1903 340 1930 argumentum
355 1895 546 1928 redemptionis
561 1899 659 1921 nostrae
684 1899 788 1920 iuventa
801 1899 840 1921 est
856 1895 941 1921 buini-

154 1932 217 1958 litas
231 1930 290 1957 Dei.
306 1930 396 1957 Multis
414 1937 485 1963 saepe
500 1929 622 1962 superbia
639 1929 750 1955 luxuriat
770 1931 940 1957 seminarium

155 1967 214 1998 tuit,
240 1966 299 2000 qnia
325 1965 387 1991 dum
414 1972 461 1991 eos
483 1964 592 1997 spiritus
609 1964 684 1998 quasi
697 1964 722 1990 in
745 1964 825 1990 altum
846 1965 939 1996 crexit,

153 2008 201 2028 cos
213 2008 276 2027 caro
291 2000 317 2026 in
332 1999 431 2026 intimis
447 1999 549 2026 mersit.
566 1999 616 2030 Qui
631 2007 678 2033 per
692 2000 843 2032 superbiam
858 2001 884 2025 in
900 2008 941 2026 se-

153 2041 228 2063 creto
253 2035 341 2062 cordis
370 2035 441 2068 prius
465 2034 613 2066 elevantur,
641 2034 807 2067 postmodum
838 2035 942 2067 publice

154 2074 294 2102 corruunt,
317 2070 377 2103 quia
398 2070 460 2096 dum
485 2069 597 2095 occultis
625 2069 805 2095 intumescunt
826 2070 941 2096 motibus

155 2105 254 2136 cordis.
279 2104 379 2138 apertis
399 2104 500 2130 cadunt
524 2104 642 2137 lapsibus
658 2104 786 2137 corporis.
813 2104 857 2131 Sic
879 2104 941 2131 elati

155 2139 226 2171 justa
252 2139 356 2165 fuerant
380 2138 553 2165 retributione
574 2138 697 2168 feriendi,
724 2143 751 2164 ut
773 2139 833 2172 quia
849 2146 941 2173 super-

155 2173 253 2200 biendo
278 2180 306 2199 se
334 2173 487 2199 bominibus
502 2173 656 2206 praeferunt,
684 2173 842 2199 luxuriando
859 2182 941 2207 usque

156 2207 381 2240 adjumentorum
406 2207 605 2233 sitnilitudinem
630 2208 813 2234 devolvantur.
835 2208 940 2235 Caven-

156 2242 218 2268 dum
232 2241 310 2268 nobis
331 2246 383 2272 est,
398 2245 425 2267 et
448 2240 520 2267 omni
536 2241 654 2267 custodia
678 2249 751 2268 mens
771 2250 786 2268 a
811 2244 941 2276 superbiae

156 2281 262 2303 tumore
276 2276 420 2307 servanda;
447 2282 498 2301 non
514 2275 584 2301 enim
610 2280 671 2301 ante
686 2277 777 2302 oculos
793 2277 838 2303 Dei
854 2285 942 2305 vacuat

157 2311 324 2338 transvolant
345 2310 519 2344 cogitationes
540 2313 649 2340 nostrae,
666 2314 692 2335 et
717 2310 786 2336 nulla
808 2318 941 2339 mutuenta

157 2346 284 2379 temporis
297 2352 344 2379 per
352 2347 468 2371 animum
484 2349 622 2371 transeunt
635 2344 694 2371 sine
708 2350 777 2371 statu
793 2346 942 2373 retributio-

155 2381 198 2407 nis
219 2380 307 2416 (Taio,
325 2388 360 2411 tv,
377 2380 429 2412 143
451 2378 540 2413 Greq„
566 2379 630 2413 1529.
655 2383 720 2413 pust.
746 2388 773 2413 p.
797 2387 835 2413 m,
850 2389 872 2407 c.
893 2380 939 2414 ¹7;

154 2415 250 2442 Horat.
264 2423 336 2447 xxvi,
353 2415 397 2446 17,
413 2423 439 2440 n.
455 2414 512 2446 28).

156 2451 161 2455 '
193 2451 220 2477 ⁹2.
242 2451 271 2477 Si
295 2455 429 2476 auctorent
454 2456 530 2475 snum
551 2447 631 2475 bomo
647 2448 825 2482 superbiendo
844 2453 939 2477 euntes

157 2486 240 2517 ιιιιιιι,
262 2486 323 2517 jure
338 2490 364 2511 ct
387 2492 403 2511 a
424 2484 543 2518 subjecta
569 2490 649 2510 carne
672 2484 790 2517 proelium
815 2484 938 2518 suscipit;

155 2520 228 2548 unde
241 2525 269 2547 et
280 2520 324 2546 ille
338 2519 440 2554 primus
454 2518 619 2550 inobediens,
636 2526 708 2551 mox,
720 2523 748 2546 ut
762 2519 939 2553 superbiendo

155 2555 286 2589 peccavit,
301 2555 423 2589 pudenda
437 2553 564 2580 contexit.
581 2553 647 2586 Quia
661 2555 731 2580 enim
752 2554 938 2582 contumeliam

154 2589 266 2624 spiritus
278 2590 333 2616 Deo
341 2589 439 2623 intulit,
456 2596 518 2615 mox
528 2589 713 2615 contumeliam
728 2589 815 2616 carnis
828 2590 937 2622 invenit,

154 2629 181 2651 et
197 2626 240 2657 qui
256 2625 357 2651 auctori
379 2631 429 2651 suo
450 2630 512 2651 esse
526 2623 647 2650 subditus
667 2623 760 2655 noluit,
784 2623 829 2659 jus
851 2625 938 2651 earnis

153 2659 277 2691 subditae,
291 2666 371 2693 quam
392 2659 511 2693 regebat,
534 2657 632 2689 amisit¹
646 2663 674 2684 ut
689 2658 714 2685 iu
730 2666 759 2685 se
773 2659 830 2693 ipso
842 2658 937 2686 videli-

152 2699 198 2721 εει
209 2693 398 2721 inobedientiae
408 2700 464 2720 suae
474 2692 596 2720 contusio
605 2692 780 2726 redundaret,
793 2699 819 2722 et
829 2699 937 2728 supera-

153 2732 198 2755 tus
213 2728 328 2756 disceret
342 2728 413 2763 quod
432 2727 522 2755 <elatus
547 2727 692 2755 amisisset.
713 2728 780 2755 Cum
805 2735 849 2756 res
868 2729 937 2756 bona

153 2763 251 2796 egitur,
262 2770 374 2791 necesse
387 2766 429 2791 est
447 2767 477 2790 ut
492 2763 564 2797 prius
576 2762 635 2796 ejus
654 2763 736 2790 elatio
746 2763 773 2790 ιιι
788 2763 870 2791 corde
879 2763 937 2791 vin-

153 2801 238 2829 catur,
259 2805 293 2824 ne
313 2798 335 2824 si
357 2805 374 2824 a
399 2797 489 2825 radice
509 2797 615 2824 miserae
640 2797 795 2829 intentionis
814 2798 935 2833 prodeat,

153 2837 258 2864 anteros
269 2832 396 2868 nequitiae
410 2832 512 2869 tructus
534 2831 671 2868 producat.
698 2832 792 2862 cordis
804 2833 936 2870 ‚superbia

981 880 1006 906 in
1022 886 1079 911 ipso
1092 884 1170 912 gustu
1183 886 1276 912 aspera
1297 879 1447 905 amaritudo
1460 880 1606 912 sentiatur;
1623 880 1685 907 dum
1701 889 1765 909 vero

980 919 1072 947 gustus
1100 921 1147 947 per
1171 913 1339 940 dulcedinem
1363 914 1472 946 fallitur,
1495 914 1591 941 lmmor
1612 916 1766 944 mortiferus

981 957 1028 982 per
1043 948 1249 975 amaritudinem
1260 952 1387 975 vacuatur
1402 948 1503 983 (Greq.,
1519 949 1582 984 Req.
1599 955 1664 984 past.
1680 960 1708 984 p.
1724 960 1765 986 ιιι,

980 991 1003 1010 c;
1016 984 1071 1016 17).

1017 1019 1042 1045 4.
1065 1020 1092 1046 ln
1118 1018 1275 1052 quibusdam
1299 1018 1375 1046 elatis
1396 1018 1555 1046 invectionis
1577 1020 1686 1047 exordia
1708 1029 1767 1056 per-

982 1053 1059 1080 mista
1073 1058 1135 1080 sunt
1158 1054 1235 1080 laude
1252 1054 1433 1087 temperanda,
1450 1058 1477 1080 ιιι
1495 1054 1558 1080 dum
1573 1055 1715 1083 admittunt
1729 1056 1769 1084 l'a-

982 1096 1060 1115 vores
1087 1096 1153 1121 quos
1181 1088 1302 1122 diligunt,
1330 1089 1410 1115 etiam
1436 1089 1615 1116 correctiones
1639 1092 1769 1125 recipiant

983 1130 1049 1156 quas
1064 1124 1188 1150 oderunt.
1206 1123 1318 1156 Superbi
1332 1123 1429 1157 quippe
1449 1132 1481 1150 eo
1494 1124 1552 1158 ipso
1566 1132 1618 1159 quo
1634 1125 1717 1153 videri
1729 1127 1769 1153 al—

986 1163 1036 1185 tms
1055 1162 1193 1191 appetunt,
1204 1166 1218 1184 a
1233 1165 1294 1184 vera
1316 1158 1362 1184 Dei
1382 1159 1496 1186 essentia
1513 1160 1590 1194 longe
1613 1168 1659 1194 per
1673 1161 1770 1193 elatio-

985 1201 1045 1220 nem
1062 1194 1146 1222 liunt;
1168 1193 1315 1220 subsistere
1334 1196 1432 1220 etenim
1450 1199 1593 1228 nequeunt,
1611 1196 1670 1230 quia
1687 1196 1720 1223 ab
1735 1204 1770 1224 :e-

986 1234 1069 1255 ternae
1099 1229 1224 1255 essentia:
1247 1228 1380 1255 soliditate
1404 1229 1574 1262 dividuntur;
1603 1236 1682 1264 atque
1703 1231 1771 1258 hanc

987 1264 1097 1295 primam
1113 1264 1215 1290 ruinam
1231 1263 1424 1297 tolerant,quia
1440 1272 1487 1298 per
1509 1265 1637 1298 privatam
1660 1267 1770 1300 gloriam

987 1299 1013 1325 in
1030 1299 1181 1331 semetipsis
1196 1298 1306 1325 cadunt.
1322 1299 1396 1325 Sicut
1411 1307 1457 1333 per
1471 1300 1639 1327 Psalmistam
1656 1301 1770 1329 dicitur:

987 1332 1107 1368 DeJeciati
1122 1342 1174 1365 eos,
1187 1334 1247 1359 dum
1262 1333 1430 1361 allevarentur
1442 1334 1527 1368 (Psat.
1543 1343 1624 1367 txxtt,
1642 1336 1699 1371 ¹8),
1712 1337 1772 1371 quia

987 1376 1019 1394 eo
1038 1369 1198 1395 intrtnsecus
1219 1373 1357 1401 corruunt,
1373 1377 1425 1403 quo
1443 1370 1510 1396 :nale
1526 1372 1692 1398 extrinsecus
1711 1379 1772 1398 sur-

987 1408 1062 1436 gunt.
1078 1404 1122 1430 Sic
1138 1410 1260 1429 aurarum
1273 1403 1335 1429 llatu
1350 1404 1445 1436 stipula
1460 1405 1486 1430 in
1501 1405 1581 1431 altum
1597 1406 1709 1439 rapitur,
1725 1407 1772 1434 sed

988 1445 1050 1463 casu
1067 1439 1171 1464 concito
1186 1440 1218 1463 ad
1234 1438 1285 1463 ima
1298 1443 1444 1464 revocatur.
1463 1439 1536 1466 lllens
1550 1440 1698 1475 hypocritae
1712 1450 1766 1468 nun

989 1479 1067 1506 quam
1084 1478 1158 1499 vacat
1173 1480 1187 1498 a
1202 1472 1309 1498 malitiae
1322 1473 1500 1507 cogitatione;
1522 1483 1582 1501 nam
1599 1474 1654 1502 sive
1669 1481 1772 1503 terrena

955 1527 976 1558 C
991 1514 1115 1541 quaeque,
1132 1515 1178 1534 seu
1206 1507 1310 1533 laudem
1328 1514 1445 1542 appetat,
1464 1515 1490 1535 et
1509 1510 1566 1537 aliis
1589 1511 1697 1541 invidet,
1715 1519 1773 1545 quae

992 1543 1041 1568 sibi
1057 1543 1135 1568 tribui
1150 1542 1266 1573 anttelat.
1283 1547 1309 1568 et
1322 1547 1394 1569 tanto
1407 1549 1519 1572 caeteros
1534 1553 1674 1579 perversos
1684 1551 1773 1573 osten—

991 1577 1055 1603 dere
1074 1578 1187 1608 molitur,
1205 1581 1303 1610 quanto
1319 1578 1401 1604 videri
1421 1581 1538 1608 sanctior
1551 1580 1674 1608 omnibus
1694 1589 1774 1615 appe-

993 1612 1032 1643 tit,
1050 1617 1076 1638 ut
1095 1620 1127 1638 ex
1148 1613 1259 1644 eoquod
1280 1612 1324 1638 alii
1346 1613 1522 1646 despicabiles
1536 1618 1611 1647 nunt.
1630 1616 1685 1650 ipse
1699 1624 1774 1644 reve-

992 1647 1090 1673 rentior
1114 1654 1221 1680 semper
1238 1652 1379 1680 appareat:
1408 1649 1477 1675 unde
1497 1651 1527 1677 tit
1550 1656 1577 1678 ut
1598 1653 1631 1677 de
1650 1652 1774 1685 opinione

992 1681 1108 1715 proximi
1122 1682 1236 1708 lmmana
1249 1682 1346 1715 judicia
1361 1683 1456 1716 linguae
1473 1692 1528 1712 suae
1543 1687 1652 1720 laqueos
1665 1691 1774 1720 pruten-

991 1717 1046 1749 dat,
1064 1721 1091 1743 ιιι
1106 1724 1209 1749 eorum,
1225 1717 1323 1750 quibus
1338 1718 1442 1751 placere
1453 1720 1563 1754 appetit,
1579 1721 1652 1747 solus
1665 1722 1775 1749 wstima-

994 1753 1092 1778 tionem
1109 1753 1206 1786 capiat.
1222 1752 1374 1779 contemnit
1388 1754 1500 1788 quisque
1516 1757 1645 1790 superbus
1660 1756 1774 1784 reditum

992 1795 1081 1818 suum,
1098 1787 1219 1821 desperat
1235 1788 1352 1820 veniam,
1378 1790 1496 1822 superbit
1512 1791 1536 1817 in
1560 1791 1653 1825 culpa;
1672 1792 1719 1818 sed
1733 1797 1774 1819 ta-

992 1829 1054 1848 men
1069 1827 1162 1849 testem
1185 1829 1240 1848 suae
1262 1823 1385 1856 nequitiae
1411 1825 1482 1851 intus
1497 1825 1578 1853 babet
1591 1828 1728 1859 timorem;
1749 1832 1775 1855 et

992 1858 1112 1890 quamvis
1126 1864 1206 1891 parva
1221 1857 1340 1884 videatur
1351 1859 1422 1885 foras
1433 1860 1570 1887 audaciter
1583 1869 1672 1895 agere,
1689 1862 1722 1888 de
1733 1862 1774 1889 liis

994 1896 1080 1918 tamen
1105 1892 1174 1925 apud
1199 1894 1371 1926 semetipsum
1398 1895 1502 1929 cogitur
1516 1896 1648 1931 trepidare
1671 1896 1772 1933 (Greq.,

993 1925 1087 1954 Mur-ut.
1101 1934 1164 1959 xvn,
1176 1927 1201 1959 8,
1219 1936 1244 1953 n.
1261 1928 1319 1962 10).

1027 1961 1090 1987 Car.
1117 1970 1171 1988 xxi.
1194 1961 1233 1988 De
1254 1964 1370 1990 avaritia.
1385 1979 1420 1984 —
1443 1965 1468 1992 1.
1490 1966 1607 1993 Avaritia
1630 1972 1670 1994 est
1692 1967 1774 1994 idolo-

993 2003 1051 2022 rum
1068 1998 1181 2023 servitus
1193 1997 1299 2032 (Epltes.
1317 2006 1342 2030 v,
1358 1999 1397 2032 5),
1414 2000 1485 2027 velut
1500 2001 1628 2035 ampliora
1643 2009 1673 2030 os
1685 2002 1774 2030 cordis

994 2031 1020 2056 in
1039 2032 1139 2058 ambitu
1163 2038 1285 2066 apertum
1310 2038 1403 2064 tenens
1418 2034 1511 2069 (Zaclt.
1537 2039 1575 2070 v).
1599 2038 1671 2064 Multi
1692 2044 1773 2066 sensu

995 2070 1110 2099 torpent,
1126 2067 1172 2093 sed
1190 2067 1216 2093 in
1232 2067 1273 2094 liis
1290 2075 1348 2102 qna:
1367 2075 1496 2104 appetunt
1518 2071 1639 2099 avaritiae
1657 2073 1774 2100 stimulis

994 2103 1152 2129 excitantur.
1170 2102 1203 2128 Et
1216 2102 1260 2136 qui
1275 2104 1309 2129 ad
1323 2103 1392 2131 bona
1412 2105 1526 2132 videnda
1540 2107 1604 2133 caeci
1615 2112 1687 2140 sunt,
1703 2108 1773 2135 exci-

995 2137 1110 2163 tantibus
1136 2137 1252 2170 praemtis
1274 2138 1306 2164 ad
1338 2140 1515 2174 peragendum
1535 2141 1604 2168 mala
1631 2143 1772 2177 vigilantes

995 2170 1069 2198 liunt.
1087 2171 1138 2198 Per
1152 2172 1249 2206 plumbi
1269 2174 1416 2206 metallum,
1430 2176 1504 2209 qu'us
1524 2181 1616 2203 natura
1629 2177 1718 2212 gravis
1731 2182 1772 2205 est

956 2201 982 2230 D
994 2207 1130 2240 ponderis,
1149 2212 1285 2239 peccatum
1306 2210 1423 2235 avaritiae
1443 2211 1594 2244 specialiter
1607 2211 1770 2246 designatur,

993 2241 1064 2274 quod
1080 2247 1208 2272 mentem,
1224 2249 1302 2276 quam
1317 2243 1446 2278 infecerit,
1462 2246 1497 2271 ita
1511 2252 1617 2279 gravem
1632 2247 1728 2278 reddit,
1744 2251 1772 2273 nt

992 2275 1025 2301 ad
1038 2276 1151 2309 petenda
1162 2276 1284 2303 subtunia
1297 2278 1381 2304 attolli
1393 2285 1558 2312 nequaquam
1573 2281 1667 2314 possit.
1679 2281 1772 2308 Scien-

992 2311 1054 2337 dum
1071 2316 1111 2337 est
1128 2313 1197 2344 quod
1212 2311 1331 2338 Sennaar
1346 2312 1472 2339 latissima
1486 2314 1564 2340 vallis
1577 2320 1627 2346 est,
1642 2323 1701 2349 quae
1716 2316 1772 2342 lin-

992 2352 1103 2378 guarum
1120 2346 1188 2372 sacta
1211 2346 1365 2373 diversitate
1384 2346 1516 2374 destructa
1528 2355 1579 2383 est,
1595 2357 1655 2383 quae
1669 2351 1772 2379 scilicet

993 2381 1072 2407 turris
1092 2379 1208 2415 Babylon
1232 2380 1302 2406 dicta
1325 2385 1366 2407 est
1384 2388 1432 2414 pro
1454 2382 1512 2416 ipsa
1540 2384 1662 2412 videlicet
1676 2385 1771 2414 constt-

991 2415 1066 2442 sione
1087 2415 1213 2441 mentium
1229 2419 1307 2449 atque
1332 2415 1488 2450 linguarum.
1512 2418 1567 2446 Nec
1591 2420 1723 2447 immerito
1734 2421 1772 2450 ibt

990 2450 1100 2476 avaritia
1113 2449 1239 2482 ampliora
1254 2450 1372 2483 ponitur.
1387 2450 1431 2478 ubi
1443 2452 1573 2487 Babylon,
1588 2455 1669 2490 250
1678 2455 1704 2482 id
1717 2460 1770 2490 est,

990 2484 1111 2510 confusio
1123 2484 1280 2511 oedilicatur.
1295 2484 1362 2518 Quia
1376 2486 1438 2512 dum
1453 2494 1501 2520 per
1519 2490 1656 2517 avaritiam
1678 2495 1705 2518 et
1718 2490 1770 2519 im·
1792 2499 1794 2502 ’

990 2518 1115 2551 pietatem
1129 2524 1231 2545 certum
1245 2525 1286 2546 est
1306 2521 1395 2547 onmia
1409 2523 1477 2548 mala
1490 2529 1644 2559 exsurgere,
1659 2529 1731 2554 recte
1743 2530 1772 2554 et
1804 2526 1809 2531 ’
1824 2517 1832 2539 5

989 2553 1220 2616 ffislaualxgri‘tiraasst
1233 2555 1363 2617 ,ιιιινιριείιὲε
1377 2554 1582 2620 ιιὲνξοιιιὶιεῧηιε
1615 2560 1771 2625 εῑιιιιιειιόιὲιι·

988 2622 1085 2657 mam.
1222 2608 1230 2622 ‚
1278 2610 1286 2624 ‚
1356 2611 1364 2624 ,
1440 2600 1486 2628 9..
1542 2601 1608 2623 ora.
1630 2602 1696 2630 xiv,
1757 2614 1768 2631 ‚

1021 2657 1049 2684 9..
1071 2658 1150 2686 AEstu
1162 2659 1282 2687 avaritiae
1296 2660 1420 2689 homiues
1440 2663 1546 2691 accensi
1567 2671 1602 2692 eo
1620 2665 1723 2701 maiora

987 2700 1016 2720 se
1030 2700 1111 2728 opera
1127 2693 1252 2722 huntanis
1277 2695 1362 2723 oculis
1385 2697 1539 2732 ostendunt,
1564 2706 1618 2734 quo
1638 2702 1739 2736 ampliu

986 2727 1037 2755 sibi
1050 2728 1084 2755 ab
1096 2729 1248 2756 horninibus
1261 2730 1352 2758 offerri
1372 2739 1484 2760 munera
1504 2738 1642 2768 appetunt.
1657 2735 1708 2770 Qui
1720 2743 1738 2764 e

986 2770 1049 2803 gere
1060 2771 1126 2798 opes
1148 2764 1241 2797 ambit,
1258 2765 1343 2792 vitare
1358 2772 1496 2800 peccatum
1514 2769 1632 2804 negligit,
1647 2775 1675 2799 et
1739 2771 1743 2774 '

985 2805 1073 2825 avium
1087 2804 1190 2834 captus,
1205 2806 1267 2828 cum
1286 2807 1374 2828 escam
1399 2807 1566 2831 terrenarum
1580 2812 1669 2833 rerum
1683 2811 1706 2833 ιι
1739 2807 1742 2837 ᾖ

986 2834 1160 2871 concupiscit,
1185 2834 1258 2872 quod
1279 2835 1578 2878 stranguletur'pewut
1590 2839 1698 2875 laqueo.
