1832 3016
153 134 202 162 ΜΠ

439 189 552 217 CAPUT
571 189 631 216 XX.

292 238 331 264 De
344 235 424 264 Saule
440 234 619 270 pythonissam
633 235 792 262 consulente.

184 286 196 311 1
220 285 282 311 Post
297 285 411 309 mortem
428 286 516 307 autem
533 281 666 308 Samuelis
692 280 846 315 congregali
875 283 938 308 sunt

147 328 278 356 Pltilistini
293 331 383 353 contra
399 326 490 353 lsrael.
505 325 698 360 Consuluitque
711 327 772 353 Saul
783 326 936 359 Dominum,

147 378 173 399 et
189 379 242 399 non
259 372 399 406 respondit
411 372 446 399 ei.
463 371 590 403 Quaesivit
613 376 702 398 autem
717 371 780 399 Saul
800 371 939 406 pythonis·

147 425 214 449 sam,
231 425 290 452 quae
303 418 445 444 suscitaret
461 417 498 443 illi
509 417 673 445 Samuelem.
689 418 840 452 Statimque
853 419 938 445 susci-

148 468 219 491 tatus
232 464 266 490 ait
280 464 312 491 ad
324 472 384 491 enm
398 473 403 489 z
422 463 506 495 Quare
521 464 667 498 inquietasti
682 472 720 490 me
736 469 763 490 ut
778 464 914 491 suscitarer
925 463 938 490 7

149 509 184 535 Et
199 510 326 543 quaeritur
343 509 487 536 secundum
513 508 650 536 historiam
666 514 752 536 utrum
782 508 938 544 pythonissa

149 554 236 589 ipsum
255 554 411 588 proplietam
427 554 460 579 de
473 553 580 580 interno
595 554 758 586 evocaverit,
772 562 805 581 an
822 555 938 590 aliquam

147 599 330 634 imaginariam
347 599 498 626 illusionem
516 599 619 626 fallacia
631 599 782 626 daemonum
795 600 902 627 tactam.

180 645 207 672 2.
230 645 267 672 De
283 653 332 679 qua
347 645 493 679 quoestione
510 645 594 672 heatae
622 646 759 673 metuerim
775 646 939 681 Augustinus

145 693 288 727 episcopus
303 692 476 726 Simpliciano
488 693 678 719 Mediolanensi
688 694 814 727 episcopo
829 693 864 719 ita
874 692 939 720 scri-

146 739 200 772 psit
213 747 218 764 :
233 738 356 773 lnquiris,
373 738 491 772 inquam,
507 743 592 765 utrum
604 740 713 773 potuerit
725 739 852 773 malignus
863 739 939 773 spiri-

146 788 186 810 tus
202 785 312 810 excitare
327 785 439 810 animam
450 785 528 819 justi,
539 790 563 811 et
577 790 698 819 tanquam
710 785 740 810 de
754 785 846 810 obditis
870 793 939 811 mor-

147 834 248 856 tuorum
264 830 404 863 repaqulis,
421 831 457 856 rel
469 831 635 864 receptaculis
645 838 758 862 evocare,
771 835 795 856 ct
807 834 833 856 ut
843 830 938 856 videre-

145 879 198 907 tur,
215 881 237 902 et
256 877 400 911 loqueretur
415 885 473 902 cum
490 877 565 904 Saul.

183 922 262 958 52⁷
278 923 303 949 5.
326 922 419 949 Nonne
434 924 518 958 majus
534 923 679 949 mirandum
701 924 732 949 sit
745 924 812 954 quod
827 923 938 950 Satanas

144 968 230 1003 ipsum
245 969 384 995 Dominum
396 970 544 1003 assumpsit,
562 975 584 996 et
599 970 730 996 constituit
744 977 820 1002 snper
834 970 938 1003 pinnam

146 1015 251 1049 templi?
263 1015 378 1047 Quolibet
394 1017 457 1041 enim
474 1016 549 1041 mode
574 1017 670 1050 fecerit,
686 1016 780 1048 factum
795 1019 842 1040 est.
859 1014 902 1040 Ita
916 1020 938 1041 et

146 1061 236 1086 modus
251 1068 301 1094 quo
314 1060 429 1087 Samueli
443 1061 538 1094 factum
553 1066 588 1087 est
603 1066 630 1086 ut
642 1061 806 1092 excitaretur,
823 1060 940 1086 similiter

145 1106 215 1137 latet,
227 1106 276 1131 nisi
287 1107 352 1138 forte
365 1106 421 1139 quis
433 1105 524 1131 dixerit
541 1106 684 1139 faciliorem
699 1105 800 1131 diabolo
817 1104 894 1136 fuisse
908 1103 940 1129 li-

144 1151 254 1176 centiam
269 1150 302 1176 ad
318 1150 456 1176 Dominum
470 1151 553 1177 vivum
568 1152 635 1177 unde
649 1151 726 1177 voluit
740 1144 938 1182 assumendum,

143 1199 167 1222 et
181 1196 224 1222 ubi
238 1197 316 1222 uoluit
327 1197 541 1228 constituendum,
551 1205 627 1230 quam
637 1197 670 1222 atl
681 1196 809 1223 Samuelis
820 1194 940 1230 spiritum

144 1240 257 1275 defuncti
269 1251 283 1266 n
298 1242 349 1267 suis
363 1242 463 1267 sedibus
479 1242 654 1269 excitandum.

178 1286 206 1311 ll.
229 1286 302 1317 Quod
315 1287 335 1312 si
350 1286 415 1311 illud
429 1287 453 1312 in
467 1286 609 1321 Evanqello
621 1295 668 1313 nos
691 1288 748 1313 ideo
763 1295 815 1313 non
836 1291 940 1314 cantura

145 1332 198 1364 bat,
213 1332 273 1366 quia
288 1331 411 1357 Dominus
429 1332 517 1364 voluit,
535 1337 610 1367 atque
626 1333 753 1367 permisit,
770 1332 844 1359 nulla
864 1333 941 1359 etimi-

144 1378 247 1403 nutione
259 1385 313 1403 suae
327 1378 458 1411 potestatis
480 1382 503 1403 ct
524 1377 664 1403 divinitatis
678 1378 704 1403 id
726 1378 792 1410 fieri,
819 1380 885 1405 sicut
909 1379 940 1404 ab

144 1423 206 1457 ipsis
221 1421 332 1454 Judoeis,
349 1430 493 1457 quanquam
507 1423 631 1456 peruersis
646 1428 722 1457 atque
746 1425 893 1456 immundis,
917 1429 941 1451 et

144 1470 214 1503 facta
227 1468 321 1495 diaboli
337 1469 495 1504 facientibus,
511 1473 535 1495 et
548 1470 625 1496 teneri
637 1478 662 1496 se
673 1474 696 1496 et
708 1470 809 1503 vinciri,
819 1475 841 1496 et
853 1470 940 1503 illudi,

144 1520 167 1541 et
179 1515 304 1550 crucifiqi,
317 1521 390 1549 atque
405 1516 514 1548 interfici
530 1524 618 1549 passus
629 1521 676 1548 est;
691 1524 741 1542 non
751 1521 787 1543 est
801 1516 939 1543 absurdum

649 133 678 159 S.
699 131 822 159 tstnont
844 130 1066 161 tttsPALENSts
1088 132 1242 162 EPtscoPt

948 190 974 220 A
987 189 1121 225 finquntar
1132 199 1221 218 earnm
1234 199 1320 219 rerum
1334 198 1442 226 quarum
1456 191 1580 226 imaqines
1593 199 1654 220 sunt
1666 194 1778 222 nomini-
1804 209 1817 241 ς

1722 133 1779 164 408

990 235 1037 262 bus
1051 236 1224 271 appellantur,
1237 238 1274 264 sie
1299 237 1410 265 hominis
1433 239 1542 272 pict-ara,
1571 246 1630 266 cum
1654 239 1779 275 pinqitur,
1826 250 1832 265 t

990 283 1122 317 proprium
1134 284 1252 319 quodque
1276 285 1378 311 nomine
1391 276 1577 312 'incunctanter
1600 285 1743 320 adhibetur,
1755 290 1781 314 ee
1811 277 1832 328 J

991 328 1083 355 dicitur
1093 337 1103 356 :
1119 329 1169 356 tlte
1184 330 1281 362 Cicero,
1294 331 1340 357 ille
1363 330 1514 364 Sallustius,
1531 330 1575 357 ille
1598 331 1721 366 Achilles,
1736 331 1781 359 itte
1825 342 1832 365 ς

991 373 1153 408 Hector,hoe
1165 376 1261 410 flumen
1273 376 1378 410 Simois,
1393 377 1439 404 itta
1454 376 1546 410 Roma,
1564 385 1621 404 cum
1631 377 1705 404 aliud
1718 376 1782 406 nitiit

990 419 1040 446 sint
1048 428 1123 454 quam
1138 421 1212 454 pictoe
1221 422 1353 456 imaqt'nes.

1027 465 1052 492 6.
1077 464 1150 492 Unde
1165 467 1332 499 etcheruln'm.
1346 476 1402 494 cum
1413 468 1462 495 sint
1471 468 1581 496 caelestes
1588 469 1703 500 uirtutes.
1715 468 1781 503 ,tlctoe

992 513 1075 538 tamen
1089 511 1170 548 528
1179 521 1211 540 ex
1224 513 1337 547 metallo,
1350 515 1416 548 quod
1427 516 1560 550 imperavit
1574 515 1640 543 Deus
1652 524 1727 552 super
1740 523 1783 543 ar·
1828 534 1832 535 ν

991 566 1047 583 cam
1056 557 1208 585 Testamenti
1214 567 1313 595 maynoe
1322 560 1357 586 rei
1367 561 1541 595 significandoe
1547 563 1642 596 qratia,
1652 569 1704 588 non
1710 561 1783 588 atiud
1828 583 1832 590 .

991 612 1067 638 quam
1082 603 1211 630 cherubim
1221 605 1267 631 illa
1281 613 1381 640 quoque
1395 606 1518 641 fiqmenta
1533 608 1699 637 vocabantur.
1716 607 1784 635 Item

992 649 1053 675 dum
1063 650 1169 684 quisque
1185 650 1250 676 videt
1266 652 1403 683 somnium,
1414 660 1464 678 non
1478 652 1540 679 dicit
1553 660 1562 679 :
1577 652 1638 679 Vidi
1647 653 1784 688 imaqinem

991 694 1136 727 Auqustini,
1150 695 1194 722 sed
1207 704 1216 723 :
1229 696 1290 722 Vidi
1306 697 1488 732 Auqmffnum,
1499 706 1555 725 cum
1569 707 1599 725 eo
1611 704 1720 734 tempore
1734 707 1784 734 quo
1830 719 1832 721 .

992 739 1096 773 aliquod
1109 740 1160 766 tale
1170 741 1265 775 aliquis
1280 742 1342 768 vidit
1356 743 1484 777 iqnoraret
1495 743 1543 770 hoc
1557 743 1729 778 Augustinus.

1027 785 1053 811 7.
1076 785 1161 820 Usque
1172 787 1234 813 adeo
1246 788 1409 822 manifestum
1421 794 1515 816 estnon
1524 790 1591 824 ipsos
1602 791 1727 823 homines,
1740 790 1784 817 sed

991 831 1114 866 imaqines
1127 840 1216 858 eorum
1230 833 1323 859 videri.
1333 833 1365 860 Et
1377 833 1482 860 Pharao
1495 835 1577 869 spicas
1588 843 1614 861 se
1621 835 1785 864 dixitvidisse

955 880 979 910 Β
992 876 1019 902 in
1035 877 1148 908 somniis,
1163 883 1185 903 ct
1202 877 1284 909 boves,
1299 886 1350 904 non
1363 879 1500 912 spicarum.
1515 879 1784 914 autboumimaqines.

993 922 1024 949 Si
1038 922 1115 956 igitur
1130 923 1227 956 liquido
1239 928 1339 949 constat
1355 924 1499 950 nominibus
1513 933 1598 951 earum
1623 934 1709 951 rerum
1722 933 1786 960 qua-

991 977 1048 995 rum
1061 969 1183 1003 imaqines
1197 973 1254 995 sunt
1266 969 1366 995 easdem
1379 970 1503 1004 imaqt'nes
1514 970 1651 1005 appellari,
1666 979 1715 996 non
1737 971 1785 997 mi-

992 1023 1049 1041 rum
1063 1015 1177 1049 estquod
1192 1014 1329 1048 Scriptura
1342 1015 1402 1041 dicit
1424 1015 1571 1042 Samuelem
1587 1017 1679 1048 visum,
1705 1016 1784 1043 etiam

992 1061 1013 1086 si
1028 1060 1093 1094 forte
1109 1059 1238 1086 Samuelis
1258 1061 1342 1095 imaqo
1364 1062 1484 1095 apparuit
1499 1061 1558 1094 ficto
1583 1061 1786 1088 machinamento

992 1104 1046 1138 ejus
1057 1105 1101 1138 qui
1116 1104 1281 1139 transfiqurat
1292 1113 1318 1131 se
1332 1105 1357 1130 in
1387 1105 1507 1140 anqelum
1522 1106 1586 1132 lucis
1599 1126 1606 1138 ,
1619 1110 1643 1132 et
1658 1106 1786 1133 ministros

991 1157 1051 1175 suos
1066 1154 1139 1175 ornat
1155 1149 1222 1176 velut
1236 1150 1366 1177 ministros
1373 1151 1495 1186 justitioe.

1027 1195 1054 1222 8.
1075 1195 1135 1221 Jarn
1149 1203 1206 1221 vero
1221 1195 1241 1221 si
1255 1196 1330 1228 illud,
1343 1195 1436 1230 inquit,
1454 1201 1544 1230 movet,
1556 1198 1682 1232 quomodo
1693 1206 1709 1224 a
1731 1206 1787 1224 nta-

993 1242 1062 1276 liqno
1077 1242 1169 1275 spiritu
1193 1242 1268 1268 Sauli
1283 1250 1339 1268 vera
1353 1243 1475 1276 proedicta
1500 1249 1567 1276 sunt,
1583 1249 1662 1278 potest
1684 1249 1708 1271 et
1722 1244 1787 1271 illud

992 1288 1083 1313 mirum
1104 1288 1191 1320 videri,
1205 1289 1331 1320 quomodo
1341 1289 1466 1316 doemones
1478 1290 1781 1323 aqnoveruntChristum,

992 1341 1066 1367 quem
1080 1333 1165 1359 Jndoet'
1179 1342 1228 1359 non
1242 1332 1421 1368 aquiosceltant.
1446 1335 1509 1361 Cum
1535 1337 1602 1362 enim
1628 1338 1680 1363 vult
1705 1337 1785 1368 Deus,

993 1378 1070 1404 etiam
1084 1386 1128 1413 pet·
1142 1378 1243 1411 infimos
1257 1387 1438 1414 supremasque
1454 1381 1559 1414 spiritus
1587 1381 1698 1417 aliquem
1726 1390 1785 1409 vera
1803 1388 1810 1395 ·

992 1431 1150 1458 cognoscere.
1164 1425 1313 1458 temporalia
1329 1425 1455 1451 duntaxat
1470 1426 1586 1452 adistam
1598 1428 1785 1455 mortalitatem

994 1470 1154 1504 pertinentia,
1168 1470 1242 1504 facile
1251 1475 1385 1502 est‚etnon
1396 1472 1614 1507 inconqruum,ztt
1629 1474 1786 1508 omnipotens

994 1517 1114 1550 etjustus
1123 1516 1157 1542 ad
1169 1524 1256 1542 eorum
1270 1525 1370 1551 paenam
1384 1517 1474 1550 quibus
1496 1518 1545 1544 ista
1561 1519 1733 1552 proedicantur
1748 1519 1787 1553 (ut

145 1560 256 1593 credere,
269 1569 300 1587 ea:
315 1561 403 1595 aliquo
417 1562 606 1595 dispensatione
621 1563 713 1590 dirime
726 1564 874 1596 voluntatis,
884 1573 941 1599 per·
956 1561 980 1594 C
995 1562 1092 1589 malum
1105 1563 1173 1597 quod
1189 1563 1223 1589 eis
1237 1563 1352 1589 imminet
1363 1568 1500 1597 antequam
1513 1565 1596 1590 veniat
1606 1565 1786 1599 proenoscendo

144 1605 250 1631 missum
261 1606 339 1640 fuisse
354 1612 379 1632 ut
391 1608 557 1646 non-invitus,
571 1612 594 1634 et
615 1609 763 1636 dominante
779 1610 878 1644 magica
892 1619 940 1645 po-

145 1652 233 1683 tentia,
249 1652 294 1678 scd
310 1653 395 1679 votens
409 1658 485 1686 atque
496 1654 673 1689 obtemperans
687 1656 795 1682 occultoe
806 1655 942 1688 dispensa-

144 1698 206 1724 tioni
223 1698 279 1732 Deiy
296 1707 352 1733 qttae
367 1701 544 1735 pythonissam
568 1701 641 1727 illam
656 1707 679 1728 et
705 1702 811 1729 Saulem
837 1702 939 1735 latebat,

143 1744 249 1777 spiritus
264 1746 396 1779 pt'ophelae
406 1747 486 1773 sancti
500 1755 524 1773 se
540 1747 680 1774 ostenderet
693 1748 836 1781 aspectibus
862 1749 939 1782 reqis,

148 1790 234 1819 divina
251 1799 307 1817 enm
323 1793 447 1818 sententia
461 1800 637 1826 percussurus.

181 1839 208 1865 5.
231 1838 383 1872 Quanquam
399 1838 425 1863 in
449 1838 496 1863 hoc
513 1839 580 1871 facto
596 1843 676 1873 potest
689 1847 743 1865 esse
757 1839 822 1865 alius
838 1838 942 1873 facilior

144 1885 297 1917 intellectus,
313 1889 340 1910 ut
353 1892 404 1910 non
418 1892 476 1910 vere
489 1885 606 1918 spiritum
622 1884 752 1912 Samuelis
774 1885 911 1911 excitatum
925 1893 941 1911 a

144 1932 230 1966 requie
245 1939 292 1957 sua
307 1931 453 1963 credamus,
468 1931 512 1957 sed
525 1931 629 1965 aliquod
656 1931 817 1966 phantasma,
833 1936 855 1958 et
875 1931 941 1958 ima-

144 1977 272 2011 qinariam
287 1976 431 2003 illusionem
438 1976 572 2002 diabolicis
588 1977 822 2003 machinationibus
833 1976 941 2011 factam:

145 2031 222 2056 quam
238 2027 371 2058 propterea
387 2022 524 2056 Scriptura
535 2023 636 2049 nomine
651 2022 780 2049 Samuelis
803 2022 918 2057 appellat
931 2042 939 2055 ‚

145 2070 206 2103 quia
217 2069 299 2095 solent
310 2069 434 2103 imagines
449 2077 538 2095 earum
552 2077 637 2095 rerum
652 2069 796 2095 nominibus
811 2068 941 2104 appellari

146 2121 254 2146 quarum
262 2114 385 2148 imaqines
395 2119 466 2140 sunt.
478 2114 642 2140 Sicutomnia
650 2121 707 2148 quw
718 2114 941 2148 pumuntur-atque

177 2191 242 2219 Can.
256 2200 300 2218 xx.
313 2192 344 2218 N.
358 2192 384 2218 1.
400 2192 440 2218 An
451 2192 574 2225 aliquam,
587 2197 639 2218 etc.
656 2192 713 2218 Ah:
729 2193 768 2218 Αη
775 2193 861 2227 aliqua
874 2193 940 2219 ima-

146 2227 246 2261 qt'naria
256 2227 373 2253 illusione
388 2226 492 2261 fallacia
501 2227 643 2253 daemonum
657 2228 734 2261 facta.
744 2228 831 2254 Anav.

181 2262 208 2290 ἓ.
230 2262 387 2297 Auqustinus
402 2262 581 2295 Simpliciano.
595 2261 653 2288 Lib.
670 2269 700 2294 tt,
716 2269 742 2295 q.
759 2262 787 2296 5,
797 2266 824 2290 et
835 2263 868 2290 ad
882 2263 947 2290 Dut—
958 2253 985 2284 D

146 2297 249 2328 citium,
266 2305 293 2330 q.
308 2298 335 2323 6.
352 2297 447 2324 (Ξκιιι.

183 2331 255 2360 Ibid.
271 2332 401 2367 Maliqnus
416 2330 693 2366 spiritustntandus
704 2332 823 2366 s'piritus.
837 2333 944 2367 Augus-

147 2367 219 2394 tinus
234 2372 262 2394 ει
278 2367 377 2400 Eucti„
388 2367 731 2402 quamvismattgniibidem
743 2372 836 2402 postea
843 2374 944 2396 vocen-

147 2407 198 2429 tur.
217 2402 312 2430 Galat„

182 2437 251 2464 Ibid.
269 2438 410 2473 Repaqulis
422 2438 469 2465 vet.
495 2437 540 2464 liae
554 2444 633 2465 voces
652 2445 706 2465 non
721 2442 783 2465 sunt
796 2437 866 2473 apud
881 2437 941 2465 Au-

145 2474 244 2508 gustin.
259 2473 399 2500 amanet».
417 2472 512 2500 Gntttt..

181 2509 207 2536 5.
230 2508 351 2541 Quolibet
370 2509 437 2536 enim
448 2508 523 2535 modo
538 2508 626 2542 fecerit
643 2508 690 2535 hoc
705 2508 760 2542 ille,
777 2509 872 2543 factam
885 2512 935 2541 est,-

146 2543 183 2569 ita
197 2548 221 2570 et
236 2544 327 2571 modus
356 2551 405 2579 quo
427 2543 543 2571 Samueli
562 2546 662 2578 fuctum
681 2549 718 2571 est
739 2549 766 2571 ut
785 2545 937 2571 excitaretur

143 2578 262 2605 similiter
276 2579 346 2606 latet.
362 2580 398 2606 lta
409 2580 519 2606 omnino
539 2578 667 2614 legendus
689 2578 732 2606 liic
756 2580 840 2612 locus,
855 2579 937 2606 etiam

143 2613 216 2647 apud
231 2615 408 2649 Augustulum
422 2621 542 2646 mancus,
555 2619 583 2641 ut.
597 2615 627 2641 τὸ
641 2614 739 2648 factum
749 2618 797 2646 est,
809 2613 879 2647 quod
894 2620 938 2641 se-

144 2649 196 2675 mel
212 2653 328 2682 tantum,
340 2649 451 2677 sednon
463 2649 558 2677 eodem
569 2649 600 2676 -in
625 2650 683 2677 loeo
699 2650 769 2684 apud
795 2654 939 2683 utrumque

144 2682 260 2715 positum
272 2690 341 2716 erat,
358 2685 428 2718 apud
442 2689 586 2719 utrumque
599 2689 746 2719 repetatur,
770 2689 851 2719 atque
870 2683 940 2711 alter

143 2717 219 2745 alteri
233 2719 352 2746 subsidio
360 2722 403 2746 sit.
417 2718 513 2750 Gaui..
535 2748 542 2753 ,

179 2752 249 2780 laid.
261 2752 374 2787 Fecerit,
392 2758 446 2782 etc.
462 2755 518 2787 Δ1.,
534 2754 632 2788 fecerit.
646 2754 756 2782 Factum
768 2758 805 2782 est
817 2752 898 2787 iet-2,
910 2757 942 2781 itt

143 2788 369 2817 excitorum-,Ata
385 2787 486 2816 Fecerit
495 2810 503 2821 ,
516 2790 612 2825 factum
620 2795 668 2823 eet,
674 2792 712 2818 ita
719 2794 748 2817 ut
755 2789 864 2817 Samuel
873 2788 943 2817 ezoi-

144 2825 251 2854 tnretur.
268 2825 356 2851 minus
369 2823 572 2852 herremanus
582 2826 610 2852 in
630 2832 692 2853 nota
700 2825 806 2853 videtur
815 2824 941 2853 votuit-ee

145 2855 261 2890 Quolibet
273 2858 340 2886 enim
350 2859 426 2886 modo
437 2860 525 2895 fecerit
538 2859 587 2888 hoc
600 2860 655 2895 itte,
667 2862 766 2898 [utum
774 2864 822 2890 ut.
830 2860 942 2890 intexta

937 2918 947 2932 θ

996 1609 1138 1643 patiantur)
1151 1629 1158 1640 ‚
1179 1610 1278 1636 occulto
1304 1615 1432 1643 apparatu
1462 1611 1643 1645 mysteriorum
1666 1619 1785 1645 suorum,

996 1655 1072 1681 etiam
1086 1655 1216 1689 spiritibus
1232 1656 1326 1682 talibus
1347 1656 1443 1690 aliquid
1459 1656 1624 1684 divinationis
1645 1658 1784 1692 impertiat,

995 1700 1094 1735 ctquod
1105 1700 1213 1726 audiunt
1227 1700 1258 1726 ali
1273 1701 1368 1736 anqclis
1380 1701 1549 1735 pra-nuntient
1561 1701 1715 1728 hominibus.

1030 1747 1056 1773 9.
1080 1746 1189 1773 Tantum
1203 1751 1286 1773 autem
1300 1747 1417 1779 audiunt,
1430 1751 1554 1782 quantum
1569 1748 1683 1774 omnium
1696 1748 1785 1774 Domi-

993 1800 1042 1819 nus
1053 1797 1128 1826 atque
1141 1791 1285 1818 moderator
1307 1792 1345 1818 vel
1356 1792 1438 1826 jubet,
1454 1792 1492 1818 vel
1505 1793 1579 1819 sinit.
1605 1792 1679 1819 Unde
1707 1793 1787 1820 etiam

993 1838 1097 1872 spiritus
1122 1838 1241 1872 pythonis
1270 1837 1296 1863 in
1325 1837 1427 1863 Actibus
1455 1837 1630 1871 apostolorum
1655 1842 1786 1865 attestatur

997 1882 1079 1909 Paulo
1092 1882 1217 1917 apostolo,
1234 1886 1257 1909 et
1272 1883 1426 1917 evanqelista
1441 1890 1494 1909 esse
1508 1888 1614 1909 conatur
1644 1882 1712 1917 (Act.
1727 1890 1783 1916 xvi,

994 1928 1050 1964 16).
1067 1927 1176 1955 Miscent
1191 1928 1233 1954 isti
1248 1933 1331 1954 tamen
1342 1928 1470 1963 fallacias,
1484 1932 1508 1955 et
1526 1936 1622 1960 uerum,
1636 1929 1703 1964 quod
1714 1936 1787 1956 nosse
1823 1950 1832 1967 3

993 1978 1140 2011 potuerunt,
1153 1982 1206 2001 non
1231 1974 1339 2001 docendi
1365 1975 1446 2009 maqis
1471 1982 1548 2008 quam
1574 1974 1719 2006 decipiendi
1735 1974 1786 2008 fine
1823 1993 1826 1996 .

994 2021 1170 2055 pronuntiant.
1189 2019 1221 2046 Et
1235 2020 1298 2053 forte
1313 2020 1360 2046 hoc
1374 2024 1410 2046 est
1424 2019 1492 2052 quod
1506 2027 1563 2046 cum
1576 2019 1623 2045 illa
1637 2019 1722 2054 imaqo
1737 2019 1787 2046 Sa·
1820 2035 1832 2055 T

994 2066 1085 2093 maelis
1099 2066 1205 2093 Saulem
1217 2065 1534 2101 proediceretmoriturum,
1546 2064 1628 2101 529
1635 2064 1700 2091 dixit
1710 2064 1786 2092 etiam
1800 2082 1802 2085 -
1822 2063 1832 2092 ,1

994 2121 1078 2140 secum
1093 2113 1217 2148 futurum,
1231 2111 1300 2146 quod
1315 2111 1401 2146 utique
1416 2110 1511 2145 falsun'c
1525 2115 1571 2137 est.
1821 2101 1832 2111 ι

994 2189 1093 2221 omisit,
1123 2189 1170 2215 hoc
1185 2189 1238 2222 itte,
1265 2189 1335 2224 quod
1350 2192 1423 2216 certe
1442 2188 1622 2216 necessarium
1649 2194 1703 2215 non
1730 2191 1783 2216 est.
1821 2186 1832 2209 ἲ

998 2226 1083 2252 Anev.
1821 2233 1832 2256 ‚¹

1034 2261 1061 2286 t.
1084 2259 1145 2286 Non
1157 2259 1304 2286 conturbat.
1315 2258 1376 2286 Non
1386 2258 1530 2294 perturbat,
1546 2258 1616 2292 apud
1641 2257 1784 2292 Augustin:
1820 2259 1823 2268 '

998 2301 1026 2322 et
1037 2295 1153 2322 Euenor.
1165 2295 1260 2321 Gntn..
1804 2317 1809 2328 ,

1033 2330 1059 2357 ὓ.
1076 2329 1129 2356 Illa
1145 2337 1240 2364 quoque
1252 2329 1381 2362 flymenta.
1396 2328 1435 2355 lt'a
1449 2328 1518 2362 apud
1529 2327 1638 2362 August.
1648 2327 1675 2354 in
1689 2331 1783 2362 quaest.

997 2365 1029 2392 aa
1045 2364 1199 2392 Dulcitium.
1212 2362 1271 2390 1tlaee
1285 2371 1385 2398 quoque
1405 2363 1508 2399 efflatas,
1524 2362 1594 2398 apud
1618 2362 1741 2390 eumdem
1755 2362 1784 2390 in

997 2400 1059 2427 libr.
1072 2401 1104 2426 ad
1116 2398 1282 2432 Sitnplician.
1297 2398 1392 2425 Gutta..

1031 2435 1058 2462 7.
1079 2433 1256 2470 Τναηεβριιναι
1267 2441 1294 2460 se
1305 2433 1332 2460 in
1347 2433 1474 2468 anqelum.
1488 2433 1524 2461 lta
1535 2434 1647 2469 August.
1662 2433 1695 2460 ad
1710 2432 1785 2461 Sim-

995 2471 1058 2505 plic.
1074 2469 1251 2504 Tramfiqurat
1264 2476 1291 2495 se
1303 2468 1371 2495 velut
1383 2469 1513 2504 angelum,
1529 2469 1561 2496 ad
1570 2468 1667 2496 Daton.
1683 2467 1782 2496 Gnm..

1030 2505 1100 2531 lbid.
1115 2503 1231 2531 Grialius
1241 2504 1267 2530 in
1282 2504 1378 2531 somnis
1396 2505 1483 2538 proin
1496 2505 1614 2535 somniis:
1637 2508 1665 2532 οἱ
1677 2511 1704 2531 ιι
1714 2502 1783 2530 velut

992 2540 1122 2576 angelum,
1139 2539 1260 2572 quamvis
1271 2539 1297 2566 in
1309 2543 1369 2566 nota
1385 2538 1512 2573 praelerre
1522 2539 1646 2568 videatur
1656 2546 1683 2566 se
1693 2539 1721 2565 in

1023 2578 1088 2603 lum.
1104 2577 1189 2601 Anev.

991 2584 1054 2639 ⁹⁶8.
1076 2609 1162 2637 Etiam
1174 2617 1218 2644 per
1231 2609 1333 2644 infimos
1359 2609 1524 2644 infernosque
1536 2609 1643 2644 spiritus
1668 2608 1783 2644 attqm

992 2654 1046 2674 ver.
1060 2653 1150 2686 coqu..
1161 2645 1302 2686 utrobique
1317 2644 1491 2680 Augustinus.
1503 2644 1557 2672 Per
1565 2644 1682 2679 infirmos
1691 2651 1723 2671 εκ

993 2679 1595 2756 ”witti‘tt353⁸51.·31⁹x‘.¹.gi.23l2.’.3‚¹¹.·2²m·
1604 2695 1736 2750 sarm

995 2752 1059 2784 Atii,
1075 2751 1179 2786 infimos
1188 2753 1342 2786 inferosque.
1363 2752 1449 2779 Anu.
1714 2767 1717 2771 ·
1747 2755 1765 2782 ‘,

1033 2787 1103 2815 tln’ct.
1119 2785 1171 2813 Pro
1183 2787 1363 2822 mysteriorum
1377 2785 1493 2828 puttam
1499 2785 1560 2815 uss,
1581 2782 1731 2827 napulie-12

997 2823 1062 2850 bent
1073 2821 1289 2884 mingsteriorum
1303 2826 1332 2851 nt
1347 2822 1492 2857 mutueris
1501 2818 1696 2861 prusciam&
1715 2856 1723 2860 ,

995 2857 1114 2892 piantur.
1149 2862 1212 2885 ner.
1547 2859 1550 2862 ’
1610 2870 1613 2872 -
