1832 3016
135 156 188 185 615

133 265 164 285 se
183 258 294 291 quisque
308 254 397 284 sumit,
410 253 516 288 quando
540 261 587 288 per
606 254 712 288 dignam
736 253 921 288 poenitentiam

133 310 179 330 sua
191 308 270 335 prava
286 300 353 327 iacta
364 300 534 326 condemnat.

169 345 194 372 t.
207 345 365 372 Amaritudo
375 344 538 379 poenitentitc
548 343 608 371 iacit
617 344 746 377 animum,
756 349 783 372 et
797 353 844 372 sua
857 345 923 372 sacta

133 391 256 418 subtilius
264 391 409 423 discutere,
418 389 519 416 etdona
530 388 588 421 Dei,
598 396 657 423 quae
666 391 837 423 contempsit,
854 391 925 417 tlen-

133 438 167 464 do
182 442 402 463 commemorare.
419 434 491 460 Nihil
513 438 600 461 autem
625 435 699 469 peJus
717 442 796 469 quam
818 436 923 470 culpam

133 489 289 516 agnoscere,
307 488 357 507 nec
369 479 478 507 deflere.

168 529 194 555 5.
215 526 351 561 Duplicem
368 526 468 554 babere
492 526 572 553 debet
586 526 677 554 fletum
709 527 734 553 in
767 527 923 560 poenitentia

133 575 219 602 omnis
230 578 354 608 peccator
367 594 374 605 ‚
401 574 458 600 sive
480 574 540 607 quia
558 581 606 608 per
621 574 810 608 negligentiam
826 574 923 600 bonum

133 630 186 650 ιιοιι
202 622 272 654 fecit,
289 629 336 648 seu
350 621 411 655 quia
426 621 524 647 malum
536 628 584 655 ρει·
597 620 734 647 audaciam
749 621 921 655 perpetravit.

133 668 207 700 Quod
220 667 290 694 cnim
306 666 423 701 oportuit
438 674 491 694 non
505 666 588 702 gessit
600 675 607 699 ;
622 670 650 693 et
663 666 746 701 gessit
761 667 832 701 quod
845 673 925 702 agere

132 720 185 739 non
209 712 335 745 oportuit.

169 758 194 784 (i.
214 758 259 784 lile
274 757 458 792 poenitentiam
483 758 564 793 digne
578 759 642 792 agit,
657 766 702 792 qut
717 763 820 786 reatum
846 766 923 786 suum

133 803 314 830 satisfactione
326 803 441 837 legitima
456 804 567 838 plangit,
580 804 795 835 condemnando,
809 803 921 835 scilicet,

133 855 163 874 ac
179 847 302 874 deflendo
316 855 375 881 quse
389 847 483 882 gessit,
510 852 584 874 tanto
604 849 630 874 in
655 848 818 882 deplorando
833 847 924 881 prosu-

133 895 198 927 ειυς,
216 899 316 929 quanto
331 894 435 920 exstitit
447 894 474 920 in
491 894 625 927 peccando
641 894 798 928 proclivius.

169 939 196 967 7.
226 939 270 966 llle
287 938 470 972 poenitentiam
485 939 565 973 «tigne
579 940 644 974 agit,
662 940 707 973 qui
735 940 774 966 sic
789 940 924 973 praeterita

133 986 203 1011 muta
216 984 348 1019 deplorat,
364 985 444 1019 210
451 989 479 1010 ut
492 984 579 1011 lutura
594 987 751 1014 iteruntnon
763 985 922 1012 committat.

133 1031 199 1057 Nam
215 1031 259 1065 qui
276 1031 377 1064 plangit
392 1035 542 1065 peccatum,
562 1036 588 1058 et
610 1031 707 1057 iter-um
729 1031 844 1057 admittit
863 1039 926 1065 pec·

134 1081 235 1108 catum,
260 1076 336 1110 quasi
362 1077 384 1103 si
399 1077 458 1110 quis
483 1077 552 1103 lavet
578 1076 686 1103 laterem
705 1076 828 1108 crudum.
845 1084 924 1111 quem

134 1127 234 1158 quanto
246 1122 329 1156 magis
342 1122 447 1154 eluerit,
465 1127 538 1149 tanto
553 1122 668 1156 amplius
683 1123 766 1149 lutum
782 1122 853 1150 tecit.

170 1170 196 1196 8.
212 1170 336 1203 Quamvis
350 1170 463 1204 quisque
477 1170 511 1197 sit
527 1174 661 1204 peccator,
682 1175 709 1197 et
730 1170 838 1205 impius,
854 1171 876 1197 si
893 1170 924 1197 ad

134 1216 318 1251 poenitentiam
344 1220 515 1244 eonvertatur
525 1237 532 1250 ‚
561 1217 690 1251 consequi
714 1224 794 1251 posse
821 1217 926 1244 veniam

135 1263 262 1290 creditur.
512 1292 515 1296 ,

171 1310 197 1336 9.
217 1308 309 1335 Nullus
322 1307 355 1334 de
371 1307 488 1334 bonitate
515 1307 562 1334 Dei
577 1308 689 1340 dubitat,
706 1308 752 1335 sed
777 1308 834 1335 sola
858 1308 926 1335 acci-

135 1354 264 1389 pientium
275 1353 391 1386 pravitas
403 1352 521 1380 cont'erri
535 1353 585 1379 sibi
600 1353 791 1387 indulgentiam
803 1353 925 1387 abnegat.

172 1401 215 1427 ¹0.
248 1399 276 1425 ln
303 1399 352 1426 hac
381 1399 435 1425 vita
463 1399 627 1425 tantumdem
660 1398 827 1433 poenitentiae
857 1402 928 1432 patet

135 1445 249 1472 libertas
263 1453 269 1477 ;
284 1449 344 1479 post
358 1450 472 1472 mortem
488 1452 552 1472 vero
568 1445 666 1471 nullam
682 1445 856 1472 correctionis
867 1452 927 1472 esse

135 1493 270 1520 licentiam
296 1492 437 1527 (constat).
467 1492 596 1522 Undeet
621 1492 749 1519 boninus
775 1492 838 1519 dicit
853 1500 859 1518 ε
884 1491 928 1518 Με

137 1543 235 1573 oportet
260 1539 361 1572 operari
387 1546 464 1571 opera
487 1539 542 1572 ejus
557 1539 599 1572 qtti
616 1546 655 1564 me
671 1538 751 1570 misit,
774 1539 852 1564 ‹tonec
874 1537 927 1564 «ties

136 1589 188 1616 est;
203 1584 284 1611 veniet
307 1589 391 1610 autem
411 1591 471 1615 nox,
495 1583 598 1616 quando
622 1591 697 1610 nemo
720 1588 801 1618 potest
825 1583 963 1618 operarie
979 1585 1031 1612 fusi
1052 1590 1113 1612 sunt
1130 1593 1184 1612 non
1206 1586 1372 1620 poenitcndo,
1387 1586 1433 1613 sed
1450 1593 1542 1620 poenas
1557 1585 1665 1613 luendo.

135 1629 226 1664 (loun.
247 1636 282 1661 tx,
299 1629 339 1663 4).
368 1628 434 1655 llinc
448 1632 475 1654 et
498 1628 627 1663 propbeta
643 1637 649 1654 :
667 1628 742 1661 Date,
760 1629 855 1663 inquit,
874 1629 927 1655 Do·

135 1676 205 1702 mino
217 1674 271 1702 Deo
286 1679 366 1701 uestro
379 1674 498 1709 gloriam,
510 1679 645 1709 antequam
656 1674 808 1701 tenebrescat
819 1673 925 1709 (Jerem.

136 1728 195 1753 xut,
211 1720 255 1755 16)
268 1729 275 1752 ;
289 1720 314 1747 id
330 1724 382 1752 est,
398 1725 540 1754 antequam
562 1727 633 1747 mors
647 1724 747 1747 :eterna
770 1721 925 1755 praeveniat.

136 1764 164 1791 ln
193 1765 242 1791 ltac
266 1765 317 1791 vita
348 1765 411 1791 dum
437 1765 502 1792 estis
514 1785 522 1798 ,
549 1765 633 1792 Deum
663 1773 710 1800 per
741 1765 927 1800 poenitentiam

137 1809 293 1844 glorificate.

174 1856 218 1883 11.
236 1855 330 1882 Adbuc
344 1855 370 1882 in
385 1855 434 1882 ltoc
450 1856 548 1883 saecuto
561 1856 744 1890 poenitentiam
756 1859 928 1891 operantibus

139 1901 186 1928 Dei
202 1902 384 1929 misericordia
398 1902 531 1929 subvenit.
551 1903 578 1929 ln
594 1902 684 1930 futuro
698 1908 784 1931 autem
807 1904 861 1938 jam
877 1912 929 1931 non

138 1956 294 1983 operamur,
308 1948 355 1975 sed
367 1950 498 1975 rationem
512 1954 664 1976 nostrorum
675 1957 785 1983 operum
796 1951 928 1985 ponimus.

177 1993 220 2020 12.
243 1994 295 2020 Per
325 1994 350 2020 id
376 1994 573 2021 deteriorantur
589 1994 745 2029 plerumque
771 1995 866 2030 iniqui,
883 2003 931 2030 per

138 2041 208 2073 quod
222 2047 269 2073 per
284 2040 439 2074 patientiam
468 2041 512 2067 Dei
538 2041 656 2075 spatium
680 2040 814 2076 accipiunt
839 2048 930 2068 emen·

139 2084 220 2110 dandi
234 2092 240 2116 ;
270 2093 322 2118 qua
350 2086 388 2112 illi
422 2093 498 2113 mora
531 2087 637 2114 vivendi
664 2094 717 2114 non
753 2091 863 2114 utuntur
898 2086 930 2113 ad

140 2150 155 2167 a
169 2141 277 2167 Domino
292 2142 458 2176 corripimur,
469 2146 494 2168 ut
507 2151 558 2168 non
571 2151 628 2169 cum
639 2144 687 2169 ltoc
707 2144 803 2170 mundo
826 2143 930 2169 damne-

139 2184 206 2203 mur.
223 2176 330 2203 Lottsa.

181 2211 208 2237 t.
225 2212 263 2238 Ex
279 2212 403 2246 Gregor.‚
420 2211 467 2238 lib.
484 2220 529 2239 vin
554 2211 647 2238 Moral.
679 2219 738 2246 cap.
763 2213 806 2239 tt.
821 2212 929 2240 Loust.

179 2247 204 2273 7.
221 2247 269 2274 Est
283 2248 351 2280 apud
364 2247 483 2280 Magistr.
497 2252 566 2273 sent.
585 2248 630 2274 lib.
647 2254 685 2279 lv,
701 2248 728 2273 d.
748 2246 780 2274 14
802 2253 832 2274 ει
851 2247 929 2274 Sma-

141 2281 229 2316 ragd..
241 2289 300 2316 cap.
313 2281 330 2307 4
341 2282 367 2308 iu
386 2283 449 2315 lleg.
468 2282 552 2308 sancti
567 2281 713 2308 Benedicti.
729 2282 763 2308 Et
778 2282 804 2309 in
823 2282 931 2308 decreto

142 2318 272 2350 Gratiani,
290 2317 352 2343 dist.
367 2317 395 2350 ὅ,
412 2325 471 2350 cap.
484 2317 512 2349 9,
530 2317 567 2342 sic
591 2317 704 2343 habetur
720 2325 726 2342 ε
745 2316 796 2342 Ille
806 2317 930 2349 poeniten-

142 2353 204 2378 tiam
219 2352 294 2386 (ligne
305 2353 370 2387 aqu,
386 2353 430 2387 qui
444 2359 502 2386 quoe
511 2351 649 2384 conmisit,
663 2352 700 2377 sic
723 2353 851 2384 preterita
862 2351 931 2377 mala

142 2387 271 2421 deplorat,
296 2392 323 2413 ut
338 2389 428 2422 sutura
455 2387 545 2413 iterum
558 2394 607 2413 non
633 2387 790 2418 committat,-
806 2394 866 2413 nam
888 2387 932 2420 qui

143 2423 240 2457 planqit
257 2427 397 2457 peccatum,
413 2425 436 2448 et
459 2422 550 2448 iterum
573 2422 684 2448 admittit
706 2425 846 2456 peccatum,
859 2421 932 2457 quast*

143 2459 165 2484 si
178 2458 234 2492 quis
248 2458 311 2484 lavet
323 2457 426 2484 laterem
440 2457 557 2488 crudum.
570 2457 628 2491 quia
639 2457 822 2493 quantomagis
832 2457 930 2488 laverit,

145 2498 215 2519 amato
226 2496 306 2528 magis
327 2493 408 2520 lutum
431 2492 502 2527 facit.
525 2491 608 2527 llnjus
630 2492 740 2519 canonis
754 2491 893 2519 lectionem
916 2498 931 2517 a

145 2528 210 2554 viris
222 2528 384 2555 doctissimis
393 2535 491 2563 magno
505 2528 594 2554 studio
607 2531 635 2554 et
649 2533 772 2554 accurata
794 2525 930 2562 diligentia

145 2568 312 2598 perspectam
328 2563 355 2590 in
379 2570 484 2590 summo
509 2563 568 2590 loco
594 2562 690 2589 habeo.
713 2562 813 2590 Tamen
835 2567 932 2595 ponem

145 2598 260 2625 aliorum
277 2599 404 2626 Codicum
420 2597 559 2630 lectiones,
584 2603 613 2625 ut
635 2598 730 2624 doctus
755 2597 838 2624 lector
851 2595 932 2624 intel-

145 2633 212 2668 ligat
232 2641 277 2662 me
290 2641 396 2668 quoque
411 2634 437 2660 iu
452 2633 640 2661 emendatione
653 2632 732 2667 liuius
753 2631 812 2660 libri
826 2638 931 2661 omnem

147 2675 238 2695 curam
250 2674 277 2697 et
291 2669 408 2697 studium
433 2667 598 2696 adhibuisse.
623 2668 692 2696 Sunt.
715 2668 784 2702 apud
811 2674 855 2694 me
878 2666 932 2693 duo

147 2702 232 2730 Codd.
247 2705 372 2732 verendae
385 2704 559 2738 antiquitatis.
574 2704 642 2730 alter
652 2710 685 2731 ex
698 2702 859 2731 bibliotheca
870 2708 932 2728 san-

144 2743 195 2765 ctae
208 2743 236 2766 et
252 2745 371 2773 augustat
379 2739 506 2767 Ecclesia
515 2738 662 2771 Toletanae‚
673 2738 851 2773 scriptusaern
863 2734 929 2769 85&

145 2773 214 2800 alter
229 2781 263 2800 ex
274 2773 371 2809 insigni
386 2773 500 2809 collegio
515 2774 641 2802 ovetensi
656 2773 727 2807 apud
741 2771 931 2807 salutaticom

145 2807 294 2841 antiquior.
303 2815 414 2844 uterque
422 2809 520 2837 litteris
531 2808 714 2844 Longobordts
727 2809 756 2837 in
770 2812 931 2844 pergameno

146 2845 272 2876 scriptus,
284 2844 328 2876 qni
343 2843 383 2870 sic
393 2843 492 2871 nabent
507 2851 515 2871 :
528 2843 580 2871 itta
591 2844 766 2878 munaum
778 2842 856 2880 :tique
864 2842 929 2878 opit·

147 2876 191 2912 qut·
203 2877 240 2904 sic
249 2878 380 2912 proetertta
391 2878 462 2906 mala
477 2877 603 2914 deplorat,
617 2882 646 2906 ut
662 2880 754 2913 {utun
770 2878 864 2908 m
874 2885 928 2906 και

665 152 693 179 S.
715 149 840 179 tstnottt
861 150 1078 182 tttst‘ALENSts
1098 153 1251 182 Eptscot‘t

134 222 150 240 a
165 213 218 240 Deo
229 209 400 238 damnatione
413 211 550 242 perpetua.
562 207 638 235 Tune
648 212 736 235 autem
748 208 878 242 judicium
890 208 924 236 de
936 210 963 241 Α
978 188 1174 244 poenitentiam,
1199 211 1246 238 sed
1268 210 1301 238 ad
1317 209 1445 246 peccandi
1458 213 1590 244 usurpant
1615 210 1772 241 audaciam.-
1803 205 1805 243 J

939 898 963 928 B
1012 899 1057 927 tt.
1072 899 1100 926 Si
1121 899 1227 932 quando
1248 899 1361 934 quisque
1383 907 1495 934 peccare
1515 904 1615 933 potest,
1641 900 1766 933 poenitet,
1814 896 1819 900 ’

977 256 998 282 Α
1019 256 1090 282 malo
1101 260 1190 284 autem
1202 257 1228 283 in
1241 257 1360 284 deterius
1370 257 1453 288 vadit,
1479 256 1524 290 qui
1538 260 1644 290 tempus
1657 256 1708 284 sibi
1731 257 1766 286 ad

977 301 1160 335 poeniterrdunt
1186 302 1331 336 indultum,
1346 302 1379 329 ad
1404 301 1557 330 libertatem
1581 302 1655 337 pravi
1675 303 1767 338 “puis
1800 311 1806 331 t

975 348 1065 374 vertit.
1803 338 1805 347 ⁴

1013 393 1057 420 15.
1075 393 1212 422 Festinarc
1223 395 1304 423 debet
1317 396 1349 422 ad
1360 395 1444 423 Deum
1457 395 1611 430 poenttendo
1622 395 1766 431 unusquis-

975 447 1027 474 que
1040 439 1103 466 dum
1120 442 1199 476 211
1217 445 1320 476 potest,
1345 450 1388 475 ne,
1413 442 1436 469 si
1450 442 1512 469 dum
1533 445 1621 476 potest
1639 441 1765 475 noluerit,

976 492 1034 511 cum
1047 485 1123 512 tarde
1137 486 1261 519 voluerit,
1273 487 1383 514 omnino
1398 495 1451 514 non
1467 488 1560 522 possit.
1576 487 1692 514 Proinde
1706 494 1766 522 pro-
1789 490 1796 503 0
1818 479 1825 508 ἶ

976 530 1057 566 pheta
1081 532 1139 558 ait:
1165 533 1276 566 Quoert'te
1299 533 1446 567 Dominum,
1465 533 1527 560 dum
1550 534 1656 561 inveniri
1675 537 1765 568 potest,
1790 507 1801 565 t

974 576 1091 604 invocate
1102 585 1171 610 eum,
1188 578 1249 604 ditm
1264 586 1341 613 prope
1352 583 1391 605 est
1403 577 1481 614 (lsai.
1496 586 1541 609 ιν.
1557 577 1598 612 6).
1621 579 1652 605 Et
1667 578 1711 606 ubi
1727 578 1768 605 itt-
1789 577 1801 619 1
1819 591 1822 594 ⁴

975 622 1059 650 veniri
1071 627 1167 657 potest,
1182 624 1232 650 nisi
1248 624 1275 650 in
1290 623 1340 651 hac
1352 625 1417 656 vita,
1430 624 1456 651 in
1478 631 1529 658 qua
1547 623 1626 651 etiarn
1641 628 1668 651 et
1687 631 1768 659 prope
1795 629 1798 635 ¹

975 669 1152 696 estornnibus
1166 669 1352 697 invocantibus
1364 670 1413 697 se?
1434 669 1499 696 Nam
1521 673 1584 697 tunc
1610 670 1665 703 jam
1691 670 1767 704 longe
1790 681 1797 700 t

975 715 1036 748 erit,
1052 715 1161 750 quando
1176 715 1291 742 dixerit:
1312 714 1353 742 Ite
1365 716 1392 742 in
1416 716 1500 750 iqnem
1520 721 1644 742 oeternum
1658 715 1767 751 (Mateta.
1790 707 1798 735 3

975 769 1042 794 ην.
1055 761 1113 796 tt).
1131 761 1207 788 Modo
1218 762 1290 789 enim
1305 769 1357 789 non
1369 762 1483 795 videtur,
1498 767 1524 789 et
1537 770 1621 797 prope
1632 767 1690 795 est;
1705 767 1768 791 tunc
1789 762 1798 806 1

975 806 1121 840 videbitur,
1136 812 1162 834 et
1177 815 1260 842 prope
1274 816 1327 836 non
1340 809 1402 841 erit,
1418 809 1479 842 quia
1502 808 1585 836 videri
1612 809 1718 842 noterit¹
1742 813 1768 837 et
1812 834 1815 835 .

977 860 1030 880 non
1042 854 1140 888 poterit
1154 854 1277 882 inveniri.
1791 856 1793 860 '

977 945 1110 979 vitamque
1122 952 1197 972 suam
1212 945 1303 972 vivens
1319 945 1352 972 ab
1367 945 1438 972 omni
1453 945 1563 972 crimine
1577 945 1702 980 corrigit,
1715 953 1766 973 non
1813 952 1820 956 ·

976 991 1087 1018 dubium
1102 991 1172 1025 quod
1185 991 1302 1018 moriens
1316 991 1348 1018 ad
1363 996 1489 1018 aeternam
1504 996 1620 1019 transeat
1638 993 1766 1026 requiem.
1815 1006 1818 1007 ν

1013 1036 1056 1063 15.
1071 1037 1121 1070 Qui
1136 1042 1224 1063 autctn
1237 1044 1316 1070 prave
1329 1037 1446 1065 vivendo
1459 1037 1643 1070 poenitentiam
1658 1037 1684 1064 in
1697 1045 1769 1064 mor·
1811 1036 1822 1069 ἶ,

979 1082 1010 1108 tis
1022 1082 1076 1117 agit
1090 1082 1220 1116 periculo,
1235 1083 1303 1109 sicut
1323 1083 1381 1116 ejus
1394 1083 1529 1114 damnatio
1547 1083 1646 1110 incerta
1661 1087 1718 1114 est,
1730 1083 1771 1110 sic

977 1128 1100 1155 remissio
1118 1128 1209 1155 dubia.
1225 1129 1274 1162 Qui
1294 1136 1359 1164 ergo
1376 1130 1448 1164 cupit
1462 1133 1552 1156 certus
1566 1137 1626 1157 esse
1640 1130 1666 1156 in
1683 1134 1771 1158 morte
1812 1130 1815 1131 ⁷

977 1174 1011 1201 de
1023 1175 1186 1209 indulgentia
1196 1195 1203 1207 ,
1215 1183 1296 1203 sanus
1310 1176 1453 1210 poeniteat,
1468 1183 1602 1211 sanusque
1620 1180 1769 1211 perpetrata

978 1219 1096 1247 facinora
1111 1221 1217 1248 defleat.
1811 1241 1814 1243 Α

1014 1265 1057 1293 16.
1074 1266 1143 1293 Sunt
1160 1267 1204 1301 qui
1220 1266 1409 1300 poenitentibus
1431 1267 1602 1294 securitatem
1622 1265 1677 1294 cito
1691 1265 1770 1300 polli-
1820 1258 1821 1261 ¹

978 1316 1082 1344 centur,
1098 1312 1192 1346 quibus
1214 1313 1282 1340 bene
1296 1321 1343 1348 per
1366 1314 1522 1348 proplietam
1538 1313 1634 1340 dicitur
1651 1321 1657 1339 z
1674 1311 1770 1339 Curam
1811 1345 1816 1349 ,

979 1358 1156 1384 contritionem
1172 1358 1235 1392 filioe
1252 1360 1340 1394 populi
1359 1360 1408 1386 ‚nei
1421 1368 1479 1386 cum
1494 1360 1646 1394 iqnomt'nia,
1662 1358 1770 1385 dicentes
1820 1383 1821 1389 ,

979 1411 1040 1438 pax,
1057 1412 1119 1438 pax,
1135 1408 1158 1431 et
1172 1410 1268 1431 nonest
1287 1413 1348 1439 pax.
1361 1404 1427 1432 Cum
1444 1406 1588 1440 ignominia
1604 1405 1682 1440 igitur
1696 1408 1771 1432 curat
1807 1399 1817 1418 ἦ

981 1448 1170 1475 contritionem
1184 1469 1190 1479 ‚
1219 1449 1262 1482 qui
1286 1450 1406 1483 peccanti
1424 1454 1451 1476 et
1473 1457 1525 1476 non
1550 1449 1665 1484 legitime
1686 1449 1772 1484 poeni·

980 1494 1046 1521 tenti
1062 1494 1191 1528 promittit
1205 1496 1384 1522 securitatem.
1407 1496 1483 1523 Unde
1498 1500 1526 1522 et
1545 1497 1665 1530 sequitur
1682 1504 1687 1521 τ
1705 1494 1772 1522 Con·

979 1539 1031 1574 suti
1048 1544 1116 1571 sunt,
1137 1539 1196 1574 quia
1214 1541 1425 1567 abominationem
1441 1541 1554 1575 fecerunt
1569 1547 1579 1567 .·
1594 1540 1620 1567 id
1635 1545 1693 1575 est,
1708 1548 1772 1568 con-
1819 1573 1821 1578 λ

1017 1630 1059 1656 17.
1075 1629 1160 1657 Aliter
1182 1626 1254 1658 enim
1279 1630 1451 1657 contunditur
1475 1638 1565 1657 coram
1585 1630 1674 1664 iudice
1698 1636 1769 1662 reus,
1787 1639 1790 1646 ·
1810 1640 1822 1664 ,ς

980 1676 1043 1702 dum
1057 1675 1191 1710 plectitur,
1202 1680 1283 1711 atque
1298 1676 1374 1703 aliter
1383 1675 1428 1710 qui
1442 1676 1476 1702 de
1491 1676 1560 1702 malo
1573 1683 1654 1708 opere
1663 1674 1771 1702 erubes-
1790 1695 1793 1699 <
1811 1687 1821 1712 χ»

981 1729 1044 1750 cens
1069 1722 1221 1756 corripitur.
1244 1722 1291 1749 llle
1314 1723 1403 1755 enim,
1427 1722 1487 1756 quia
1513 1721 1690 1755 reprehensus
1714 1723 1770 1754 est,
1804 1750 1807 1751 .

980 1768 1168 1801 contunditur;
1182 1768 1249 1803 iste,
1263 1766 1324 1804 quia
1336 1776 1364 1796 se
1376 1769 1473 1795 malum
1490 1767 1584 1795 fecisse
1598 1770 1769 1795 memoratur.
1785 1776 1793 1803 ,-
1811 1765 1820 1787 ἒ

1018 1814 1063 1842 18.
1079 1814 1208 1847 Quamvis
1234 1821 1282 1849 per
1306 1814 1489 1848 poenitentiam
1505 1813 1658 1848 propitiatio
1679 1819 1772 1847 pecca·
1811 1835 1820 1841 ⁴,

983 1866 1069 1888 torum
1085 1861 1138 1892 sit,
1153 1860 1211 1887 sine
1234 1866 1307 1887 metu
1324 1864 1411 1887 tamen
1428 1859 1509 1886 Ιιοιιιο
1530 1866 1589 1886 esse
1611 1866 1665 1885 non
1678 1858 1771 1890 debet,
1810 1880 1820 1898 ,Δ

983 1908 1043 1942 quia
1066 1906 1229 1941 poinitentitc
1251 1906 1397 1934 satisfactio
1413 1906 1502 1933 divino
1524 1908 1626 1932 tantum
1645 1907 1773 1939 pensatur
1812 1938 1817 1942 .

981 1951 1092 1986 judicio,
1109 1960 1162 1979 non
1191 1952 1316 1979 humano.
1340 1951 1467 1985 Proinde,
1483 1950 1542 1985 quia
1571 1949 1703 1977 miseratio
1723 1946 1790 1979 uei.

983 1997 1087 2024 occulta
1101 2002 1157 2030 est,
1174 1998 1232 2025 sine
1242 1997 1439 2024 intermissione
1454 1996 1518 2023 sserc
1533 2002 1643 2023 neccsse
1654 1999 1705 2023 est.
1718 1993 1786 2021 Nes
1809 1995 1820 2030 ἢ

982 2050 1033 2077 que
1060 2052 1130 2071 entm
1155 2050 1270 2078 unquam
1295 2046 1401 2077 oportet
1423 2041 1594 2076 poenitentem
1622 2039 1720 2066 babere
1739 2038 1815 2075 «1οῇ

983 2090 1100 2122 peccatis
1123 2089 1305 2117 securitatem.
1335 2088 1402 2116 Nam
1426 2087 1554 2115 securitas
1584 2085 1789 2120 negligentiam·
1812 2083 1816 2094 ’-

984 2140 1779 2214 21²atriti‘tzittat⁴1:2¹:titt:ttetztttztttttttn.
1812 2180 1816 2194 t

984 2215 1102 2247 crudum,
1117 2223 1191 2250 quem
1204 2219 1301 2250 quanto
1322 2213 1405 2248 mauis
1427 2212 1548 2246 abluerit,
1572 2215 1642 2237 tanto
1661 2209 1772 2243 ampliu
1813 2226 1818 2243 5

984 2249 1064 2276 lutum
1078 2251 1149 2284 facit.
1163 2249 1272 2277 Lottst.
1613 2265 1617 2269 ⁴
1639 2279 1645 2285 Ι
1742 2278 1747 2284 .

1019 2284 1087 2312 thid.
1100 2285 1163 2316 Atii.
1174 2284 1248 2316 quast
1263 2283 1327 2309 lavet
1336 2282 1564 2316 lateret-..quanto
1577 2287 1657 2313 meque
1669 2279 1770 2306 laverat.
1791 2283 1799 2314 1
1812 2294 1816 2295 ⁷

984 2318 1049 2346 Vide
1061 2324 1117 2347 not.
1129 2319 1161 2346 ad
1172 2326 1233 2352 cap.
1246 2316 1290 2349 16,
1312 2325 1339 2343 ιι.
1353 2315 1381 2342 3.
1400 2318 1483 2343 Αιιιιν.
1794 2329 1799 2342 .
1814 2318 1817 2322 ·

983 2388 1004 2414 L
1019 2354 1063 2380 10.
1080 2354 1162 2381 Paulo
1176 2353 1255 2380 aliter
1264 2351 1345 2380 estin
1357 2350 1481 2378 Editiotte
1493 2350 1605 2385 Vulgata
1618 2348 1714 2376 Joann.
1730 2355 1758 2376 tx
1794 2363 1797 2397 ε

1004 2395 1090 2415 ostes.
1771 2402 1774 2403 γ

1019 2422 1089 2450 ibid.
1105 2423 1181 2456 vate,
1195 2427 1248 2450 etc.
1273 2422 1358 2449 Locus
1368 2425 1408 2448 est
1421 2421 1521 2448 Jerern.
1538 2427 1599 2453 xtu,
1613 2425 1694 2453 quem
1709 2417 1752 2446 111
1794 2421 1798 2430 ’

983 2465 1112 2492 ronymus
1125 2458 1158 2485 de
1172 2457 1328 2492 captivitate
1349 2456 1522 2491 Babylonica,
1536 2459 1583 2483 aut
1601 2454 1635 2481 tle
1650 2458 1775 2482 extremr·
1792 2453 1796 2464 ’

981 2492 1083 2527 iudicio
1096 2492 1295 2526 interpretatur.
1313 2492 1421 2519 Lottstt.
1747 2503 1750 2507 ·
1794 2499 1797 2523 ξ

1019 2527 1088 2554 Ibid.
1104 2527 1278 2555 Tenebrercat.
1294 2528 1331 2554 lta
1346 2526 1468 2561 Vulgata.
1483 2526 1547 2559 Alii,
1556 2523 1759 2552 contenebrescat

984 2563 1085 2625 {ignata
1102 2563 1206 2590 Loaisae
1220 2562 1388 2590 indicabatur
1401 2569 1464 2596 cap.
1485 2561 1536 2594 ¹2,
1551 2567 1608 2596 ‘pro
1621 2566 1675 2595 quo
1693 2564 1768 2594 pon

1020 2617 1026 2624 .
1069 2606 1131 2625 sev.

1018 2633 1063 2662 15.
1080 2633 1207 2660 flaminio
1221 2633 1310 2660 dubia.
1331 2632 1400 2666 Quia
1417 2631 1526 2659 dubium
1537 2627 1709 2670 cuſsit-V
1744 2640 1746 2644 ¹

982 2668 1050 2700 sius,
1063 2676 1097 2696 an
1109 2668 1155 2710 qui
1169 2669 1287 2696 inst-nte
1303 2668 1400 2695 mortis
1423 2666 1581 2695 discrimine
1588 2669 1703 2700 pomtot

982 2705 1336 2767 ceffipoeffiffltist‘tzssmo
1349 2744 1389 2769 vt.
1403 2734 1646 2778 accounts-tentia
1665 2733 1691 2763 v·
1708 2720 1710 2723 .

982 2781 1018 2810 exv
1026 2774 1089 2802 divo
1104 2775 1268 2810 Hieronymo
1285 2773 1379 2801 deum
1428 2771 1667 2804 ‚abinaam-⁷
1679 2782 1684 2798 t
1697 2783 1718 2798 u:
1741 2798 1744 2801 ,

1018 2808 1090 2837 Im.
1105 2809 1213 2838 Curam.
1225 2809 1371 2844 Alincum>
1441 2811 1497 2842 nte,
1508 2806 1646 2835 aarum&
1671 2815 1682 2827 ν

982 2851 1034 2873 nvn
1045 2849 1101 2872 erm
1110 2852 1164 2880 W
1174 2848 1225 2882 μῦ
1236 2847 1425 2879 ffl'ssbmae
1532 2850 1559 2866 ,κ
1578 2850 1598 2868 m
1612 2848 1736 2902 :amq-..91

1333 2883 1376 2899 '‘t-
1404 2887 1426 2898 ’.ι
1445 2886 1461 2900 u
1476 2885 1601 2906 novt-usus
1641 2885 1677 2904 3}

1101 2951 1116 2964 k
