1832 3016
115 179 148 207 95
360 139 363 140 ⁷
628 169 658 196 S.
678 165 802 196 tstnont
821 163 1041 193 n-tSPALENSts
1063 162 1214 191 Eptscopt
1707 164 1743 194 κ

115 241 222 271 dautur,
235 234 379 271 corporalis
399 231 483 266 magis
503 230 606 258 luxuria
621 235 700 264 quam
711 227 796 254 virtus
811 232 900 253 sacra·
912 225 938 254 A
954 225 1091 259 temporis,
1101 228 1241 259 antequam
1255 224 1317 259 quid
1327 225 1443 257 eveniat,
1460 228 1546 252 metus
1559 230 1585 253 et
1599 226 1742 262 cupiditas3

117 289 264 313 mentorum
279 279 415 313 accipitur.

151 340 210 367 ¹56.
228 336 340 365 Definito
354 334 502 370 prudentiae
515 340 623 367 genere,
640 339 708 358 nunc
724 334 813 366 partes
823 329 902 363 justi-

116 386 159 412 tiae
173 368 354 417 subjiciamus,
370 380 444 415 cujus
460 379 571 413 primum
587 382 627 404 est
642 377 724 404 Deum
740 376 842 408 timere,
860 382 903 402 re·

117 431 240 465 Hgionem
257 427 395 459 venerari,
411 427 539 453 honorem
556 425 654 451 reterre
670 422 839 458 parentibus,
859 429 903 455 pa-

118 477 192 503 triam
204 475 323 510 diligere,
334 473 436 500 cunctis
449 472 583 505 prodesse,
594 478 688 497 nocere
700 470 776 502 nulli,
789 469 902 496 fraterna

117 520 254 547 charitatis
269 518 372 546 vincula
385 518 519 552 amplecti,
532 516 645 551 pertenta
661 516 745 542 aliena
757 515 902 549 suscipere,

118 574 194 599 opem
211 565 279 591 terre
293 564 396 590 miseris
411 585 417 594 ‚
443 563 502 589 boui
518 561 620 596 accepti
634 560 846 588 vicissitudinem
863 568 905 586 re-

119 609 242 645 pendere,
260 609 408 642 aequitatem
421 607 446 633 in
456 606 563 642 judiciis
577 613 747 632 conservare.

156 665 217 692 157.
235 664 372 692 Fortitudo
387 669 427 690 est
440 664 521 690 animi
537 662 704 697 magnitudo,
726 666 804 695 atque
824 661 905 695 gloria

122 711 222 738 belliew.
238 711 350 742 virtutis,
366 714 534 743 contemptus
550 710 678 735 ltouorum
701 712 727 734 ct
745 707 906 735 divitiarum.

122 755 185 782 Haec
196 755 312 781 adversis
324 759 368 781 aut
383 754 514 788 patienter
527 753 605 784 cedit,
619 757 663 779 aut
677 753 780 779 sortiter
797 752 907 785 resistit,

123 800 200 826 nullis
211 799 345 826 emollitur
357 798 499 832 illecebris,
510 798 628 825 adversis
640 806 692 825 non
705 799 841 833 frangitur,
857 805 908 824 uon

122 845 241 872 elevatur
261 845 400 876 secundis,
416 845 511 871 invicta
534 844 617 871 estad
634 844 754 876 labores,
778 843 854 870 sortis
876 844 909 869 ad

123 890 257 924 pericula,
273 890 411 922 pecuniam
426 890 544 924 negligit,
562 889 698 915 avaritiam
712 888 794 922 tagit,
817 894 908 915 contra

124 935 259 969 improbos
273 935 389 961 animum
414 935 447 961 ad
469 935 583 968 pericula
611 938 759 968 praeparat,
783 934 912 961 molestiis

123 980 203 1007 nullis
214 980 295 1013 cedit,
310 980 399 1014 gloriae
413 984 488 1007 cavet
502 979 643 1014 appetitus.

159 1035 220 1062 1⁵8.
242 1036 427 1070 Temperantia
447 1039 488 1062 est.
503 1035 598 1061 modus
619 1035 679 1062 vitae
694 1035 720 1061 in
744 1034 816 1061 omni
830 1035 913 1062 verbo

126 1083 166 1110 vel
178 1090 269 1117 opere.
282 1082 346 1109 ilaec
358 1081 524 1108 verecundiae
535 1087 626 1107 comes
637 1084 687 1114 est,
703 1080 859 1106 humilitatis
871 1087 914 1107 re·

126 1128 214 1163 gulam
227 1126 360 1158 custodit,
379 1125 597 1159 tranquillitatem
612 1125 693 1151 animi
709 1129 813 1156 servat,
828 1125 914 1151 conti-

126 1174 240 1200 nentiam
255 1176 282 1199 et
292 1172 441 1198 castitatem
454 1171 633 1204 amplectitur,
648 1171 719 1198 fovet
735 1171 815 1198 decus
827 1176 852 1197 et
864 1171 913 1198 ho-

127 1222 267 1250 nestatem,
281 1217 416 1251 restringit
430 1217 534 1244 ratione
549 1218 706 1251 appetitum,
720 1217 786 1243 iram
798 1217 913 1250 compri-

128 1264 187 1295 mit,
204 1269 252 1289 nec
266 1261 387 1296 rependit
400 1262 597 1289 coutumeliam.
615 1262 667 1289 Sed
679 1270 710 1289 ex
723 1263 763 1288 liis
775 1263 913 1296 prudentia

128 1309 261 1344 agnitione
271 1307 325 1335 veri
342 1307 499 1340 delectatur,
513 1307 616 1342 justitia
635 1308 805 1336 dilectionem
826 1309 874 1335 Dei
888 1314 916 1335 et

129 1354 240 1389 proximi
255 1357 344 1381 servat
355 1373 363 1385 ‚
379 1352 507 1379 fortitudo
522 1353 575 1379 vim
588 1353 692 1379 virtutis
706 1354 785 1380 hahet
804 1359 914 1381 metum-

127 1406 180 1434 que
195 1399 287 1426 mortis
299 1398 456 1430 contemnit,
475 1398 648 1432 temperantia
659 1398 813 1426 affectiones
827 1400 915 1426 carnis

130 1446 292 1478 moderatur,
309 1448 337 1471 et
351 1444 490 1479 restinguit
506 1445 660 1479 appetitum.
688 1445 773 1471 Prima
789 1446 875 1473 credit
889 1449 916 1472 et

129 1491 268 1526 iutelligit,
283 1491 399 1518 secunda
412 1491 497 1525 diligit
511 1513 518 1525 ,
537 1492 611 1519 tertia
627 1492 773 1525 appetitum
789 1492 895 1519 cohibet
907 1512 915 1525 ‚

130 1541 221 1571 quarta
235 1536 340 1563 modum
356 1537 476 1570 imponit.

493 1593 548 1620 XL.

259 1647 297 1674 De
312 1648 517 1675 distinctionibus
532 1653 641 1682 quatuor
655 1650 785 1678 vitiorum.

166 1704 226 1732 159.
246 1704 344 1732 Contra
360 1705 416 1732 ltaee
432 1710 518 1733 tamen
533 1711 646 1741 quatuor
660 1708 789 1734 virtutum
805 1716 915 1742 genera,

130 1751 237 1777 totidem
253 1751 314 1778 vitia
332 1752 480 1786 philosophi
495 1753 614 1786 opposita
629 1753 721 1780 dicunt
734 1763 740 1780 ε
757 1760 856 1781 metum
867 1776 874 1787 ,
890 1760 917 1782 et

127 1796 250 1830 gaudium
265 1818 272 1829 ,
290 1797 461 1830 cupiditatem
475 1818 482 1829 ,
497 1801 523 1823 ct
535 1797 654 1824 dolorem
668 1806 675 1830 ;
692 1806 740 1825 nos
755 1804 844 1826 autem
858 1800 916 1827 lucc

128 1840 183 1875 ipsa
198 1849 248 1867 nou
264 1842 382 1875 perfecta
399 1842 460 1868 vitia
473 1862 480 1874 ,
496 1842 543 1869 sed
561 1842 649 1869 incilia
663 1851 847 1878 nuncupamus
860 1866 866 1877 ‚
883 1853 915 1873 eo

129 1885 198 1920 qnod
214 1890 321 1919 propter
334 1886 513 1913 diversitatem
531 1894 633 1914 tuorum
655 1888 687 1914 ad
704 1893 845 1924 utrumque
870 1898 916 1924 pa-

130 1934 186 1956 rata
199 1935 260 1956 suut
271 1950 279 1962 ,
295 1934 322 1956 ct
337 1930 416 1957 modo
431 1931 462 1957 ad
479 1931 588 1964 bonum,
603 1933 682 1959 modo
692 1934 724 1960 ad
740 1935 851 1968 malum,
869 1943 917 1971 pro

129 1975 231 2002 arbitrii
246 1975 392 2007 voluntate,
401 1981 548 2003 vertuntur.
561 1977 605 2005 Sic
618 1979 687 2005 enim
702 1981 835 2007 nonnullae
848 1982 916 2009 male

131 2027 185 2046 usae
200 2019 308 2046 virtutes
321 2027 353 2046 ex
367 2027 395 2046 se
413 2022 490 2056 112
505 2021 566 2048 vitia
581 2022 691 2056 gignunt
710 2032 715 2048 2
741 2024 820 2050 veluti
838 2025 860 2051 si
881 2033 915 2053 ex

131 2064 333 2092 mansuetudine
344 2065 475 2091 interdum
490 2071 614 2093 nascatur
626 2071 728 2102 torpor,
740 2072 809 2095 etex
820 2070 917 2104 pietate

131 2109 270 2136 dissolutio
279 2110 437 2144 disciptinae,
447 2111 488 2137 vel
498 2118 530 2137 ex
539 2111 638 2144 iustitia
645 2114 810 2140 crudelitatis
823 2115 918 2142 innno-

130 2155 222 2181 derata
230 2155 356 2181 vindicta.
372 2155 407 2181 lta
418 2160 532 2189 quatuor
540 2157 589 2182 ista
602 2176 610 2188 ,
622 2158 644 2183 si
656 2158 723 2186 bene
736 2164 852 2194 utantur,
866 2163 918 2188 vir-

131 2203 200 2226 tutes
220 2203 299 2231 sunt;
319 2199 359 2226 sin
374 2200 470 2233 minus,
482 2208 514 2227 ex
535 2201 675 2228 virtutibus
696 2203 722 2230 in
743 2205 806 2232 vitia
828 2211 916 2235 trans-

131 2248 203 2272 eunt.

167 2303 228 2330 160.
251 2302 307 2331 noe
319 2302 398 2330 modo
408 2303 534 2338 denique,
546 2311 605 2331 cum
622 2305 734 2340 quisque
748 2308 843 2335 metuit
857 2315 919 2342 pcc-

131 2357 203 2382 care‚
217 2349 260 2377 vel
275 2350 347 2383 cupit
361 2349 505 2376 beatificari
515 2371 522 2383 ,
535 2350 606 2377 dolet
618 2358 667 2384 pro
680 2353 809 2386 peccatis.
821 2355 919 2388 gaudet

132 2396 158 2422 iu
174 2395 252 2422 bonis
265 2395 407 2430 operibus,
421 2394 476 2429 jam
490 2399 544 2422 tum
557 2396 583 2422 111
599 2402 688 2424 motus
701 2418 708 2430 ‚
721 2398 765 2432 qui
780 2399 813 2425 ab
827 2407 918 2428 amore

132 2441 271 2476 studioque
285 2442 433 2476 procedunt
446 2461 453 2474 ,
471 2449 520 2476 pro
533 2442 674 2470 virtutibus
688 2444 864 2478 accipiuntur.
886 2447 919 2473 At

132 2490 233 2519 contra,
249 2486 311 2514 dum
325 2486 438 2521 quisque
452 2491 525 2514 metu
538 2488 645 2515 carendi
659 2496 689 2516 re
705 2489 792 2524 aliqua
812 2494 917 2519 terrena

104 2532 108 2561 ζ
133 2535 250 2563 tenetur,
263 2531 306 2558 vel
317 2531 408 2559 dolore
419 2533 523 2559 amissae
538 2532 577 2560 rei
593 2533 732 2568 frangitur,
747 2535 863 2571 ‹luinque
875 2544 920 2565 re-

134 2583 191 2603 rum
202 2577 388 2612 temporalium
401 2578 546 2612 eupiditate
557 2579 748 2614 inflammatur,
764 2586 810 2609 aut
822 2583 920 2616 gaudio

135 2621 237 2656 adeptas
260 2622 302 2650 rei
326 2623 471 2656 extollitur.
493 2628 556 2652 tunc
570 2632 622 2652 non
648 2626 761 2654 virtutes
781 2628 829 2655 sed
856 2635 920 2657 vere

133 2666 198 2693 vitia
222 2672 416 2703 nuncupantur.
443 2667 483 2696 Ex
507 2668 548 2696 his
572 2673 661 2698 autem
686 2671 740 2699 duo
753 2677 816 2700 sunt
836 2673 919 2703 futuri

171 2742 232 2770 ¹59.
246 2742 381 2778 vti-gntus.
396 2744 444 2771 lib.
456 2751 482 2772 vt
490 2744 598 2773 AEneid.
612 2753 683 2774 vers.
699 2746 752 2775 755
765 2755 773 2774 ε
786 2746 855 2775 Hinc
866 2757 920 2777 me-

139 2781 223 2810 tuunt.
232 2779 393 2820 cupiuntque,
403 2779 677 2821 dolent‚9audentque.
688 2781 802 2811 verbum
816 2789 921 2812 1110111111·

139 2811 791 2889 μῖἳῗῖῗἕ“ὲὶ“ῗιὶῖἓθ.;ῗὲὲῗὲὲὶ’ἷεηὲ“ὣὲψιη».
812 2853 917 2882 ηε...

139 2878 260 2913 undar..
269 2880 378 2916 etp-‚83
389 2888 478 2919 seqq..
500 2883 544 2912 uin
559 2885 645 2915 videri
670 2891 782 2923 ponunt
804 2886 918 2918 smutt-

953 269 1003 296 alia
1024 269 1077 297 duo
1102 270 1238 305 praeteriti,
1264 277 1326 297 cum
1346 269 1408 305 quid
1422 270 1559 303 acciderit,
1580 270 1744 305 gaudium«

954 315 1040 343 dolor.

991 371 1052 399 tot.
1068 371 1134 399 Octo
1144 375 1302 399 suntautem
1314 371 1442 406 perfecta,
1453 372 1496 400 vel
1506 372 1660 408 principalia
1670 374 1746 410 vitia,

955 424 1013 452 quat
1022 425 1102 444 omne
1109 425 1192 452 genus
1204 417 1349 444 humanum
1360 417 1517 453 inquietant,
1525 425 1557 445 ex
1569 418 1666 453 quihus
1676 419 1748 447 vitio-

956 469 1015 489 rum
1027 462 1102 489 turba
1114 462 1232 489 exoritur
1243 462 1361 496 copiosa,
1370 462 1396 489 id
1406 466 1464 489 est:
1476 463 1545 497 gulae
1555 464 1748 499 concupiscen-

957 508 1002 540 tia,
1016 507 1154 534 fornicatio
1165 527 1172 539 ‚
1188 507 1316 540 avaritia,
1332 507 1446 540 invidia,
1459 508 1575 541 tristitia,
1591 509 1645 543 ira,
1661 509 1748 538 inanis

957 554 1048 589 gloria,
1057 553 1200 581 novissima
1209 554 1261 580 dux
1273 554 1329 588 ipsa
1341 558 1366 581 et
1377 553 1471 581 harum
1480 555 1554 582 radix
1561 556 1696 591 superbia.
1706 555 1749 583 Ex

958 601 1053 634 quibus
1066 600 1190 626 omnibus
1201 600 1254 626 duo
1265 603 1328 626 suut
1338 600 1466 632 carnalia,
1476 599 1616 628 fornicatio
1626 601 1750 636 811113111-

958 646 1013 673 vies
1024 646 1138 678 vcutris;
1150 645 1252 679 reliqua
1264 644 1422 679 spiritualia.

995 701 1055 729 102.
1077 702 1141 735 Quae
1161 701 1267 735 quidem
1287 701 1313 728 in
1334 700 1461 728 membris
1481 700 1536 728 suis
1556 701 1645 728 taliter
1658 702 1751 730 distin-

961 753 1084 782 guuntur.
1099 747 1173 773 Gulae
1183 747 1399 781 coucupiscentia
1416 747 1443 773 in
1457 747 1574 782 quinque
1586 747 1673 775 modis
1693 748 1750 776 dis-

962 793 1106 826 tinguitur:
1124 793 1209 826 primo
1237 792 1331 825 modo,
1349 792 1371 819 si
1387 797 1447 819 ante
1474 796 1578 826 tempus
1597 792 1670 820 cibos
1693 793 1753 828 quis

962 843 1078 873 appetat,
1094 838 1162 865 sicut
1176 838 1307 864 jonathan
1323 842 1401 872 gustu
1420 838 1506 865 mellis
1518 838 1647 872 jejunium
1663 838 1752 866 solvit.
1802 835 1808 841 '
1822 843 1832 859 ἔ

964 883 1087 910 Secundo
1099 883 1188 915 modo.
1205 884 1225 910 si
1242 884 1368 911 lautiores
1381 891 1456 911 escas
1469 888 1580 919 quierat,
1592 885 1662 911 sicut
1672 891 1754 919 popu-

965 929 1017 962 lus,
1031 930 1113 956 eremi
1129 937 1223 956 manna
1237 934 1401 964 contempto.
1418 937 1513 957 carnes
1527 930 1668 965 AEgyptias
1691 938 1756 958 con-

964 975 1073 1008 cupivit.
1094 974 1185 1002 Tertio
1210 975 1299 1006 inodo,
1316 976 1338 1002 si
1354 975 1508 1011 diligentius
1523 978 1660 1011 quisquam
1678 983 1753 1004 com-

965 1027 1058 1046 munes
1078 1020 1152 1047 cibos
1174 1025 1310 1054 procuret,
1327 1021 1395 1047 sicut
1411 1021 1457 1048 tilii
1479 1021 1536 1049 lleli
1558 1026 1631 1049 extra
1653 1030 1755 1050 morem

964 1066 1072 1092 crudam
1095 1066 1127 1092 ab
1149 1066 1319 1093 offerentibus
1334 1074 1441 1093 carnem
1457 1067 1595 1101 tollebant,
1611 1075 1690 1102 quam
1706 1068 1758 1096 sibi

965 1112 1113 1138 accuratius
1128 1116 1318 1145 praepararent.
1334 1112 1435 1145 Quarto
1450 1113 1545 1145 modo,
1562 1114 1583 1140 si
1601 1113 1668 1141 vites
1682 1122 1758 1143 escas

965 1158 1074 1185 nimium
1090 1157 1202 1192 quisque
1216 1161 1314 1183 sumat.
1336 1157 1414 1184 Unde
1427 1161 1453 1184 et
1467 1157 1598 1192 propheta
1613 1158 1758 1187 Sodomam

965 1203 998 1230 de
1019 1203 1092 1236 panis
1105 1203 1245 1229 saturitate
1259 1207 1374 1230 accusat.
1391 1203 1488 1237 Quinto
1502 1204 1598 1237 modo,
1613 1205 1635 1232 si
1649 1206 1708 1240 quis
1725 1213 1759 1233 ex

965 1248 1097 1274 desiderio
1119 1247 1294 1282 quodcunque
1318 1252 1421 1281 sumat,
1436 1248 1506 1276 sicut
1521 1249 1590 1276 Esau
1606 1257 1654 1284 pro
1675 1250 1756 1278 lenti-

965 1295 1031 1321 culae
1047 1296 1259 1330 concupiscentur
1274 1296 1389 1331 perdidit
1405 1297 1580 1332 primogenita
1596 1305 1653 1325 sua.

1002 1350 1062 1377 ¹165.
1086 1351 1235 1378 Fornicatio
1251 1360 1356 1386 quoque
1374 1353 1489 1380 trimodo
1511 1361 1610 1388 genere
1628 1354 1759 1383 discerni-

968 1402 1018 1423 tur.
1031 1396 1121 1423 Primo
1131 1396 1250 1430 quidem,
1262 1397 1325 1424 dum
1338 1406 1384 1431 per
1393 1398 1553 1432 voluptatem
1563 1399 1674 1427 luxuriae
1685 1407 1759 1428 com-

968 1443 1057 1469 mistio
1072 1443 1160 1469 carnis
1171 1444 1307 1476 expletur;
1320 1445 1415 1477 altero,
1429 1445 1491 1472 dum
1503 1446 1560 1472 sota
1571 1447 1758 1475 attrectatione

968 1488 1044 1515 luxus
1072 1488 1159 1514 carnis
1187 1496 1234 1522 per
1259 1490 1452 1517 immunditiam
1480 1496 1654 1524 provocatur;
1680 1493 1759 1528 113

969 1535 1049 1561 tertio
1063 1555 1069 1565 ,
1085 1535 1146 1561 dum
1163 1535 1311 1562 intentione
1330 1537 1414 1570 turpis
1433 1538 1600 1571 cogitationis
1623 1544 1753 1567 nocturna

931 1594 955 1626 c
971 1581 1081 1614 quisque
1098 1581 1221 1607 illusione
1243 1581 1380 1615 polluitur.
1405 1582 1453 1609 Est
1475 1587 1502 1610 et
1524 1588 1649 1618 quartum
1672 1592 1757 1620 genus

971 1626 1155 1653 fornicationis
1168 1627 1243 1661 juxta
1261 1627 1426 1661 Scripturam
1437 1648 1445 1661 ,
1460 1629 1558 1662 omnis,
1574 1630 1691 1663 scilicet,
1706 1631 1757 1660 illi-

969 1674 1021 1700 cita
1036 1674 1171 1707 corruptio
1187 1674 1283 1701 mentis
1295 1695 1302 1706 ‚
1320 1674 1390 1701 sicut
1405 1674 1557 1702 idololatria
1576 1681 1602 1702 et
1623 1677 1732 1704 avaritia
1745 1698 1754 1711 ,

969 1727 999 1746 ex
1014 1719 1110 1753 quibus
1122 1719 1149 1745 [it
1161 1720 1344 1753 praevaricatio
1359 1720 1424 1754 legis
1440 1724 1548 1755 propter
1561 1721 1678 1748 illicitam
1689 1730 1755 1750 con-

969 1764 1167 1798 cupiscentiam.

1006 1821 1067 1849 164.
1090 1821 1172 1848 Porro
1186 1821 1293 1848 avaritia
1314 1822 1340 1849 in
1360 1823 1492 1857 geminam
1517 1823 1681 1859 distingutur
1704 1832 1761 1860 poe«

969 1874 1044 1898 nam,
1061 1867 1087 1893 id
1101 1872 1142 1893 est
1157 1868 1182 1894 in
1197 1868 1440 1902 concupiscentiam
1456 1870 1583 1904 augendae
1608 1870 1662 1903 rei,
1686 1875 1710 1898 et
1732 1871 1759 1899 in

969 1917 1069 1939 metum
1093 1911 1132 1939 rei
1157 1913 1288 1939 carendae.
1312 1913 1387 1940 Sicut
1405 1914 1484 1940 etiam
1506 1915 1612 1948 qnidam
1627 1915 1663 1942 ait
1679 1915 1760 1944 :Non

968 1958 1039 1985 enim
1065 1965 1181 1992 unquam
1208 1959 1331 1992 expletur
1359 1966 1445 1993 ncque
1473 1959 1584 1986 satiatur
1608 1960 1761 1995 cupiditatis

968 2003 1035 2030 sitis.
1053 2003 1144 2038 Neque
1162 2003 1247 2030 solum
1273 2011 1303 2030 ea
1326 2011 1384 2038 quse
1412 2005 1510 2032 liabent
1534 2012 1627 2032 amore
1648 2005 1761 2041 augendi

968 2050 1165 2082 excruciantur,
1182 2050 1229 2077 sed
1243 2050 1324 2077 etiam
1341 2050 1478 2077 amittendi
1494 2054 1576 2078 metu.

1006 2107 1067 2134 165.
1089 2108 1146 2142 lpsa
1160 2114 1267 2141 quoque
1282 2106 1382 2133 invidia
1395 2106 1494 2141 duplici
1510 2107 1625 2135 aflicitur
1642 2107 1760 2142 namma,

969 2154 994 2181 id
1011 2159 1051 2181 cst
1063 2173 1071 2186 ,
1094 2161 1154 2180 cum
1168 2158 1213 2180 aut
1227 2153 1331 2180 meliori
1346 2153 1447 2180 invidet
1462 2153 1488 2180 in
1506 2153 1532 2180 id
1549 2154 1618 2188 quod
1634 2154 1691 2188 ipse
1705 2162 1760 2183 non

968 2204 1028 2231 est,
1045 2204 1090 2226 aut
1105 2199 1166 2225 dum
1183 2198 1328 2233 quemlibet
1343 2198 1510 2225 consimilem
1525 2205 1583 2226 esse
1603 2200 1653 2226 sibi
1671 2207 1762 2234 acqua-

969 2246 1021 2272 lem
1035 2244 1116 2271 dolet.

1008 2301 1068 2329 166.
1085 2300 1211 2335 Sequitur
1234 2300 1340 2327 tristitia
1353 2320 1362 2333 ‚
1385 2300 1461 2334 cujus
1483 2300 1531 2327 tria
1555 2305 1619 2329 sunt
1640 2308 1760 2337 genera,

970 2355 1080 2383 quarum
1097 2347 1192 2381 prima,
1209 2349 1238 2372 ut
1251 2346 1287 2372 ait
1301 2345 1442 2372 Cassianus
1454 2366 1462 2379 ‚
1475 2349 1619 2381 temperata
1635 2351 1663 2375 et
1677 2348 1760 2375 ratio-

970 2393 1077 2425 nabilis,
1098 2392 1132 2419 de
1147 2391 1305 2418 delictorum
1330 2390 1495 2425 poenitudine
1520 2391 1648 2424 veniens;
1676 2394 1761 2422 altera

970 2439 1134 2473 perturbata,
1162 2437 1362 2470 irrationabilis,
1378 2437 1412 2466 de
1436 2437 1570 2465 anxietate
1592 2440 1690 2466 mentis
1711 2447 1761 2468 seu

970 2483 1154 2518 desperatione
1168 2486 1336 2518 peccatorum
1350 2482 1492 2515 exoriens;
1505 2482 1584 2510 tertia
1598 2483 1632 2511 de
1652 2484 1759 2512 iracun-

971 2528 1025 2561 dia,
1048 2529 1088 2556 vel
1109 2529 1143 2556 de
1169 2529 1243 2555 illato
1259 2528 1373 2562 damno,
1390 2528 1431 2555 vel
1454 2527 1587 2556 desiderio
1613 2530 1760 2565 praepeditu

973 2575 1129 2609 procedens.

1008 2628 1069 2657 167.
1093 2628 1151 2656 Jam
1165 2635 1230 2656 vero
1244 2628 1330 2656 inanis
1342 2628 1426 2664 gloria
1439 2629 1657 2665 quadripartitam
1681 2630 1762 2660 nabet

969 2675 1134 2710 jactantiam.
1147 2673 1214 2702 Nam
1228 2678 1291 2702 sunt
1310 2674 1356 2710 qui
1376 2674 1475 2703 habent
1488 2675 1559 2704 dona
1574 2680 1603 2704 et
1615 2675 1760 2704 domantem

972 2755 1000 2779 et
1010 2751 1124 2786 copiosae
1149 2754 1219 2779 nota
1230 2751 1343 2779 Loaisae.
1355 2753 1441 2794 Aasv.
1453 2775 1458 2779 .
1718 2785 1723 2793 ‚

1007 2785 1070 2814 toa.
1084 2785 1137 2814 Per
1147 2790 1281 2814 tumorem.
1299 2787 1407 2816 voram
1419 2790 1462 2817 est
1475 2787 1535 2817 itae
1556 2785 1770 2818 muta-um·-

970 2829 1030 2864 rutn
1043 2823 1217 2864 scriptorum,
1229 2826 1258 2850 ut
1272 2822 1434 2866 *superbiam
1447 2825 1581 2854 mn
1589 2825 1595 2830 ’
1604 2822 1756 2868 wilfi&

969 2862 1031 2893 quta
1040 2857 1147 2892 supet-ht
1154 2861 1266 2886 tument.
1277 2858 1365 2887 Διιν.
1599 2864 1603 2873 ·
1759 2869 1767 2884 s

1468 2862 1536 2876 ,1.

1498 2876 1574 2884 1..

1820 703 1832 745 -n
1818 586 1832 688 mnu-fl
