1832 3016
43 101 96 133 805

433 100 656 136 QtJAEsrlotttts
675 100 709 128 ΙΝ
728 100 807 129 Vtar.
827 101 977 131 TESTAM.
997 118 1034 126 —
1051 102 1086 132 ΙΝ
1103 102 1274 143 NUMEROS.

1621 106 1675 136 310

78 159 107 188 2.
130 159 254 195 Alioquin
267 159 289 187 si
304 161 362 193 post
374 161 529 192 perceptum
544 155 694 191 angelicum
709 163 808 183 manna
819 178 828 190 ,
843 158 871 190 Α
883 161 966 186 ctam.
980 159 1077 187 notrus
1091 159 1209 187 retertur
1222 161 1250 187 ln
1261 159 1350 196 ligno,
1363 164 1391 189 et
1402 160 1502 189 Christi
1517 161 1608 197 passio
1620 163 1672 191 ‹le-

0 227 1 235 ,
42 213 104 243 quse
117 210 159 233 est
172 205 289 234 coelestis
302 204 353 232 vita
365 223 374 236 ‚
394 202 452 229 sive
465 201 585 229 doctrina
597 222 604 235 ‚
630 207 722 229 rursus
734 209 830 229 carnes

44 252 184 289 Egyptias
198 253 275 288 (quae
293 254 354 278 sunt
367 249 489 277 carnales
504 249 584 284 hujus
603 249 694 277 saeculi
709 249 816 285 volupta

43 297 97 335 tes)
109 295 376 332 “concupiscentias
391 295 563 329 pristinorum
585 303 689 323 morum
715 296 817 324 volneri

43 352 103 372 mus
117 347 251 379 appetere.
263 341 416 369 vorabimus
426 348 564 376 nauseam,
576 346 604 370 et
615 342 705 369 statim
721 343 827 371 Domini

42 391 104 427 igne
125 388 322 424 torquebimur,
335 387 552 423 desideriumque
573 394 693 416 nostrum
710 394 825 417 vertetu.

42 436 70 463 in
87 435 217 466 tumulos,
238 437 267 460 ut
285 434 371 460 simus
392 433 514 468 sepulcra
527 434 650 461 dealbata
663 454 670 467 ,
692 442 751 469 quae
762 434 829 462 forts

41 484 167 517 apparent
176 479 327 507 bominibus
337 479 419 515 440
426 481 558 514 speciosa,
568 480 639 507 intus
650 484 739 508 autem
750 481 828 515 plena

40 532 103 555 sunt
115 525 221 554 ossibus
236 530 402 553 mortuorum
414 545 422 558 ‚
437 531 464 553 et
479 527 552 554 omni
567 527 704 561 spurcitia.

73 572 101 601 3.
120 572 148 600 ln
160 572 210 600 bac
220 572 359 600 mansione
373 572 512 600 descendit
532 573 643 607 spiritus
663 581 745 607 super
765 581 828 608 sep-

40 618 156 654 tuaginta
173 618 245 645 viros
260 619 370 651 electos,
388 623 414 646 et
430 623 492 646 tunc
509 619 637 647 Dominus
651 619 788 647 descendit
801 619 828 647 in

38 665 109 693 nube
120 685 128 698 ‚
144 669 171 692 et
183 665 295 692 retraxit
310 665 344 692 de
355 666 450 700 spiritu
467 666 510 700 qui
524 670 582 693 erat
602 673 683 700 super
698 666 805 702 Moysen
819 687 827 699 ,

38 714 66 739 et
87 711 213 745 imposuit
235 718 315 745 super
342 711 507 745 septuaginta
534 711 614 739 viros.
644 712 828 739 Descendente

37 757 108 785 enim
129 757 156 784 in
175 757 245 784 nube
264 757 351 784 carnis
368 756 475 785 Christo
489 778 497 791 ,
518 757 612 784 diffusa
627 762 667 785 est
687 766 734 792 per
749 759 827 786 iidem

38 805 153 840 Spiritus
167 804 251 832 sancti
266 804 349 838 gratia
364 812 445 839 super
459 805 571 840 populos
583 826 591 839 ‚
612 813 645 832 ex
661 806 827 840 septuaginta

882 209 1057 233 monstratur.
1075 205 1220 234 Murmurat
1242 207 1354 242 populus
1368 207 1525 236 «ludaeorum
1540 231 1548 245 ,
1571 209 1667 245 gigan-

883 256 938 279 tum
953 252 1084 286 impetum
1105 252 1299 281 reformidans,
1316 254 1421 290 Pugnat
1435 259 1528 282 eontra
1543 255 1672 285 Amalech

881 301 908 324 et
927 297 1120 331 Chananaetlm,
1141 299 1251 326 nolente
1273 299 1345 332 Deo;
1363 299 1448 327 victus
1474 301 1672 336 intelligitque

880 342 976 370 debeat
988 343 1015 370 in
1032 348 1104 371 terra
1120 348 1214 372 sancta
1238 352 1367 373 exercere
1380 345 1524 373 sacrificia.
1543 346 1647 374 Dathan
1661 367 1670 382 ,

880 392 908 419 et
921 387 1039 422 Abiron,
1065 394 1092 416 et
1107 389 1155 416 lilii
1169 390 1252 422 Core,
1267 395 1435 426 consurgunt
1449 396 1543 419 contra
1559 393 1671 428 Moysen

877 437 909 462 et
922 434 1024 466 Aaron,
1039 439 1068 462 et
1083 439 1162 462 terrae
1177 437 1305 470 voragine
1319 437 1478 472 glutiuntur.

916 480 943 507 t.
959 481 1030 508 lntcr
1044 485 1166 509 mortuos
1180 486 1207 510 et
1221 483 1340 510 viventes
1357 484 1478 517 pontifex
1493 484 1598 512 medius
1610 485 1671 513 tltu·

879 527 967 555 ribulo
978 531 1097 555 armatus
1109 528 1270 562 ingreditur,
1287 533 1315 556 et
1327 536 1441 557 currens
1456 531 1495 557 ira
1509 530 1555 557 Dei
1575 538 1668 558 sacer-

883 574 954 601 dotis
965 581 1032 602 voce
1046 574 1217 609 prohibetur.
1234 574 1317 610 Virga
1332 576 1422 603 Aaron
1439 577 1534 603 florem
1552 577 1673 611 profert,

880 624 908 648 et
922 620 985 647 solia
998 640 1006 652 ‚
1031 625 1058 648 et
1075 620 1102 647 in
1118 625 1248 647 aeternam
1264 621 1424 648 memoriam
1447 622 1539 649 virens
1563 622 1674 650 siccitas

880 671 1066 694 conservatur.
1092 666 1183 694 Vitula
1204 667 1261 694 ruia
1284 671 1472 695 concrematur
1493 668 1520 695 in
1542 668 1672 696 holocau-

881 715 962 743 stum,
975 716 1003 738 et
1017 711 1086 739 ciuis
1101 712 1160 746 eJus
1174 711 1323 746 piacularis
1343 713 1464 748 aspersio
1479 718 1531 740 est.

918 757 943 784 5.
960 757 1078 788 Quorum
1103 757 1212 791 quidem
1237 758 1336 791 figuras
1360 757 1479 785 breviter
1494 762 1674 792 annotantes,

882 811 915 831 ex
938 803 1082 830 duodecim
1097 803 1316 837 exploratoribus
1337 803 1510 837 incipiemus.
1528 804 1674 831 Duodecim

38 851 155 886 gentium
167 850 264 885 linguis
274 850 384 883 electos,
397 850 522 885 venitque
531 858 612 886 supet·
625 858 718 878 omnes
728 852 828 879 donum
844 844 868 874 B
882 849 1067 883 exploratores
1083 849 1157 876 missi
1168 848 1202 876 ad
1218 849 1411 883 explorandam
1433 853 1532 876 terram
1550 850 1674 883 uberent,

38 896 102 925 illud
113 897 218 924 virtutis
229 897 358 931 coelestis,
372 897 443 932 quod
454 898 589 932 quondam
603 896 689 926 stierat
700 899 726 925 in
739 898 830 933 Moyse

36 948 115 979 atque
129 944 277 979 prophetis.

332 988 444 1016 CAPUT
465 988 533 1016 le.

75 1037 99 1063 l.
121 1036 219 1068 Quarta
238 1036 340 1063 decima
363 1036 468 1063 mansio
488 1036 515 1062 in
537 1036 683 1063 solitudine
703 1037 828 1064 Aserotlt.

37 1083 65 1110 ln
90 1082 140 1110 ltac
164 1083 253 1110 Aaron
277 1081 402 1109 sacerdos
425 1083 513 1109 locum
533 1082 653 1109 incidens
677 1083 831 1111 offensionis

38 1136 98 1156 cunt
125 1136 218 1156 sot-ore
244 1135 291 1155 sua
312 1128 392 1155 Maria
406 1148 413 1160 ‚
434 1127 508 1155 fratri
530 1133 643 1163 uterque
659 1128 829 1162 obtrectant,

37 1174 108 1208 quod
134 1173 313 1209 alienigenam
340 1173 489 1208 accepisset
503 1181 624 1201 uxorem.
654 1174 730 1202 Unde
759 1174 831 1202 illico

37 1219 119 1248 uaria
134 1221 260 1255 contagio
276 1221 357 1255 leprae
370 1220 496 1248 efssornit.
581 1211 591 1215 “

72 1266 99 1293 2.
121 1267 179 1299 Quo
192 1267 252 1294 loco
264 1266 375 1294 evidens
388 1267 438 1293 luit
453 1267 536 1301 figura
551 1266 671 1302 mysterii
683 1288 689 1298 ‚
703 1267 773 1301 quod
787 1274 829 1294 sa-

37 1312 180 1340 cerdotalis
192 1312 237 1339 illa
254 1312 327 1346 plebs
343 1318 448 1347 patrum
459 1311 566 1338 Christo
585 1312 718 1339 salvatori
736 1312 830 1339 adver-

36 1365 83 1386 sus
100 1358 246 1385 Ecclesiam
260 1361 448 1393 congregatam
468 1365 501 1384 ex
520 1357 644 1392 gentibus
668 1355 829 1392 derogaret:

37 1403 152 1439 ideoque
164 1404 244 1438 leprae
259 1404 344 1430 sorde
356 1403 539 1438 perfunditur;
563 1410 612 1430 nec
638 1403 708 1430 redit
729 1403 761 1429 ad
783 1404 829 1431 Dei

38 1452 236 1480 tabernaculum
249 1472 257 1484 ‚
273 1452 359 1479 donec
372 1455 500 1478 statutum
516 1450 689 1486 plenitudinis
710 1450 828 1486 gentium

39 1501 144 1532 tempus
158 1497 346 1530 adimpleatur.
362 1496 438 1524 Tunc
451 1497 522 1524 enim
539 1497 632 1524 eadem
649 1497 724 1531 plebs
740 1496 830 1531 pristi-

882 897 926 931 qui
942 900 1099 923 terruerunt
1117 895 1263 930 populum,
1288 903 1321 923 ne
1339 895 1484 923 crederent
1504 903 1583 930 posse
1603 895 1675 923 acci·

882 951 947 979 pere
969 947 1070 970 terram
1087 950 1102 970 a
1118 942 1235 971 Domino
1250 944 1456 978 repromissam,
1474 943 1630 971 Scribarum
1648 947 1676 971 et

882 989 1081 1017 Pharisaeorum
1096 990 1275 1023 praetulerunt
1287 989 1424 1017 indicium.

918 1036 944 1062 G.
961 1036 1035 1063 Sicut
1050 1035 1122 1063 enim
1135 1035 1175 1063 illi
1191 1043 1238 1070 per
1259 1035 1367 1070 Moysen
1383 1035 1458 1062 missi
1471 1038 1553 1068 sunt,
1581 1038 1611 1061 ut
1624 1033 1676 1062 soli

883 1082 1078 1110 secunditatem
1090 1082 1207 1109 sollicita
1221 1081 1440 1109 consideratione
1458 1085 1606 1108 tractarent
1618 1101 1625 1113 ,
1639 1081 1676 1109 ita

883 1133 909 1156 et
920 1128 965 1155 isti
979 1136 1026 1162 per
1037 1128 1123 1163 legem
1134 1133 1162 1155 et
1176 1127 1323 1163 propbetas
1334 1127 1402 1161 jussi
1414 1131 1488 1160 sunt,
1501 1131 1529 1154 ut
1543 1134 1591 1161 per
1599 1126 1676 1154 Scri-

884 1179 1024 1208 pturarnm
1039 1173 1284 1215 investigationem.
1293 1172 1457 1200 dominicum
1473 1172 1676 1206 specularentur

884 1221 1041 1254 adventum,
1059 1221 1085 1248 in
1100 1227 1153 1255 quo
1166 1224 1225 1248 erat
1240 1223 1323 1253 terra,
1341 1219 1367 1246 id
1382 1223 1434 1251 est,
1451 1225 1514 1245 caro
1528 1221 1631 1251 sancta,
1649 1218 1676 1245 in

883 1274 934 1301 qua
963 1273 1076 1301 regnum
1093 1266 1160 1298 Dei,
1186 1270 1213 1291 et
1227 1265 1378 1292 ubertatem
1393 1263 1527 1290 [ructuum
1551 1263 1676 1298 spiritua-

883 1313 959 1344 lium,
977 1316 1005 1340 et
1020 1312 1101 1339 vitam
1115 1316 1243 1338 aeternam
1257 1310 1384 1344 consequi
1401 1313 1520 1343 possent.

917 1357 997 1392 4652
1011 1358 1037 1383 7.
1050 1356 1103 1384 Sed
1119 1356 1189 1383 sicut
1204 1355 1244 1382 illi
1258 1355 1448 1390 desperatione
1460 1358 1614 1382 terruerunt
1628 1361 1677 1389 po-

883 1403 988 1437 pulum,
1005 1409 1039 1429 nc
1052 1402 1086 1429 de
1100 1402 1148 1429 Dei
1161 1401 1342 1436 promissione
1356 1401 1506 1428 confideret
1518 1421 1526 1434 ‚
1543 1401 1578 1427 ita
1591 1404 1619 1427 et
1633 1399 1678 1428 isti

884 1449 985 1476 Scribae
1003 1454 1029 1475 et
1052 1447 1181 1476 Pharisaei
1196 1452 1341 1475 suaserunt
1358 1446 1457 1482 populo
1473 1446 1626 1473 ludaeorum
1643 1452 1678 1473 ne

883 1495 1026 1522 crederent
1041 1495 1068 1522 in
1084 1494 1240 1527 Christum,
1266 1494 1300 1522 ad
1315 1494 1462 1529 AEgyptum
1482 1493 1573 1521 saeculi
1596 1492 1678 1527 buius

38 1551 98 1571 naut
115 1543 211 1577 poterit
224 1544 343 1578 recipere
356 1544 496 1570 sanitatem
511 1563 518 1576 ,
536 1543 599 1570 dum
615 1543 654 1570 eis
667 1543 830 1577 septiformis
844 1538 869 1570 C
884 1542 972 1570 redire
988 1541 1139 1576 cupientes,
1157 1540 1332 1575 repudiantes
1348 1547 1446 1567 manna
1457 1540 1529 1572 fidei,
1549 1547 1675 1573 quaeren-

37 1588 181 1624 spiritualis
193 1588 292 1623 agnitio
304 1588 336 1615 ad
349 1588 452 1615 veniam
468 1588 547 1615 suerit
562 1588 718 1622 suffragata.

332 1638 445 1666 CAPUT
464 1638 523 1666 XV.

75 1680 101 1707 ¹.
122 1679 218 1713 Quinta
234 1679 337 1707 decima
353 1684 392 1706 est
407 1679 433 1706 in
449 1678 581 1712 Retltma‚
597 1686 656 1713 quae
672 1679 830 1706 transfertur

39 1726 157 1758 nouitas,
178 1725 234 1752 sive
254 1725 399 1760 juniperus.
426 1724 522 1752 Fertur
543 1729 631 1751 autem
657 1724 707 1751 boc
730 1725 829 1759 lignum

40 1772 128 1806 ignem
143 1772 227 1799 multo
241 1775 360 1805 tempore
370 1778 540 1802 conservare.
560 1771 597 1798 ita
611 1775 640 1798 ut
653 1771 675 1798 si
691 1778 785 1805 prunae
796 1778 829 1798 ex

38 1817 96 1851 eJ’us
110 1817 199 1844 cinere
212 1816 311 1844 suerint
325 1817 460 1851 adopertae
472 1836 480 1848 ,
499 1823 583 1851 usque
604 1817 637 1843 ad
658 1824 755 1844 annum
770 1824 831 1851 per-

40 1864 156 1891 veniant.
172 1863 210 1890 Ex
225 1863 320 1899 quibus
335 1863 464 1890 discimus
479 1867 539 1897 post
552 1863 673 1897 sepulcra
689 1863 830 1897 concupis-

40 1910 154 1942 centiae,
169 1909 248 1945 44],
273 1909 330 1936 sive
355 1909 439 1941 atria,
464 1909 579 1936 transire
600 1916 649 1936 nos
672 1909 705 1936 ad
730 1910 829 1943 lignum

41 1956 126 1983 multo
143 1960 264 1989 tempore
279 1955 380 1987 calens,
394 1958 422 1981 ut
435 1955 519 1982 simus
535 1956 669 1982 lerventes
683 1956 789 1990 spiritu,
804 1960 831 1982 et

41 2003 117 2031 claro
129 2003 229 2036 sonitu,
245 2008 324 2037 atque
340 2004 367 2031 in
382 2003 465 2030 altum
485 2004 601 2031 exaltata
621 2011 687 2031 voce
711 2004 832 2038 Evange-

40 2050 103 2077 lium
119 2049 223 2076 Domini
239 2049 425 2083 praedicemus.

73 2096 100 2123 2.
115 2095 216 2123 Abilae
232 2095 370 2122 mansione
385 2102 471 2129 usque
492 2094 526 2121 ad
550 2094 713 2122 tricesimam
733 2101 831 2122 secun-

37 2141 100 2170 dam
115 2142 156 2168 11ae
172 2141 343 2168 continentur
356 2141 474 2167 historiae
485 2148 556 2175 quae,
566 2140 628 2175 quia
642 2147 694 2167 non
706 2144 768 2167 sunt
784 2148 830 2175 per

40 2188 199 2217 mansiones
223 2187 343 2221 singulas
359 2186 520 2219 distribntae,
546 2193 562 2213 a
588 2185 665 2213 nobis
679 2193 787 2221 quoque
802 2187 829 2214 in

38 2241 182 2262 commune
197 2233 331 2260 dicentur.

74 2280 101 2308 5.
113 2278 256 2312 Duodecim
265 2278 448 2312 exploratores
457 2277 599 2304 mittuntur
609 2277 643 2304 ad
656 2282 755 2305 terram
767 2286 830 2307 san-

73 2360 102 2387 2.
118 2359 236 2392 Alioquin
249 2359 268 2386 ‚i
279 2362 334 2393 post
346 2362 490 2393 perceptum
499 2357 642 2393 anaeticum
653 2366 760 2392 manna,
771 2363 823 2388 etc.

40 2395 123 2424 Panlo
135 2394 212 2421 aliter
224 2394 346 2421 Ambros.
363 2394 484 2428 Alioquin
501 2394 523 2420 si
540 2398 597 2428 post
618 2399 761 2429 praecepca,
777 2404 826 2422 on-

41 2430 146 2465 qelicom
156 2436 250 2463 escam,
265 2437 406 2463 mannaque
420 2428 526 2455 coeleslis
540 2429 612 2463 vitaz,
625 2430 676 2456 sive
691 2429 826 2463 doctrinm,

40 2472 131 2493 rursus
141 2471 230 2490 carnes
243 2463 390 2498 AEyyptios,
405 2469 456 2491 etc.
472 2463 565 2491 Gntat..

77 2500 148 2526 Ibid.
172 2498 323 2525 Voratetmm
341 2499 643 2526 nauseam—Numam
650 2500 828 2534 mentie‚Val.;

42 2535 90 2563 sed
108 2534 285 2568 Hieronymus
299 2540 390 2562 vocem
403 2535 493 2562 mentis
509 2542 561 2562 non
575 2535 666 2562 babet.
681 2535 778 2563 Gatat..

78 2568 93 2597 1
96 2569 147 2596 bid.
161 2567 224 2596 Alb.
238 2572 265 2595 et
276 2567 351 2596 run.
364 2569 378 2596 ί
395 2577 403 2595 t
422 2568 573 2596 Vorabimus
592 2572 776 2598 nauseamentis
785 2591 792 2600 .
806 2575 830 2598 et

41 2606 162 2634 atatim...
175 2607 298 2630 vertemus
312 2603 339 2630 in
351 2602 472 2632 tumulos.
488 2607 572 2632 Ansv.

78 2640 142 2668 Car.
159 2646 214 2666 xtv.
227 2637 260 2665 N.
274 2637 301 2664 l.
317 2637 356 2665 Ex
369 2638 473 2666 iisdem.
488 2638 583 2667 Gntat..

78 2676 142 2703 Gne.
159 2681 203 2701 xv.
217 2673 249 2700 N.
264 2673 290 2700 l.
306 2672 344 2700 Ex
356 2672 526 2708 Hieronymo.
541 2673 634 2702 Gntst..

79 2709 148 2737 loia.
157 2708 216 2737 Sive
226 2709 302 2736 atria.
311 2707 349 2735 lta
359 2707 469 2736 omnino
479 2708 620 2743 legendum
628 2716 660 2736 ex
672 2709 830 2745 Hieronym.

43 2746 183 2776 mansione
197 2743 241 2779 Η,
253 2744 287 2771 et'
296 2744 346 2771 boc
360 2743 429 2770 loco.
442 2742 499 2771 lllic
509 2743 580 2771 enim
594 2743 713 2771 hamon·
724 2745 751 2772 in
763 2746 831 2773 atria

44 2781 165 2812 vertitur.-
193 2780 236 2806 liic
251 2785 317 2806 vero
331 2798 339 2812 .
356 2782 412 2813 post
424 2779 545 2813 reputem
554 2779 764 2814 concupiscentiae
775 2800 784 2815 ,
807 2786 832 2809 ct

16 2805 177 2874 §mionia-
196 2814 323 2850 ‚liendoso
341 2820 407 2851 ergo
416 2813 463 2843 lib.
474 2813 597 2850 plerique
619 2818 696 2843 antra
718 2814 830 2850 liabent,

9 2874 45 3016 l

884 1594 925 1617 tes
936 1589 1004 1615 ollas
1018 1592 1190 1622 peccatorum
1205 1587 1308 1621 nigras,
1321 1590 1347 1613 et
1359 1593 1439 1620 cepas
1450 1585 1677 1619 blasphemiarum

884 1635 1005 1670 putidas,
1021 1639 1049 1662 et
1074 1641 1194 1669 pepones
1216 1633 1344 1660 vitiorum
1370 1639 1402 1659 ac
1430 1630 1572 1658 libidinum
1585 1637 1677 1657 corru-

883 1682 974 1717 ptione
990 1685 1154 1708 marcentes.

919 1729 945 1754 8.
963 1728 1010 1755 llle
1024 1731 1115 1754 autem
1130 1727 1224 1754 botrus
1235 1733 1294 1752 uvae
1306 1731 1386 1759 quem
1411 1723 1438 1750 in
1460 1723 1532 1758 ligno
1545 1721 1678 1757 pensilem

882 1774 971 1802 medio
987 1773 1020 1801 de
1036 1778 1105 1800 terra
1121 1771 1343 1806 repromissionis
1363 1770 1416 1797 duo
1430 1770 1567 1796 advexere
1585 1771 1678 1795 vecto-

883 1828 938 1853 res,
955 1819 1018 1854 quid
1029 1818 1180 1853 significat?
1198 1817 1295 1843 Botrus
1310 1817 1361 1843 iste
1375 1814 1495 1849 pendens
1511 1821 1527 1841 e
1540 1813 1611 1848 ligno
1624 1812 1676 1839 uti-

882 1873 935 1901 que
961 1864 1086 1891 Christus
1102 1871 1134 1890 ex
1152 1862 1224 1896 ligno
1246 1860 1352 1894 crucis,
1377 1860 1528 1894 promissus
1551 1857 1677 1892 gentibus

883 1911 1010 1939 salutaris
1025 1910 1059 1936 de
1075 1914 1147 1936 terra
1161 1907 1300 1943 genitricis
1314 1907 1420 1938 Martae,
1443 1903 1591 1932 secundum
1616 1909 1676 1929 car-

883 1966 945 1986 nem
962 1961 1078 1984 terrena}
1093 1955 1188 1990 stirpis
1202 1953 1352 1981 visceribus
1366 1950 1478 1979 effusus.

919 2004 946 2031 9.
961 2003 1018 2030 Duo
1041 2002 1123 2036 bajuli
1147 2001 1193 2035 qui
1222 1999 1271 2026 sub
1286 2006 1369 2026 onere
1384 1997 1452 2025 botri
1469 1996 1540 2023 illius
1564 1995 1676 2030 incede-¹

882 2051 948 2078 bant
964 2049 1079 2083 populus
1094 2052 1136 2075 est
1148 2052 1271 2081 uterque.
1286 2045 1370 2079 Cujus
1383 2044 1456 2078 prior
1469 2042 1608 2074 iudaicus,
1621 2049 1676 2069 cae-

883 2103 941 2127 cus,
954 2099 981 2122 et
994 2101 1114 2125 aversus,
1131 2094 1241 2128 ignarus
1256 2090 1400 2126 pendentis
1415 2094 1517 2124 gratiae,
1531 2094 1558 2116 et
1569 2096 1677 2124 pressus

883 2148 965 2168 onere
981 2139 1118 2174 suspensi.
1134 2138 1178 2165 cui
1189 2137 1347 2172 subjicietur
1359 2135 1493 2170 judicanti
1508 2143 1515 2167 ;
1531 2135 1564 2162 (le
1578 2135 1676 2168 quibus

883 2187 980 2215 dicitur
1000 2195 1007 2213 :
1031 2186 1209 2212 obscurentur
1226 2181 1294 2211 oculi
1321 2191 1433 2215 eorum,
1461 2190 1493 2209 ne
1507 2182 1610 2209 videant
1625 2201 1632 2214 ,
1652 2186 1676 2209 ct

845 2226 873 2256 Ῑ)
886 2235 991 2260 dorsum
1015 2239 1104 2259 eorum
1117 2238 1215 2266 semper
1237 2231 1341 2256 incurva
1365 2228 1476 2263 (Psalm.
1503 2230 1607 2261 uvttt).
1623 2227 1676 2260 Qui

881 2287 945 2307 vero
960 2277 1094 2313 posterior
1105 2276 1248 2309 veniebat,
1270 2275 1362 2310 populi
1377 2275 1497 2310 gentium
1510 2273 1624 2308 gerebat
1639 2273 1676 2299 st-

881 2359 984 2394 Nempe
995 2364 1102 2387 antrum
1118 2359 1241 2393 sepulcro
1255 2357 1337 2384 affine
1352 2358 1438 2384 visum
1453 2360 1504 2383 est.
1520 2355 1617 2383 Gaui..

917 2395 944 2422 3.
960 2395 1100 2430 Gigantum
1116 2394 1249 2428 impetum.
1271 2393 1309 2419 lta
1327 2392 1400 2419 Hier.
1413 2411 1421 2423 ,
1449 2391 1506 2417 Val.
1520 2410 1528 2421 ,
1544 2389 1649 2424 Compi·
1664 2409 1672 2423 ,

882 2430 1014 2457 Palcntin.
1032 2429 1155 2459 Guadal..
1171 2429 1304 2462 yiquntum
1318 2427 1452 2461 populum.
1469 2425 1564 2452 Gaui..

919 2465 1001 2496 Ibid..
1025 2464 1084 2491 Alb.
1099 2484 1106 2496 ‚
1125 2463 1211 2489 botrus
1228 2462 1358 2496 desertum·
1374 2463 1401 2487 in
1420 2461 1491 2495 liquo
1513 2460 1562 2486 hoc
1580 2458 1676 2486 Cltrittt‘

884 2498 1405 2562 paige—noverat:e‘rcaeciflr‘rlt'oztg'txtruznssaffl
1412 2530 1491 2557 Num.
1503 2536 1557 2556 xvtt
1569 2534 1595 2556 ct
1605 2530 1675 2565 apud

886 2571 995 2598 ltteron.
1010 2569 1189 2601 Consecratur,
1204 2568 1249 2594 lib.
1264 2574 1289 2594 o.
1306 2566 1444 2593 mendose.
1460 2565 1557 2592 Gntu..

921 2606 982 2633 lbitt
1011 2603 1158 2631 piacularis
1177 2602 1304 2636 aspersio.
1324 2602 1362 2629 lta
1377 2601 1487 2630 Hieron.
1512 2599 1674 2633 Pes-attari..

883 2641 932 2669 lib.
949 2648 975 2668 o.
993 2639 1132 2671 mendose.
1154 2638 1249 2665 Catu..

921 2677 947 2703 5.
972 2675 1115 2702 Duodecim
1130 2674 1315 2708 exploratores,
1337 2679 1371 2713 οὲ
1385 2670 1510 2699 Ambros.
1524 2690 1532 2705 ‚
1553 2675 1580 2698 et
1603 2671 1679 2706 Aug.⁴

885 2718 968 2739 serm.
987 2710 1038 2738 100
1053 2709 1086 2736 de
1099 2714 1230 2743 tempore.
1245 2707 1341 2735 Catu..

921 2747 947 2774 7.
962 2746 1035 2777 Alth,
1052 2744 1242 2779 confiderent...
1257 2743 1388 2770 crederent
1405 2741 1517 2770 Christo.
1531 2740 1584 2769 Alii
1595 2761 1603 2775 ,
1619 2747 1673 2768 cre-

885 2781 987 2810 derent·
998 2779 1138 2808 Christum.
1165 2779 1292 2818 Grialius,
1317 2779 1456 2814 mendose,
1486 2777 1674 2814 corruptionem

884 2821 1009 2846 “centes-
1025 2815 1110 2847 Anu*
