1832 3016
29 2935 37 3016 ἐ

57 135 107 164 081

658 130 927 161 ΒΕΝΤΕΝΤΙΑΒΗΜ
947 130 1011 160 LlB.
1033 131 1076 160 ttt.

1638 129 1692 158 6⁸2

93 191 122 221 2.
138 192 244 227 Quanto
257 191 372 227 quisque
382 188 468 224 magis
490 187 518 215 in
541 186 626 215 saeris
643 187 758 223 eloquiis
779 187 848 215 assi·
863 193 887 220 Α
938 187 965 214 8.
981 187 1094 222 Quidam
1109 187 1156 215 Dei
1176 187 1278 222 judicio
1301 187 1402 215 donum
1422 187 1543 215 scientize
1557 187 1628 222 quod
1642 194 1692 215 ue-

59 237 129 265 duus
152 236 242 271 luerit,
258 239 331 263 tanto
351 242 384 262 ex
406 233 446 261 eis
467 231 619 259 uberiorem
643 232 848 267 intelligentiam

60 283 150 318 capim
168 282 238 311 sicut
265 286 352 313 terra,
368 285 429 314 quac
442 281 542 313 quanto
566 277 682 312 amplius
706 277 847 311 excolitur,

67 332 142 355 tanto
155 326 262 354 uberius
277 323 430 352 fruetificat.

101 373 128 400 5.
145 372 250 406 Quanto
259 369 373 403 amptius
386 368 420 396 ad
431 368 581 403 quamlibet
593 372 678 395 artem
693 367 775 395 horno
786 374 847 395 con-

62 417 177 451 scendit,
192 419 264 443 tanto
277 414 362 449 magis
376 414 408 441 ad
424 413 561 441 hominem
573 420 617 440 ars
632 414 688 447 ipsa
700 412 849 446 descendit,

59 463 130 491 sicut
140 463 168 490 in
179 461 250 496 Lege
263 460 392 487 scribitur
408 468 415 485 ι
430 458 534 494 Moyses
547 458 661 486 ascendit
673 458 700 485 in
716 462 828 485 „iontem
842 478 849 491 ‚

59 513 83 537 et
95 508 221 536 Dominus
235 506 365 533 descendit
381 505 480 541 (Exeat.
496 504 565 540 xix).

91 553 119 580 4.
134 552 233 580 Verum
244 555 286 579 est
304 551 338 578 de
354 552 409 578 otio
431 550 572 585 spirituali,
590 549 662 584 quod
686 549 732 577 ille
747 552 850 576 tantum

58 602 166 627 secreta
180 597 334 625 divinorum
349 595 512 624 scrutabitur
525 594 714 623 mandatorum
729 616 736 629 ‚
757 594 802 629 qui
817 594 850 621 ab

59 644 166 671 actione
182 647 296 670 terrente
307 649 380 669 curte
396 640 552 668 avocaverit
566 641 695 672 animum,
712 644 739 667 et
752 638 848 666 sedula

58 688 239 716 familiaritate
252 686 400 721 Scripturis
411 686 511 713 sanctis
526 685 676 713 inhaeserit.
698 684 764 712 Nam
781 685 851 712 sieut

58 741 144 762 caecus
159 738 188 761 et
210 733 302 760 videns
319 736 405 767 potest
419 731 528 767 quidem
551 736 664 766 uterque
688 730 828 758 ambulare
841 752 848 765 ,

58 780 106 809 sed
120 787 174 808 non
188 778 324 807 consimili
338 779 472 810 libertate,
488 777 551 804 dum
562 784 650 804 caecus
666 783 782 811 pergens
796 783 850 810 quo

59 834 111 854 non
126 826 200 854 videt.
213 824 344 857 offendat,
359 824 455 851 videns
471 831 537 851 vero
549 822 708 850 offendicula
721 826 808 853 cavet,
824 825 851 848 et

59 879 112 908 quo
125 872 159 899 sit
176 871 338 906 pergendum
355 871 434 905 291
449 873 595 905 agnoscat;
611 869 651 895 sic
666 868 747 902 etqui
760 867 851 894 nubilo

60 926 174 948 terrenae
184 925 256 946 curae
266 918 395 950 fuscatur,
407 917 430 944 si
443 920 528 943 tentet
539 916 587 943 Dei
601 914 763 949 perscrutari
779 921 852 948 mys-

60 966 125 994 teria
139 987 147 1000 ,
173 973 227 993 non
240 965 328 998 valet,
343 965 404 1000 quia
419 964 533 999 caligine
554 970 679 990 curarum
695 969 749 988 non
768 961 852 988 videt.

61 1012 139 1045 Quod
154 1012 200 1039 ille
215 1011 380 1039 tantumdem
397 1011 504 1037 ellicere
518 1009 611 1042 valet,
624 1008 668 1042 qui
683 1015 743 1035 sese
758 1007 792 1034 de
807 1014 854 1034 ex-

60 1059 204 1087 terioribus
226 1059 317 1086 saeculi
337 1059 408 1085 curis
431 1057 582 1089 abstrahit,
610 1061 636 1083 et
653 1060 735 1082 totum
753 1062 813 1082 sese
828 1054 853 1080 in

60 1104 262 1139 scripturarum
277 1103 452 1131 meditatione
467 1101 568 1136 deligit.

101 1151 128 1178 5.
147 1151 261 1184 Quidam
275 1150 372 1177 habeut
388 1149 570 1183 intelligentiae
582 1146 727 1182 ingenium,
744 1146 792 1174 sed
807 1154 854 1174 ne-

62 1197 167 1232 gligunt
180 1195 304 1224 lectionis
318 1195 454 1227 studium,
471 1199 498 1222 et
510 1194 580 1229 quod
595 1194 708 1229 legendo
722 1193 791 1220 scire
806 1200 854 1228 po-

63 1246 181 1274 tuerunt,
198 1241 356 1277 negligendo
369 1244 559 1268 contemnunt.
576 1239 690 1272 Quidam
700 1246 764 1266 vcro
777 1246 853 1265 amo-

64 1295 123 1315 rem
140 1288 243 1315 sciendi
258 1287 367 1319 habent,
382 1287 429 1313 sed
441 1286 564 1313 tarditate
579 1293 673 1312 seusus
688 1285 855 1320 praepediun-

63 1338 122 1365 tur:
140 1335 185 1369 qui
203 1339 292 1361 tamen
307 1333 413 1360 assidua
429 1333 543 1360 lectione
560 1332 677 1367 sapiunt,
694 1332 766 1366 quod
781 1332 855 1366 inge-

62 1380 132 1408 niosi
148 1387 195 1414 per
209 1379 338 1407 desidiam
352 1386 405 1406 non
418 1382 564 1406 noverunt.

98 1425 124 1452 6.
145 1425 283 1460 lngenium
305 1423 406 1452 tardius
423 1425 473 1451 etsi
498 1431 551 1451 non
570 1431 617 1458 per
638 1428 760 1451 naturam
773 1444 780 1456 ‚
808 1431 855 1458 per

62 1471 246 1499 assiduitatem
274 1476 362 1498 tamen
394 1471 518 1498 lectionis
551 1475 750 1504 augmentatur.
784 1469 852 1497 Nam

62 1518 185 1552 quamvis
200 1524 295 1545 sensus
312 1516 447 1545 hebetudo
460 1517 504 1550 sit,
518 1517 644 1552 frequens
661 1522 751 1544 tamen
768 1517 853 1544 lectio

63 1562 267 1598 intelligentiam
280 1569 370 1598 auget.

101 1609 128 1635 7.
145 1609 220 1636 Sicut
235 1609 279 1643 qui
301 1609 392 1637 tardus
413 1614 454 1637 est
468 1609 502 1637 ad
515 1610 686 1644 capiendum,
703 1617 752 1644 pro
766 1610 854 1637 inten-

64 1655 136 1683 tione
149 1660 237 1683 tamen
260 1656 324 1683 boni
341 1656 423 1683 studii
439 1656 578 1690 praemium
600 1656 732 1690 percipit,
757 1656 791 1683 ita
808 1656 853 1690 qui

65 1702 212 1736 praestitum
227 1702 278 1729 sibl
293 1709 326 1729 ex
350 1703 405 1730 Deo
419 1703 556 1737 ingenium
573 1702 758 1737 intelligentiae
770 1702 854 1737 negli-

65 1746 113 1780 git,
125 1747 356 1775 condemnationis
377 1755 439 1775 reus
456 1748 567 1782 existit,
590 1749 651 1782 quia
667 1748 766 1775 donum
781 1748 853 1783 quod

66 1793 170 1826 accepit
183 1792 306 1826 despicit,
324 1798 350 1821 et
363 1801 411 1828 per
425 1793 555 1821 desidiam
567 1794 709 1829 delinquit.

66 1849 178 1876 triadem
195 1849 221 1875 in
237 1849 307 1877 line:
325 1850 389 1876 Ama
405 1849 555 1884 Scripturas
570 1853 673 1875 sanctas
685 1870 691 1879 ,
723 1854 746 1876 et
762 1849 858 1876 amabit

65 1889 90 1911 te
106 1884 252 1918 Sapientia.
265 1884 349 1919 Diliqc
363 1892 429 1917 eam,
445 1889 469 1911 et
481 1884 588 1911 servabit
600 1889 634 1911 te.
650 1884 759 1911 Honora
774 1885 857 1916 illam.

66 1924 90 1946 et
110 1920 299 1954 amplexabitur
315 1925 348 1946 te.
368 1920 406 1946 Ex
431 1926 485 1953 quo
511 1919 570 1946 loco
586 1919 694 1947 videtur
716 1920 859 1954 desumpta

67 1961 127 1981 esse
143 1954 200 1981 hoec
214 1955 358 1982 sententia.
371 1954 480 1982 LostsA.

103 1988 174 2015 Ibid.
191 1988 253 2016 Cam
269 1997 343 2023 cnm,
370 1994 423 2018 etc.
440 1989 468 2016 ln
491 1989 583 2017 multis
598 1989 682 2017 Codd.
701 1997 768 2016 mss.
785 1989 861 2017 deest

67 2024 128 2052 hoc.
145 2025 255 2052 Lonsa.

102 2059 130 2086 Ξ.
146 2061 274 2094 August„
286 2060 334 2087 lib.
351 2068 369 2087 ιι
381 2061 416 2088 de
426 2060 553 2088 Doctrina
569 2060 683 2092 Christ„
699 2067 759 2094 cap.
777 2060 804 2093 9,
817 2067 861 2087 so·

67 2094 162 2122 lertius
173 2099 200 2122 et
210 2095 366 2129 diligentius
381 2096 408 2122 in
418 2095 494 2122 libris
506 2096 591 2122 sacris
605 2099 739 2130 praecepta
752 2095 860 2122 vivendi

68 2134 96 2157 et
109 2131 216 2165 regulas
232 2130 428 2158 credendiesse
438 2130 637 2165 investigandas
651 2131 740 2157 docet.
751 2130 860 2157 Lusiss-

103 2165 131 2191 5.
149 2165 236 2192 Exod.
252 2173 309 2198 xix,
326 2170 354 2192 et
369 2173 466 2192 xxxiv.
484 2166 516 2192 Et
526 2166 631 2193 videtur
642 2166 781 2198 desumpta
803 2172 861 2192 sen·

69 2199 151 2263 mitia
175 2207 209 2227 ex
230 2199 343 2236 Gregor.
359 2221 367 2233 ,
389 2201 436 2228 lib.
461 2209 477 2228 v
501 2201 612 2234 Marah,
638 2208 698 2235 cap.
714 2200 750 2227 25
765 2204 793 2227 et
811 2200 857 2227 26.

109 2242 176 2263 atsi.

105 2269 132 2297 4.
150 2270 160 2296 l
175 2270 238 2298 Cor.
255 2277 273 2297 ιι
287 2279 294 2297 :
311 2270 369 2297 Nos
382 2276 465 2298 autem
480 2280 531 2299 non
544 2272 663 2306 spiritam
678 2271 756 2307 ltujiu
768 2270 859 2297 mundi

69 2305 224 2339 accepimus,·
238 2305 284 2332 sed
299 2306 418 2341 spiritam
433 2308 476 2341 qai
489 2315 520 2333 ea:
535 2306 590 2333 Deo
604 2311 653 2338 eat,
667 2310 718 2333 etc.
735 2306 766 2332 Et
778 2305 858 2338 infra,

71 2341 199 2367 Animatis
212 2340 287 2367 homo
301 2349 351 2367 nan
365 2342 471 2377 percipit
482 2351 512 2369 ea
525 2349 581 2374 quat
592 2347 652 2368 sant
663 2341 769 2375 spiritus
779 2360 788 2373 ,
803 2342 859 2374 spi-

70 2374 172 2402 ritualis
185 2380 270 2402 autem
280 2376 382 2411 judicat
394 2377 491 2404 omnia.
507 2377 534 2403 N
538 2385 565 2403 οι
576 2382 661 2403 autem
674 2384 774 2402 sensum
784 2374 860 2402 Cltri-

70 2409 104 2437 sti
118 2408 249 2436 habemas.
264 2411 390 2445 August..
407 2412 434 2438 in
448 2412 618 2439 enarratione
636 2411 720 2444 psalm
731 2430 738 2437 .
754 2418 834 2437 cxvtu
849 2431 856 2444 ‚

71 2451 211 2478 exponens
225 2444 304 2471 illud:
319 2444 390 2473 Beati
400 2446 560 2474 immaculati
573 2448 599 2473 in
610 2447 661 2478 via,
671 2446 716 2480 qui
727 2446 859 2473 ambulant

71 2480 98 2506 in
113 2480 166 2513 [cqc
179 2478 296 2506 Domini.
311 2479 384 2507 Beati
398 2481 442 2515 qui
459 2486 606 2509 scrutantur
619 2481 764 2507 testimonia
785 2489 858 2516 ejus,

71 2514 98 2541 in
112 2518 166 2540 toto
180 2514 256 2540 carde
279 2515 415 2549 exquirunt
435 2524 501 2543 eam.
517 2517 664 2551 Gregorius
687 2516 768 2543 etiam
787 2516 858 2543 idem

72 2549 192 2582 optime,
216 2552 244 2576 et
259 2548 294 2575 ab
310 2556 343 2576 eo
366 2552 526 2579 sententiam
550 2551 691 2579 deductam
715 2551 858 2583 existimo,

73 2583 122 2611 lib.
137 2583 229 2610 morat.
249 2590 328 2616 nin,
344 2591 370 2612 c.
383 2584 420 2612 20
434 2589 462 2611 et
474 2586 520 2613 2¹.
534 2585 644 2614 Lomu-

108 2617 180 2647 lota.
204 2617 279 2646 Sicut
301 2625 394 2647 coecas.
422 2619 516 2647 Simile
541 2621 693 2656 exemplum
716 2625 758 2648 est
788 2620 859 2656 apud

72 2653 114 2682 Au
134 2657 198 2687 usn,
219 2660 301 2680 serni.
317 2653 378 2680 ΗΞ.
394 2653 502 2681 tatur.

140 2687 178 2715 id.
206 2687 312 2722 Deliqit.
345 2687 426 2715 Goth.
458 2688 525 2716 eod.
549 2689 624 2718 addit
659 2698 667 2716 ε
697 2689 772 2717 ittam
799 2690 859 2725 pius

73 2723 162 2752 uetuit
185 2722 319 2753 diabotus.
334 2730 407 2758 quem
427 2723 530 2750 aniane
552 2723 635 2764 tegere
656 2724 758 2751 viderit.
773 2723 859 2758 Quam

73 2757 218 2786 bettonem
231 2757 258 2785 iu
270 2758 343 2785 nullo
354 2757 408 2784 alio
431 2757 482 2786 ns.
499 2758 608 2786 invento
621 2766 656 2786 ex
668 2758 797 2787 tredecim
808 2767 860 2788 aa·

72 2792 246 2828 thelesinis,
267 2799 335 2828 quus
359 2793 392 2819 ad
419 2793 637 2821 emendationem
666 2793 747 2829 hunius
768 2795 859 2829 operis

133 2835 151 2856 u
165 2827 282 2864 Philippi
295 2827 318 2855 tt
333 2827 404 2862 regis
418 2827 584 2860 catholicis}
598 2829 710 2863 piissimi
723 2836 758 2857 ex
771 2829 858 2859 omui-

119 2862 308 2897 fttibtiouioein
319 2862 456 2898 Hispaniae
470 2868 565 2901 nactus
577 2870 647 2892 sum.
663 2864 772 2893 Losm.

213 2909 351 2942 Parnoi..
373 2907 551 2943 Lxxxut.

903 232 1007 267 gligunt
1028 233 1179 268 accipiunt.
1207 238 1235 260 ut
1259 233 1352 261 durius
1366 234 1400 261 de
1421 234 1502 262 rebus
1517 233 1629 261 creditis
1642 240 1692 268 pu-

906 278 1023 305 niantur.
1039 278 1183 306 Tardiores
1208 283 1297 306 autem
1317 279 1380 306 ideo
1399 279 1470 313 quod
1492 279 1563 306 scire
1583 279 1694 313 cupiunt

902 322 1047 351 difficulter
1062 324 1217 358 inveniunt,
1234 329 1263 352 ut
1277 331 1325 358 pro
1339 324 1460 351 maximo
1475 324 1603 352 exercitio
1617 324 1692 352 labo-

902 368 939 397 ris
952 370 1098 396 maximum
1115 370 1255 404 praemium
1271 369 1388 397 habeant
1402 369 1599 397 retributionis.

1207 417 1323 452 CAPUT
1342 425 1377 452 x.

1115 469 1155 497 De
1169 469 1286 496 doctrina
1302 470 1358 496 sine
1374 470 1469 504 qratia.

938 526 964 554 l.
980 525 1110 554 Doctrina
1123 525 1182 553 sine
1199 525 1345 560 adjuvante
1356 525 1454 560 gratia,
1471 526 1594 560 quamvis
1610 526 1698 555 inlun-

901 571 980 599 datur
994 571 1124 604 auribus,
1145 572 1226 607 292
1241 571 1274 598 ad
1301 578 1349 598 cor
1373 578 1511 606 nunquam
1538 572 1696 605 descendit;

903 618 967 646 soris
994 618 1104 653 quidem
1132 617 1297 652 perstrepit,
1317 617 1365 644 sed
1387 617 1500 645 interius
1521 617 1558 645 nil
1584 618 1697 653 prolicit.

902 665 977 692 Tunc
987 669 1076 692 autem
1092 664 1139 692 Dei
1153 672 1243 692 sermo
1256 664 1360 691 infusus
1375 664 1485 692 auribus
1499 664 1532 691 ad
1549 665 1639 693 cordis
1655 666 1697 692 ul-

902 711 966 737 tima
981 709 1114 744 pervenit,
1129 710 1236 745 quando
1252 710 1300 737 Dei
1314 710 1402 745 gratia
1417 714 1536 737 mentem
1555 711 1668 739 interius
1679 730 1689 744 ,

903 760 932 784 ut
946 756 1089 791 intelligat,
1108 756 1202 790 tangit.

938 803 966 830 Ξ.
977 803 1054 830 Sicut
1065 803 1137 830 enim
1149 802 1278 836 quosdam
1290 802 1396 830 ssamma
1406 802 1547 830 charitatis
1560 810 1615 829 suae
1626 802 1698 830 Deus

906 848 1049 882 illuminat,
1066 853 1095 876 ut
1108 849 1225 876 vitaliter
1240 849 1368 884 sapiant,
1387 849 1423 877 ita
1439 849 1570 883 quosdam
1585 849 1698 884 frigidos

907 900 1097 930 torpentesque
1112 896 1224 928 deserit,
1239 901 1267 922 ut
1281 896 1341 922 sine
1354 903 1434 923 sensu
1449 896 1607 930 persistant.

942 943 970 969 5.
986 941 1110 977 Plerique
1121 942 1245 970 acumine
1261 942 1426 978 intelligendi
1441 942 1547 969 vivaces
1563 942 1696 975 existunt,

906 987 956 1015 sed
978 987 1106 1022 loquendi
1132 987 1221 1022 inopia
1243 993 1434 1022 angustantur.
1454 987 1567 1020 Quidam
1586 995 1651 1015 vero
1672 987 1700 1015 in

907 1034 1029 1067 utrisque
1044 1034 1155 1068 pollent,
1172 1034 1234 1068 quia
1247 1038 1278 1063 ‚et
1289 1034 1392 1061 sciendi
1405 1034 1511 1069 copiam
1524 1055 1531 1068 ‚
1554 1038 1582 1064 et
1592 1034 1700 1062 dicendi

906 1079 1054 1108 ellicaciam
1071 1079 1180 1108 habent.

1213 1125 1326 1153 CAPUT
1346 1125 1392 1152 Xl.

1140 1181 1180 1207 De
1193 1181 1309 1216 superbis
1323 1182 1468 1209 lectoribus.

944 1236 972 1262 1.
986 1235 1111 1271 Plerique
1124 1256 1132 1268 ‚
1153 1237 1264 1263 scientia
1280 1242 1389 1272 accepta
1404 1237 1604 1271 scripturarum
1614 1257 1622 1271 ‚
1646 1245 1701 1267 non

907 1280 941 1308 ad
957 1280 1004 1308 Dei
1020 1282 1144 1316 gloriam,
1160 1283 1207 1309 sed
1222 1282 1256 1309 ad
1271 1290 1348 1309 suam
1365 1283 1471 1310 laudem
1487 1289 1610 1317 utuntur,
1634 1285 1700 1314 dum

907 1326 963 1360 ipsa
980 1327 1091 1354 scientia
1108 1328 1284 1362 extolluntur,
1301 1334 1328 1356 et
1339 1329 1375 1356 ibi
1393 1334 1515 1364 peccant,
1533 1331 1577 1358 ubi
1589 1337 1700 1366 peccata

908 1372 1038 1400 mundare
1051 1372 1210 1400 debuerant.

942 1423 970 1449 2.
1005 1423 1147 1458 Nunquam
1178 1429 1379 1459 consequuntur
1408 1425 1523 1460 legendo
1553 1427 1700 1461 perfectam

907 1470 1049 1497 scientiam
1075 1475 1243 1504 arrogantes.
1267 1471 1334 1498 Nam
1358 1474 1480 1506 quamvis
1503 1474 1641 1508 sapientes
1671 1475 1701 1502 in

907 1517 1050 1551 superficie
1065 1517 1225 1550 videantur,
1242 1518 1398 1546 medullitus
1414 1525 1503 1547 tamen
1525 1521 1646 1548 veritatis
1657 1529 1702 1549 ar-

907 1570 973 1590 cana
984 1571 1037 1590 non
1050 1568 1172 1598 tangunt,
1184 1564 1247 1598 quia
1260 1565 1394 1598 superbiae
1403 1565 1473 1592 nube
1487 1567 1701 1600 praepediuntur.

910 1609 1023 1643 Semper
1038 1609 1110 1637 enim
1125 1609 1234 1644 superbi
1249 1609 1339 1645 legunt
1352 1630 1359 1643 ,
1377 1615 1501 1645 quaerunt
1516 1615 1543 1639 et
1564 1620 1701 1648 nunquam

910 1655 1060 1682 inveniunt.

945 1701 971 1728 5.
990 1700 1094 1728 Divinae
1109 1701 1176 1735 legis
1193 1700 1338 1735 penetralia
1355 1701 1500 1729 humilibus
1511 1722 1519 1735 ‚
1546 1707 1574 1730 et
1586 1703 1655 1732 bene
1667 1705 1702 1732 ad

910 1746 993 1773 Deum
1015 1746 1175 1773 intrantibus
1196 1749 1305 1780 patent;
1327 1746 1414 1780 pravis
1438 1752 1527 1774 autem
1547 1752 1628 1783 atque
1655 1757 1702 1777 su-

909 1792 1000 1827 perbis
1016 1792 1187 1820 clauduntur.
1204 1792 1271 1819 Nam
1287 1793 1410 1827 quamvis
1430 1794 1524 1822 divina
1543 1795 1647 1831 eloquia
1671 1797 1700 1826 in

949 1848 1021 1875 laid.
1039 1848 1196 1875 Avocaverit.
1214 1848 1269 1881 At„
1287 1849 1454 1876 evacuaverit.
1471 1849 1557 1876 Anav.

949 1883 974 1909 5.
988 1884 1115 1918 August„
1130 1884 1176 1910 lib.
1196 1883 1230 1910 de
1244 1884 1343 1917 Spiritu
1355 1889 1381 1910 et
1393 1884 1500 1916 Anima,
1514 1892 1573 1919 cap.
1590 1885 1619 1913 ll
1630 1907 1637 1919 ‚
1654 1887 1702 1915 de-

912 1918 971 1946 linit
983 1919 1119 1953 ingenium
1129 1926 1190 1945 esse
1201 1919 1254 1945 viru
1270 1919 1375 1950 animm,
1392 1919 1448 1946 sive
1462 1920 1635 1947 intentionem
1649 1930 1701 1956 qua

912 1962 942 1982 se
950 1954 1079 1995 'extendit
1093 1954 1181 1980 anima
1193 1976 1200 1988 ,
1217 1958 1245 1981 et
1258 1959 1366 1981 exercet
1388 1954 1422 1981 ad
1437 1955 1633 1990 incognitorum
1655 1964 1702 1984 co-

913 1995 1071 2051 gtttltitjffitegtu.
1087 1989 1214 2050 &anniti-sm.
1225 2044 1231 2056 ,
1248 2025 1363 2064 capiunt.
1381 2024 1468 2052 Anav.

947 2061 1010 2086 Car.
1028 2067 1055 2086 x.
1096 2079 1103 2087 .
1123 2060 1148 2086 l.
1163 2059 1242 2086 Divus
1261 2060 1396 2092 llilarius,
1417 2060 1442 2087 in
1460 2060 1555 2094 psalm.
1576 2069 1656 2095 cxxv,
1672 2062 1700 2090 in

913 2095 1043 2128 principio
1055 2116 1063 2128 ,
1089 2094 1167 2121 docet
1181 2094 1338 2121 doctissime
1363 2103 1415 2122 non
1431 2102 1492 2123 esse
1506 2103 1588 2123 sensu
1604 2102 1699 2125 nostro

913 2131 1066 2164 Scripturas
1080 2135 1185 2156 sanctas
1200 2130 1379 2164 accipiendas,
1397 2135 1423 2157 ut
1439 2130 1560 2158 haeretici
1574 2131 1676 2159 iaciunt
1688 2154 1699 2166 ,

913 2166 960 2192 sed
987 2165 1044 2199 ejus
1065 2165 1136 2191 dono
1155 2170 1235 2198 atque
1257 2172 1309 2199 ope
1328 2165 1517 2200 intelligendas
1536 2167 1580 2199 qni
1609 2168 1697 2195 dixit:

911 2201 1026 2234 Accipite
1039 2199 1165 2235 Spiritum
1182 2205 1314 2233 sanctum,
1337 2205 1363 2227 et
1380 2201 1483 2235 aperuit
1498 2200 1699 2235 seripturarum

912 2236 1035 2263 abstrusa
1051 2240 1078 2262 et
1103 2236 1241 2263 recondita
1255 2242 1344 2263 sensa.
1363 2236 1446 2263 Docet
1458 2236 1529 2263 idem
1544 2236 1620 2263 divus
1637 2237 1700 2264 ilie-

912 2278 1040 2306 ronymus
1050 2289 1057 2302 ‚
1071 2271 1184 2306 epistola
1199 2271 1232 2297 ad
1253 2270 1394 2298 Paulinum
1407 2291 1416 2303 ,
1441 2271 1467 2297 in
1480 2272 1545 2298 ssne.
1558 2271 1633 2298 Unde
1646 2272 1700 2306 Cy-

911 2307 1035 2340 prianus,
1053 2305 1087 2332 de
1099 2306 1200 2333 unitate
1215 2305 1344 2333 Ecclesiae
1358 2306 1414 2333 tere
1433 2306 1458 2332 in
1475 2305 1564 2332 medio
1578 2312 1624 2332 eos
1638 2313 1700 2333 cor-

911 2346 1035 2374 ruptores
1052 2341 1187 2374 Erangelii
1203 2340 1343 2373 nominat,
1367 2341 1430 2367 dum
1446 2340 1566 2374 depingit
1586 2339 1698 2367 haereti-

910 2383 1002 2404 corum
1015 2384 1104 2403 mores
1115 2376 1334 2409 elegantissime3
1349 2380 1376 2401 et
1387 2379 1415 2401 ut
1427 2375 1505 2401 divus
1517 2374 1698 2410 Hieronymus

911 2412 944 2439 de
959 2413 1017 2446 ipsu
1032 2411 1069 2437 ait
1082 2410 1115 2437 ad
1131 2410 1270 2437 Paulinum
1286 2410 1312 2436 in
1330 2410 1395 2442 fine,
1414 2409 1499 2436 instar
1513 2409 1595 2436 sontis
1607 2411 1698 2444 puris-

910 2447 982 2478 simi,
999 2446 1083 2472 dulcis
1099 2445 1207 2476 incedit,
1223 2449 1250 2471 et
1263 2444 1394 2477 placidus.
1405 2442 1516 2471 [ιοιιεΑ.

947 2481 1017 2507 Ibid.
1033 2480 1202 2514 Insandatur.
1223 2478 1334 2506 Videtur
1351 2486 1487 2513 exponere
1509 2478 1576 2506 illud
1597 2480 1705 2514 psalm:

911 2523 1004 2549 cxvnt,
1026 2514 1068 2556 Iyt-
1086 2518 1161 2541 corde
1176 2521 1232 2541 meo
1246 2514 1367 2541 abscondi
1391 2513 1491 2548 eloquia
1504 2518 1569 2547 tua,
1595 2519 1623 2541 ιιι
1645 2523 1698 2542 non

911 2549 1221 2616 peclcgffifffiissghzil..
1237 2583 1475 2624 infinum-&vertit
1489 2583 1638 2612 Vezzozius
1649 2585 1698 2614 Se-

911 2621 1120 2655 mipelagianum
1131 2619 1226 2646 saltem
1235 2618 1292 2646 lere
1305 2626 1351 2652 qut
1362 2619 1388 2646 id
1402 2623 1522 2654 negaret.
1536 2619 1624 2648 Aser.

948 2657 1013 2684 Car.
1030 2663 1067 2682 xi.
1081 2654 1112 2681 N.
1128 2654 1154 2681 l.
1170 2653 1266 2681 Totum
1282 2654 1332 2681 hoc
1349 2661 1379 2681 ca
1401 2659 1429 2681 ut
1441 2654 1610 2689 desumptum
1625 2659 1667 2683 est
1681 2662 1698 2682 ι

911 2691 1037 2725 Gregor..
1055 2689 1102 2717 lib.
1115 2689 1209 2716 uorat.
1223 2696 1270 2720 xx.
1284 2695 1344 2723 cap.
1378 2661 1399 2716 f
1406 2707 1415 2722 ,
1428 2689 1492 2716 dunt
1506 2690 1617 2724 exponit
1630 2690 1698 2718 ittud

911 2726 982 2755 Job:
998 2725 1049 2759 Qui
1063 2723 1186 2751 rodebant
1196 2724 1224 2750 itt
1233 2723 1382 2758 solitudine,
1393 2723 1538 2759 squalentes
1551 2725 1699 2752 calamitate

911 2766 934 2788 et
949 2761 1061 2788 miseria.
1075 2759 1184 2787 Lotis*-

945 2797 975 2824 2.
991 2795 1099 2830 Semper
1109 2794 1186 2822 mim.
1199 2793 1245 2822 Sic
1254 2794 1380 2829 Gregor„
1396 2794 1443 2823 lib.
1458 2801 1493 2822 xx
1502 2793 1598 2824 uorat.
1609 2814 1619 2831 ,
1632 2801 1694 2831 esp.

911 2831 929 2860 9
943 2839 950 2859 :
965 2831 1021 2865 Qec
1035 2831 1095 2866 ptus
1107 2833 1244 2866 appetant,
1255 2829 1313 2865 plus
1324 2830 1456 2858 amttam.
1471 2829 1579 2860 Ι-οΑιΙι.

1461 2909 1501 2943 22
