1832 3016
141 162 193 190 698

664 156 693 184 S.
715 154 840 184 lslnonl
859 154 1080 187 ttlSPALENSts
1099 158 1248 189 EPlscorl

1717 161 1769 194 ⁶9⁶

139 218 268 252 scriptum
280 221 341 244 est:
357 215 407 248 Qui
420 213 527 250 apponit
541 213 683 247 seientiam,
696 214 806 249 apponit
817 218 841 241 et
856 214 930 242 doto·
943 214 971 245 A
981 215 1044 244 dum
1059 221 1148 246 tamen
1172 219 1301 247 Dominus
1326 219 1364 248 ita
1390 220 1527 257 praecipiat
1545 222 1623 251 nobis
1646 228 1769 258 parentes

139 273 203 292 rem.
219 262 316 297 (Eccle.
332 268 350 294 1,
372 259 428 294 18).

174 310 201 335 2.
217 308 345 340 Quantum
365 305 436 333 enim
448 305 565 340 quisque
581 305 697 340 potuerit
712 313 826 340 superna
841 306 926 339 scire,

138 362 197 389 quae
210 356 330 387 appetat,
348 356 421 378 tanto
434 352 467 378 de
488 351 586 379 intimis
601 353 691 379 acrius
703 352 800 387 quibus
815 352 928 380 inhaeret

139 398 230 426 dolere
245 397 334 425 debet.
352 397 463 432 Propter
478 397 529 424 hoc
541 398 611 425 enim
623 402 651 425 et
664 398 779 426 lacobus
791 399 928 433 apostolus

137 444 201 470 dicit
217 453 223 470 :
240 443 329 470 Miseri
351 448 438 476 estole,
454 443 545 478 lugete,
557 448 580 470 et
598 444 708 479 plorate,
725 445 793 472 risus
812 446 927 472 vesterin

137 492 234 518 luctum
248 495 418 523 eonvertatur,
435 494 458 517 et
472 490 597 525 qaudium
608 491 636 518 in
652 500 784 519 moerorem
808 491 878 527 (Jac.
890 499 926 525 tv,

137 536 176 571 9).
190 537 254 563 Hinc
277 537 356 563 etiam
379 536 526 562 Dominus:
542 536 625 569 Beati,
648 538 749 572 inquit,
773 538 816 573 qui
831 539 926 573 lugent,

136 582 255 615 quoniam
268 581 317 615 ipsi
330 581 529 608 consotabuntur
543 582 651 616 (nauh.
668 591 694 616 v,
711 583 750 617 5).
768 584 802 610 Et
815 591 925 611 rursus:

139 624 185 652 Vae
198 626 266 652 vobis
280 626 324 660 qui
338 626 436 659 ridetis,
452 627 572 661 quonium
585 628 679 663 flebitis
695 629 770 663 (Luc.
790 637 816 657 vt
827 650 835 663 ‚
851 630 909 665 25).

172 669 198 696 5.
212 670 261 703 Qui
277 670 310 697 ad
326 671 376 698 hoc
391 672 594 700 conversionem
608 674 756 701 sanctitatis
769 675 927 709 praetendit,

135 724 164 746 ut
178 720 235 746 aliis
247 720 404 755 quandoque
416 728 531 755 praeesse
546 722 699 755 desideret,
717 723 766 750 iste
781 730 834 751 non
848 724 928 751 disci-

134 765 213 799 pulus
237 765 351 798 Christi,
372 766 418 794 sed
442 767 581 801 pravitatis
605 772 724 795 sectator
746 769 851 802 existit,
866 771 926 805 quia

135 819 191 839 non
217 820 265 846 pro
281 814 346 844 Deo,
361 814 407 840 sed
432 821 480 848 pro
498 814 589 842 saeculi
604 814 705 844 honore
721 820 826 850 portare
838 816 927 844 studet

135 858 222 886 crucis
237 859 337 887 Christi
350 860 480 888 laborem.

427 906 540 935 CAPUT
555 907 628 936 xxi.

214 952 254 979 De
267 953 398 980 monachis
412 954 455 987 qm·
471 954 538 981 curis
558 955 644 982 soecult'
660 960 826 990 occupantur.

170 997 198 1024 l.
212 997 245 1024 ili
257 998 301 1033 qui
319 1006 366 1032 pro
382 998 429 1026 Dei
445 999 540 1027 timore
553 1001 651 1027 saeculo
663 1001 832 1034 renuntiant,
847 1004 874 1029 et
886 1005 926 1028 ta-

133 1049 195 1070 men
215 1043 285 1070 curis
297 1051 385 1071 rerum
405 1044 575 1073 familiarium
589 1046 767 1081 implicantur,
780 1051 880 1081 quanto
896 1054 926 1074 se

132 1096 224 1116 rerum
251 1089 346 1117 studiis
374 1095 520 1125 occupant,
543 1096 616 1119 tanto
643 1099 659 1119 a
687 1092 816 1120 charitate
836 1093 925 1121 divina

132 1135 237 1170 seipsos
251 1140 387 1170 separant.
403 1137 453 1170 Qui
472 1138 549 1165 simul
560 1142 588 1165 et
608 1140 720 1166 terrenis
736 1139 817 1174 308
833 1147 926 1173 parere

132 1180 205 1208 curis
229 1185 257 1208 et
280 1182 377 1210 dlvinis
403 1184 526 1211 exerceri
546 1185 669 1219 student,
690 1190 832 1220 utrumque
853 1193 926 1214 com-

131 1226 213 1261 plecti
240 1227 321 1255 simul
348 1236 401 1256 non
423 1230 523 1257 valent.
541 1230 607 1257 Nam
632 1231 697 1258 duas
722 1239 799 1258 curas
829 1232 926 1266 pariter

131 1271 222 1299 inesse
233 1274 335 1306 pectori
348 1274 465 1302 humano
480 1283 532 1302 non
545 1283 623 1310 posse
633 1285 639 1309 ;
651 1282 677 1304 et
691 1277 795 1305 duobus
807 1278 926 1306 servien-

133 1321 188 1346 tem
203 1318 328 1352 dominis,
345 1320 451 1354 utrique
465 1321 570 1355 placere
583 1322 690 1350 difficile
704 1327 755 1350 est.

168 1362 197 1389 2.
215 1363 270 1390 Nisi
291 1365 364 1398 prius
376 1373 390 1391 a
411 1366 600 1394 secretioribus
614 1368 702 1395 cordis
715 1368 863 1403 expellatur
876 1369 926 1396 im-

132 1411 248 1442 portuna
261 1409 430 1437 saecularium
442 1411 581 1438 multitudo
593 1419 716 1440 curarum
727 1433 735 1447 ,
751 1414 838 1440 anima
848 1434 855 1445 ,
865 1421 925 1448 quae

132 1453 296 1482 intrinsecus
308 1454 397 1488 jacet,
414 1463 580 1491 nequaquam
595 1462 727 1491 resurget.
742 1458 808 1485 Nam
821 1459 883 1485 dum
895 1467 925 1486 se

132 1506 183 1533 per
197 1499 352 1528 innumeras
366 1501 456 1528 saeculi
472 1501 645 1537 cogitationes
659 1503 776 1538 spargit,
794 1504 826 1531 ad
838 1504 926 1532 conisi-

131 1544 299 1573 derationem
314 1547 354 1573 sui
367 1554 397 1574 se
411 1547 562 1575 nullatenus
580 1549 690 1583 colligit.

979 263 1054 290 odire
1063 283 1071 297 ,
1086 264 1155 292 sicut
1174 269 1202 292 et
1215 266 1318 294 animas
1331 270 1448 295 nostras.

1015 308 1041 335 7.
1055 308 1179 344 Figuram
1199 316 1351 340 sanctorum
1364 313 1480 341 virorum
1489 314 1698 343 renuntiantium
1713 323 1768 344 ste-

979 353 1040 381 culo
1068 362 1161 384 vaccas
1185 357 1339 393 designasse
1362 359 1580 395 Allophylorum‚
1607 369 1696 389 aream
1722 362 1767 394 Dei

978 403 1124 434 gestantes.
1138 401 1204 429 Nam
1215 403 1283 431 sicut
1296 403 1348 431 illae
1359 405 1499 439 pignerum
1510 406 1650 434 affectibus
1665 414 1680 434 a
1696 412 1769 434 recto
1819 408 1821 416 '

979 445 1074 473 itinere
1089 446 1198 475 minime
1211 449 1337 483 digressae
1351 455 1429 484 sunt,
1446 452 1483 479 ita
1507 457 1534 479 et
1554 453 1595 480 vir
1614 453 1713 481 mundo
1724 461 1768 481 re-

979 490 1113 524 nuntians,
1127 494 1269 526 parentelae
1283 495 1392 523 obtentu
1412 504 1465 524 non
1481 497 1560 525 debet
1578 505 1593 525 a
1610 498 1681 526 bono
1700 506 1769 534 prae·

980 535 1064 569 pediri
1079 538 1225 572 proposito.

1220 586 1301 621 309
1313 586 1426 616 CAPUT
1442 588 1524 616 xxti.

1046 629 1085 657 De
1097 630 1136 657 Itis
1148 631 1191 665 qui
1206 639 1221 657 a
1234 631 1287 658 Deo
1299 633 1389 659 mundi
1403 641 1488 660 amore
1500 634 1700 669 praepediuntur.

1015 675 1040 701 1.
1060 674 1135 702 Multi
1156 676 1269 710 cupiunt
1290 677 1433 705 convolare
1459 678 1492 705 ad
1509 678 1619 712 gratiam
1638 679 1701 713 Dei,
1719 679 1767 706 sed

980 719 1074 747 timent
1085 727 1177 749 carere
1189 722 1393 750 oblectamentis
1402 723 1504 750 mundi.
1515 723 1646 751 Provocat
1659 724 1766 759 quidem

979 774 1026 794 eos
1038 774 1114 794 amor
1128 767 1241 801 Christi,
1256 769 1303 796 sed
1321 775 1430 797 revocat
1449 769 1582 805 cupiditas
1596 770 1697 798 saeculi.
1714 770 1767 804 Qui

979 814 1092 848 proinde
1105 814 1299 844 obliviscuntur
1317 817 1388 850 voti,
1404 817 1467 852 quia
1481 817 1621 852 capiuntur
1634 816 1768 846 illecebris

979 859 1112 887 vanitatis.

939 905 964 934 B
1011 905 1039 933 2.
1054 905 1225 942 Quaecunque
1239 914 1315 935 mens
1329 907 1454 942 procellis
1470 908 1562 935 mundi
1581 907 1660 942 huius
1680 907 1768 935 invol-

977 951 1056 984 veris,
1073 952 1171 986 lignum
1192 953 1341 980 conscende
1359 953 1458 987 erucis,
1475 957 1504 981 ut
1527 961 1542 981 a
1563 954 1685 988 mari‚id
1708 958 1767 988 est,

978 1002 1134 1032 tempestate
1155 998 1232 1033 huius
1256 1000 1347 1026 saeculi
1373 999 1506 1027 libereris.
1520 999 1587 1026 Nam
1610 999 1699 1026 nullus
1714 1004 1768 1027 tea

978 1043 1037 1071 lacu
1053 1044 1148 1071 mortis
1168 1044 1291 1072 humanae
1311 1045 1438 1077 salvabit,
1452 1045 1502 1072 nisi
1516 1044 1637 1072 Christus
1657 1045 1767 1072 eruerit.

1014 1090 1040 1117 5.
1055 1090 1105 1123 Qui
1118 1091 1216 1118 saeculo
1227 1092 1380 1119 renuntiare
1391 1092 1535 1126 disposuit,
1549 1091 1769 1126 transgressionis

977 1141 1053 1163 reatu
1078 1136 1234 1171 astringitur
1247 1157 1255 1169 ,
1287 1136 1309 1163 si
1331 1141 1422 1164 votum
1450 1136 1601 1163 mutaverit.
1636 1136 1769 1164 Atrociter

978 1182 1048 1210 enim
1061 1182 1088 1209 in
1100 1182 1267 1209 discussione
1277 1182 1359 1209 divini
1372 1183 1464 1217 J‘udicii
1478 1181 1608 1218 arguendi
1622 1187 1698 1216 sunt,
1712 1183 1765 1218 qui,

977 1228 1047 1263 quod
1064 1228 1230 1263 professione
1244 1228 1459 1263 spoponderant,
1474 1228 1586 1262 implere
1599 1235 1680 1263 opere
1702 1235 1768 1256 con-

978 1279 1154 1309 tempserunt.

1013 1320 1040 1347 4.
1057 1321 1214 1348 Mirabiliter
1239 1325 1411 1356 comparatur
1439 1320 1586 1348 similitudo
1605 1328 1620 1348 a
1649 1321 1769 1354 volupta-

977 1366 1047 1394 tibus
1068 1367 1159 1394 mundi
1185 1368 1291 1394 conanti
1319 1368 1407 1395 redire
1421 1367 1454 1395 ad
1476 1368 1576 1402 Deum,
1592 1367 1768 1395 retinentibus

977 1419 1037 1439 eum
1050 1413 1238 1446 cupiditatibus
1252 1414 1357 1446 sarculi,
1370 1415 1393 1441 ei
1405 1415 1449 1449 qui
1463 1415 1611 1442 dormitans
1625 1421 1768 1450 exsurgere

977 1462 1099 1492 conatur,
1114 1463 1141 1485 et
1161 1466 1258 1493 sopore
1284 1459 1372 1486 somni
1386 1459 1554 1493 deprimitur.
1573 1459 1621 1487 Ille
1645 1460 1717 1487 enim
1734 1459 1767 1487 ad

976 1504 1076 1531 honum
1091 1504 1165 1532 novit
1179 1505 1283 1540 redire,
1295 1511 1322 1533 et
1340 1506 1504 1540 voluptatum
1515 1505 1619 1534 facibus
1638 1513 1690 1533 non
1703 1506 1769 1533 sini-

977 1555 1029 1578 tur.
1045 1551 1096 1578 lste
1111 1551 1208 1579 meHus
1230 1551 1302 1587 eligit
1322 1552 1446 1586 vigilare,
1458 1553 1507 1579 sed
1530 1552 1636 1587 soporis
1660 1557 1767 1588 torpore

169 1590 197 1617 5.
212 1591 340 1626 Arguitur
352 1599 443 1619 eorum
456 1597 532 1627 tepor
548 1594 607 1628 qui,
621 1593 676 1621 Deo
687 1602 782 1622 vacare
794 1595 925 1629 volentes,
941 1591 964 1622 C
980 1602 1095 1625 tenetur.

131 1641 159 1666 et
172 1638 273 1666 mundo
285 1640 453 1672 renuntiant,
464 1644 492 1667 et
505 1647 583 1667 curas
598 1641 718 1675 proprias
730 1647 905 1675 aspernantur
916 1651 923 1675 ;

130 1683 178 1711 sed
193 1684 258 1711 dum
282 1685 492 1719 propinquorum
515 1685 645 1713 utilitates
668 1692 831 1721 procurant,
844 1695 859 1715 a
874 1688 924 1716 Dei

130 1736 223 1757 amore
235 1737 265 1758 se
278 1735 414 1765 separant.

167 1775 195 1803 4.
211 1774 257 1803 Vir
271 1776 418 1811 spiritualis
442 1777 477 1804 ita
501 1778 628 1812 prodesse
645 1778 726 1806 debet
739 1785 795 1806 suae
813 1780 923 1815 propin-

131 1821 241 1856 quitati,
255 1827 284 1849 ut
298 1822 361 1850 dum
376 1823 430 1851 illis
442 1824 555 1858 gratiam
571 1825 660 1852 carnis
675 1830 803 1860 praestare
816 1826 922 1860 studet,

130 1869 189 1902 ipse
203 1875 217 1895 a
230 1869 362 1903 spirituali
378 1871 516 1904 proposito
530 1878 697 1905 nequaquam
708 1871 834 1899 declinet.
849 1872 923 1900 Multi

130 1914 204 1941 enim
216 1915 407 1942 monachorum
421 1923 512 1943 amore
527 1921 668 1950 parentum
681 1918 827 1944 nonsolum
841 1923 925 1947 terre-

129 1959 171 1987 nis
187 1960 268 1992 curis,
285 1960 332 1988 sed
350 1962 432 1989 etiam
452 1961 604 1990 forensibus
622 1963 718 1998 J'urgiis
739 1963 922 1997 involvuntur,

129 2008 155 2032 et
169 2012 217 2039 pro
229 2012 338 2032 suorum
353 2007 492 2041 temporali
505 2007 592 2035 salute
604 2008 707 2036 animas
721 2016 784 2036 suas
799 2009 922 2043 perdunt.

163 2050 190 2078 5.
209 2051 349 2090 interdum,
364 2052 485 2080 ordinata
510 2054 638 2082 discretio
656 2059 714 2089 est,
730 2056 792 2083 dum
811 2058 924 2092 negatur

127 2097 252 2131 proximo
266 2098 337 2133 quod
363 2105 506 2134 praeslatur
527 2106 667 2136 extraneo,
683 2107 712 2129 ut
736 2104 856 2137 noveris,
868 2112 922 2132 non

127 2142 264 2175 prohiberi
291 2144 397 2178 pietatis
418 2145 554 2180 osticium,
569 2147 617 2174 sed
642 2149 732 2183 negari
756 2150 922 2179 carnalitatis

128 2186 265 2215 allectum.
282 2189 413 2217 Proximis
433 2190 506 2219 enim
521 2193 664 2220 carnaliter
684 2199 837 2230 praestatur,
849 2196 920 2231 quod

127 2235 266 2262 extraneis
281 2235 323 2269 pie
339 2236 511 2272 impenditur.

1014 1642 1039 1669 5.
1055 1643 1077 1669 Α
1103 1642 1174 1670 bono
1189 1642 1215 1670 in
1230 1643 1347 1670 deterius
1362 1643 1451 1678 lapsos
1466 1650 1546 1678 supra
1570 1644 1702 1671 carbones
1716 1643 1767 1671 l'ri-

978 1687 1054 1723 gidos
1076 1688 1133 1715 lieri
1149 1689 1291 1723 nigriores,
1304 1689 1365 1723 quia
1390 1697 1438 1723 per
1460 1694 1595 1723 torporem
1609 1690 1707 1717 mentis
1731 1689 1766 1717 ab

978 1736 1039 1770 igne
1054 1735 1190 1762 charitatis
1206 1735 1253 1762 Dei
1266 1736 1391 1763 exstincti
1403 1740 1481 1768 sunt,
1495 1740 1538 1768 et,
1553 1743 1600 1771 per
1615 1735 1706 1763 mundi
1720 1743 1766 1770 ap-

977 1781 1090 1815 petitum
1104 1789 1119 1808 a
1136 1781 1196 1808 luce
1210 1788 1333 1815 supernae
1344 1774 1546 1810 illuminationis
1555 1782 1666 1817 privati,
1679 1782 1767 1817 nigre·

976 1827 1039 1854 diue
1054 1831 1222 1862 peccatorum
1239 1827 1385 1855 fuscantur.

1011 1873 1038 1900 6.
1053 1873 1164 1906 Quidam
1193 1874 1368 1901 intentionem
1396 1873 1474 1901 bonae
1499 1874 1663 1909 operationis
1690 1878 1765 1902 metu

975 1918 1148 1952 exstinguunt
1162 1917 1260 1952 inopiae
1269 1939 1276 1951 ‚
1293 1926 1343 1946 nec
1353 1920 1546 1954 permittuntur
1557 1920 1662 1947 infirma
1675 1924 1766 1947 mente

976 1963 1126 1991 desiderata
1141 1963 1283 1998 perlicere:
1296 1968 1322 1991 et
1336 1971 1395 1991 cum
1411 1963 1530 1998 indigere
1550 1964 1577 1992 in
1593 1965 1692 1992 mundo
1706 1972 1764 1992 me-

976 2012 1069 2042 tuunt,
1081 2016 1096 2035 a
1108 2009 1192 2044 gloria
1204 2016 1317 2043 superna
1332 2009 1491 2044 semetipsos
1505 2009 1674 2037 abscindunt.

1011 2056 1038 2082 7.
1055 2055 1142 2083 Multis
1172 2055 1345 2083 consiliorum
1370 2055 1535 2090 argumentis
1558 2055 1700 2083 insidiatur
1725 2055 1764 2083 eis

975 2100 1097 2128 diabolus
1109 2100 1136 2127 in
1152 2100 1317 2135 acquirendo
1332 2099 1446 2134 plurima
1464 2100 1509 2134 qui
1525 2100 1617 2134 paucis
1631 2104 1659 2128 et
1673 2099 1763 2127 modi-

974 2147 1014 2174 cis
1027 2151 1158 2174 voverant
1179 2153 1240 2173 esse
1252 2146 1382 2173 contenti.
1400 2145 1517 2180 opponit
1531 2144 1613 2180 igitur
1630 2145 1658 2172 in
1670 2151 1763 2172 eorum

974 2199 1079 2221 mentes
1093 2194 1208 2220 futuram
1221 2197 1367 2227 egestatem
1381 2190 1496 2218 filiorum
1507 2211 1515 2223 ‚
1526 2191 1608 2226 310
1622 2190 1764 2226 persuadet

973 2239 1073 2266 habere
1088 2239 1161 2273 plura
1172 2259 1180 2272 ,
1194 2238 1265 2266 uude
1287 2238 1340 2266 sibi
1354 2237 1500 2271 egenisque
1522 2236 1655 2268 sufficiat,
1670 2239 1764 2271 quate-

164 2280 190 2306 6-
207 2280 280 2308 Sicut
292 2286 383 2310 nostra
401 2284 477 2312 nobis
494 2291 548 2312 non
562 2285 677 2313 odienda
690 2291 732 2314 est
747 2287 854 2321 anima,
868 2287 918 2316 sed
932 2270 960 2301 Ῑ)
972 2291 1021 2311 nus
1045 2283 1087 2310 hi's
1109 2283 1296 2310 blandimentis
1311 2282 1487 2310 intentionem
1512 2281 1591 2308 bonae
1611 2280 1762 2308 devotionis

127 2324 185 2359 eius
199 2327 322 2355 carnales
339 2328 449 2358 affectus
467 2331 530 2358 odio
547 2331 676 2359 debemus
692 2333 806 2365 habere.
819 2334 854 2360 ita
868 2341 918 2362 nec

126 2374 251 2403 parentes
265 2372 327 2399 odio
347 2380 362 2400 a
379 2374 456 2402 nobis
470 2375 585 2404 habendi
600 2380 663 2403 sunt
674 2396 682 2409 ,
694 2377 740 2404 sed
756 2384 849 2404 eorum
864 2378 917 2405 im-

125 2415 294 2453 pedimenta,
310 2426 370 2454 quae
391 2427 441 2448 nos
462 2421 497 2449 ab
515 2421 612 2449 itinere
632 2426 708 2450 recto
727 2422 915 2457 praepediunt,

161 2484 189 2512 2.
207 2486 233 2514 ln
253 2486 358 2516 duobus
383 2488 450 2516 Cod.
472 2489 619 2525 Seguntino
646 2494 674 2518 et
697 2490 826 2518 Toletano
850 2496 912 2519 est:

126 2520 198 2548 Hinc
209 2522 286 2549 etiam
299 2523 426 2551 Dominae
446 2524 512 2552 dixit
524 2526 558 2552 ad
572 2533 615 2553 eos
628 2526 671 2560 qm*
693 2533 740 2559 pro
753 2527 800 2553 hoc
819 2526 914 2553 soecuto

126 2561 303 2584 convertuntur
324 2562 352 2585 ut
371 2558 492 2587 honorem
511 2561 695 2588 sacerdotalem
717 2561 891 2595 adipiscantur
904 2568 915 2588 .·

131 2589 177 2618 Vae
189 2591 258 2619 vobis
271 2593 316 2627 qui
326 2593 427 2626 ridetis,
442 2596 562 2628 quoniam
579 2596 684 2630 flebitis.
699 2595 808 2624 Louss.

162 2626 226 2653 Gn».
242 2635 300 2654 xxi.
317 2627 349 2655 N.
366 2629 392 2655 1.
405 2629 470 2663 Alii,
485 2631 600 2665 utrisque
615 2631 727 2666 placere.
742 2631 829 2659 ΑΒΕ-ν.

163 2661 190 2688 t.
206 2661 299 2697 Greg„
324 2663 371 2690 lib.
386 2663 479 2692 Moral.
494 2672 543 2698 vu,
558 2673 583 2693 c.
599 2666 643 2693 17.
663 2666 773 2693 Loun-

144 2728 151 2735 ·
164 2694 234 2724 ibid.
247 2697 372 2725 Fortasse
385 2699 470 2734 qratia
483 2700 587 2732 carnin·
601 2708 663 2728 nam
677 2705 800 2735 proeuare
813 2699 917 2736 simpli-

129 2733 195 2758 citer
209 2738 257 2764 pro
271 2733 391 2766 prodesse
404 2734 473 2761 solet
487 2734 619 2762 adhiberi.
634 2736 722 2764 Auev.

164 2764 258 2805 5.·Alii
271 2787 278 2799 ,
295 2769 403 2802 parenti,
428 2776 476 2803 pro
498 2770 628 2805 proximo,
644 2775 672 2799 et
693 2771 852 2807 parentibus.
866 2777 917 2806 pro

129 2801 365 2841 proemia-neque
385 2802 485 2844 inepte,
508 2811 580 2847 nam·
593 2814 687 2841 parens
710 2814 759 2842 pro
783 2806 916 2843 proximo.

129 2836 919 2914 tetartttstztttst.t‘.*.¹:tt²:‚¹‡·..‚‘i:‡ttt.mtt‘:z

970 2329 1122 2363 subvertat,
1135 2334 1215 2364 atque
1228 2328 1255 2356 in
1270 2328 1383 2356 terrenis
1396 2327 1478 2354 lucris
1487 2326 1626 2360 deceptam
1639 2329 1757 2353 mentem

969 2376 1137 2449 rezoeffims
1159 2419 1323 2456 argumentis
1345 2418 1487 2448 insidiatur
1509 2417 1632 2446 diabolus
1651 2417 1693 2445 eis
1715 2417 1760 2452 qui

968 2489 1038 2518 libus
1053 2493 1080 2516 et
1093 2487 1286 2523 superioribus.
1303 2487 1389 2515 Anev.

1005 2524 1032 2551 ¹1.
1047 2523 1140 2558 Greg..
1154 2522 1202 2551 lib.
1216 2530 1252 2550 vu
1283 2523 1388 2554 uorat„
1406 2530 1431 2550 c.
1447 2522 1491 2550 ¹7.
1507 2521 1616 2550 Lonsa.

1004 2558 1069 2587 Car.
1084 2566 1152 2585 xxti.
1165 2557 1198 2584 N.
1214 2558 1239 2587 l.
1258 2557 1337 2585 Vetus
1351 2557 1450 2591 Editio,
1466 2557 1556 2584 timent
1579 2563 1667 2584 caven
1690 2555 1762 2585 oble-
1813 2584 1819 2594 ἴ

969 2598 1105 2622 εεαηιεηω.
1118 2596 1206 2620 Ansv.

1004 2629 1032 2656 2.
1048 2628 1112 2661 Alii,
1128 2627 1246 2663 procellis
1267 2629 1409 2656 vanitatum
1422 2627 1522 2663 mundi,
1534 2631 1562 2655 et
1585 2634 1659 2662 mox,
1673 2626 1758 2654 ulva-

970 2664 1022 2726 mss
1037 2662 1678 2733 n'i'iitgraffo{ssffght‘ilnevzrriieaAfitpravatissima
1692 2695 1757 2726 itu.

967 2719 1596 2798 ”s'titzittx.2¹¹¹lt;³⁰3213¹elimam.
1542 2732 1653 2796 ωεστ
1669 2765 1758 2797 w...

969 2806 1202 2868 Logfsssraeeorum
1225 2840 1373 2869 cenodoxia
1393 2839 1494 2881 tati-is
1514 2842 1638 2881 eotvaua
1659 2837 1757 2875 gloria.

973 2875 1117 2904 cassianus
1130 2882 1198 2905 voce
1221 2883 1254 2904 ea
1281 2876 1435 2911 nequemai-
1458 2878 1550 2904 ututur.
1565 2874 1598 2903 Et
1610 2873 1659 2903 int».
1681 2878 1710 2901 xt
1723 2871 1758 2903 do
