1832 3016
161 165 210 195 9ss

642 159 671 187 S.
691 157 815 186 tstbont
836 156 1057 187 tttSPALENStS
1077 159 1232 189 EpiscoPt

1734 166 1785 194 9t22

158 228 307 252 manemus.
315 219 353 247 Ob
363 219 412 246 hoc
419 221 499 252 elego
510 220 611 243 vertam
625 222 720 250 preces
730 215 756 242 in
766 213 951 249 querelam,ttt
965 214 989 246 Α
1002 216 1118 250 przrmisi
1133 224 1251 250 recurro,
1266 218 1300 244 ad
1315 217 1543 252 importunitatem
1557 218 1661 247 seilicet
1675 220 1787 249 amicam

158 268 229 304 quod
241 264 434 300 supplicatione
448 261 575 296 nequivi,
597 261 641 289 vel
659 260 791 288 calumnia
817 258 948 286 lacessen-

158 315 193 342 do
215 313 315 339 valeam
338 309 459 344 adipisci.
500 308 578 343 saepe
598 314 712 342 namque
734 306 804 333 solet
826 305 950 332 mendico

158 358 284 395 prodesse
299 355 462 383 vociferatio.

192 405 219 431 5.
241 403 368 437 Quocirca
393 409 450 432 cnr,
477 403 618 434 quaesotc,
641 399 677 426 mi
692 398 810 431 domine,
827 405 880 425 non
897 398 950 425 tri-

155 450 223 477 buas
237 448 309 484 qttod
325 447 446 482 rogaris?
463 446 549 473 Unum
564 445 644 477 scias,
662 452 715 472 non
730 444 872 476 dimittam,
888 451 950 478 qua-

156 497 180 524 si
195 497 297 530 tingens
313 501 355 520 mc
367 493 437 519 nolle
450 496 555 527 negata.
568 491 621 518 Sed
633 498 763 526 «pueram,
780 495 807 516 et
818 490 950 517 instanter

154 547 272 576 quaeram
288 561 295 570 ,
323 544 463 572 quousque
489 542 578 564 autem
599 536 748 571 accipiam,
772 540 817 562 aut
832 536 948 568 eliciam,

154 587 275 623 piissimo
292 585 471 618 Redetttptore
484 583 614 618 jubente:
631 583 753 617 Qucersse,
770 588 793 609 et
807 583 945 615 invenietis,

154 637 181 659 et
197 631 356 665 adjiciente:
370 629 486 665 pulsate,
501 633 524 656 el
536 629 664 664 aperietur
678 629 746 655 vobit
763 627 839 663 (Luc.
854 635 892 660 xt,
909 627 949 662 9).

155 678 269 712 Quoesivi
285 699 293 711 ,
315 682 342 703 et
355 682 446 711 quaero
458 695 465 708 ,
490 675 571 702 etiam
586 674 671 709 pulso.
701 673 777 701 Unde
790 678 816 700 et
830 674 949 706 clamito,

154 730 184 752 ut
198 725 314 759 aperias.
334 723 400 750 Nam
417 722 496 756 liujus
511 720 660 756 argumenti
685 727 728 747 me
742 720 895 747 consolatur
910 720 950 746 in-

153 771 256 802 ventio,
271 769 331 805 quia
346 769 390 803 qui
406 767 590 802 contempsisti
605 766 801 802 postulantem,
824 765 950 793 exaudies

154 818 222 845 forte
236 816 452 844 calumniantem.

187 865 215 892 ti.
239 864 305 890 lline
318 868 344 890 et
358 870 408 898 ego
423 862 518 889 scienti
534 865 579 888 tua
593 861 696 896 ingero,
720 868 770 888 nec
785 861 848 896 styli
860 861 949 895 jacta-

154 912 226 938 tione
242 911 304 938 novi
318 910 417 945 aliquid
433 916 576 944 suggerere
598 909 728 943 insipiens
744 908 862 943 perfecto
882 916 949 942 prae-
966 899 989 930 Β

153 964 242 984 sumo.
263 955 317 984 Nec
339 961 428 984 tanten
454 955 585 983 erubeseo
612 954 754 989 imperitus
770 954 948 981 disertissimo

157 1003 250 1037 loqui,
278 1001 418 1037 apostolici
435 1008 539 1028 memor
563 1000 710 1034 pracepit,
725 1007 777 1034 quo
797 1000 949 1033 praeciperis

155 1049 270 1076 libenter
295 1048 408 1075 sufferre
433 1047 612 1081 insipientem.
647 1046 826 1079 Quamobrem
857 1045 950 1078 accipe

154 1097 287 1123 clamores
308 1094 462 1122 calumniae.
492 1093 546 1120 Cur
562 1101 627 1128 rogo
643 1093 805 1119 talentorum
820 1091 949 1118 distribu-

155 1143 253 1169 tionem
283 1145 308 1167 et
328 1141 490 1167 cibariorum
515 1139 745 1174 dispensationem
760 1138 805 1165 tibi
818 1137 948 1165 creditam

155 1189 293 1222 hucusque
316 1186 454 1213 retentas?
478 1185 537 1212 Jam
567 1185 640 1211 solve
655 1191 781 1216 manum,
812 1182 950 1216 impertire

155 1234 274 1265 familiis,
286 1241 320 1260 ne
333 1233 421 1267 inopia
436 1237 547 1266 pereant
560 1231 647 1258 tamis.
664 1231 738 1258 Nosti
756 1230 817 1264 quid
834 1231 950 1257 creditor

157 1281 268 1308 veniens
283 1285 406 1313 reposcat
428 1285 494 1306 ate.
510 1279 566 1305 Non
593 1278 727 1305 minuetur
752 1277 798 1303 tibi
824 1276 951 1310 quidquid

156 1326 261 1354 dederis
277 1325 365 1353 nobis.
386 1325 487 1352 Memor
503 1330 560 1352 esto
574 1324 662 1358 parvis
675 1323 788 1358 panibus
803 1322 952 1349 multitudi-

158 1379 220 1400 nem
237 1371 360 1398 satiatam
376 1392 382 1403 ‚
399 1376 425 1398 et
438 1377 579 1404 superasse
595 1369 723 1403 reliquias
739 1360 968 1402 fragmentorum*

156 1418 339 1453 magnitudine
352 1424 459 1451 panum.

191 1465 219 1492 5.
240 1464 279 1490 An
296 1467 371 1497 putas
387 1463 487 1489 donum
511 1462 559 1488 tibi
583 1461 710 1488 collatum
734 1468 782 1495 pro
805 1465 831 1487 te
846 1461 949 1487 solnm-

157 1510 238 1538 modo
253 1517 313 1537 esse
326 1509 438 1536 datum?
455 1508 487 1535 Et
502 1513 619 1535 vestrum
634 1512 685 1539 est,
700 1512 726 1534 et
741 1512 861 1534 nostrum
876 1514 950 1533 com-

157 1563 236 1582 mune
251 1559 303 1587 est,
318 1562 371 1582 non
387 1556 528 1589 privatum.
551 1554 583 1581 Et
601 1554 660 1588 quis
674 1554 765 1580 dicere
779 1553 820 1580 vel
842 1554 951 1579 insanus

157 1605 301 1634 pra-sumat
314 1621 320 1631 ,
343 1605 371 1626 ut
384 1600 488 1634 privato
504 1604 549 1626 tuo
561 1599 689 1633 gaudeas,
705 1599 749 1633 qui
766 1598 799 1625 de
814 1597 948 1624 communi
965 1589 988 1620 C

157 1650 258 1673 tantum
272 1645 469 1680 inculpabiliter
483 1644 600 1679 gaudere
615 1644 702 1671 scias?
725 1645 788 1671 Nam
804 1651 864 1671 cum
880 1645 949 1671 Dens

158 1693 203 1720 tibi
219 1692 397 1720 oeconomiam
412 1693 451 1719 sui
466 1692 584 1720 thesauri
605 1696 633 1719 et.
647 1692 799 1718 divitiarum
815 1712 821 1723 ,
845 1692 948 1724 salutis,

157 1739 297 1773 sapientise
319 1742 347 1765 et
367 1737 486 1765 scientim
502 1742 594 1765 tenere
609 1738 773 1765 concesserit
785 1757 791 1768 ,
815 1744 863 1764 cur
879 1737 950 1772 larga

158 1792 238 1812 manu
264 1792 316 1811 non
341 1784 456 1811 effundis
481 1784 552 1818 quod
578 1784 667 1811 dando
694 1791 747 1810 non
770 1783 896 1810 minues?
910 1786 950 1810 An

158 1837 218 1857 cum
241 1830 267 1856 in
293 1830 420 1857 membris
431 1830 538 1864 superni
561 1830 657 1864 capitis
671 1830 857 1864 unusquisque
872 1830 953 1864 578

159 1875 228 1910 quod
251 1883 303 1902 non
325 1876 427 1909 accepit
448 1876 487 1902 sic
512 1876 538 1902 in
563 1876 647 1903 altero
663 1876 811 1910 possideat,
834 1876 952 1903 ntalteri

160 1921 228 1956 quod
245 1921 325 1948 habet
341 1921 533 1955 possidendum
554 1922 639 1954 sciat,
658 1927 685 1948 tn
700 1922 811 1948 forsitan
827 1922 888 1949 ideo
906 1929 954 1949 no-

160 1967 201 1995 bis
214 1975 309 2002 parcus
322 1968 426 2000 existis,
442 1968 504 2002 qnia
519 1968 590 2003 quod
605 1973 697 1996 mutuo
712 1976 725 1995 a
742 1968 819 1995 nobis
833 1976 954 1996 resumas

160 2022 211 2042 non
226 2014 351 2042 invenis?

196 2061 222 2088 6.
246 2060 299 2088 Sed
315 2061 337 2087 si
361 2059 468 2087 habenti
490 2060 551 2093 das,
568 2060 676 2087 tantilla!
692 2060 824 2088 mercedis
840 2061 954 2087 Fructum

162 2110 294 2141 reportas.
315 2105 362 2133 Sin
379 2113 442 2132 vero
464 2113 518 2132 non
541 2105 650 2132 habenti
675 2105 789 2138 tribuis,
815 2106 956 2140 praeceptis

162 2151 324 2186 evangelicis
340 2150 480 2182 satisfacis,
497 2155 524 2177 ut
539 2150 665 2178 reddatur
681 2151 726 2177 tihi
742 2151 768 2177 in
781 2151 956 2178 retributione

163 2197 308 2233 iustorum.
337 2196 454 2224 Proinde
479 2201 506 2223 et
527 2204 576 2231 ego
600 2197 758 2224 remordeor
780 2198 954 2230 conscientia,

163 2252 196 2272 eo
209 2244 280 2279 quod
296 2244 323 2271 in
349 2251 392 2270 me
413 2244 637 2270 communicabile
660 2243 726 2270 nibil
752 2244 813 2270 boni
829 2243 956 2276 sentiam,

163 2290 291 2325 quoniam
314 2288 442 2324 jubemur
465 2296 512 2323 per
529 2289 683 2315 charitatem
710 2290 814 2316 servire
830 2290 954 2321 invicem,

164 2340 193 2364 et.
207 2335 392 2370 unusquisque
422 2342 502 2369 quam
530 2335 633 2368 aceepit
657 2334 770 2368 gratiam
792 2334 818 2360 in
841 2335 955 2361 alterum

165 2381 238 2409 illam
251 2380 440 2408 administrare
453 2400 460 2412 ,
478 2379 549 2406 sicut
570 2379 633 2406 boni
649 2379 848 2413 dispensatores
862 2379 956 2406 multi-

166 2427 258 2455 toi-mis
272 2426 362 2462 gratim
377 2425 423 2452 Dei
444 2424 470 2460 (1
487 2423 557 2451 Petri
570 2431 607 2456 tv,
626 2424 685 2458 tb);
708 2428 788 2458 atque
803 2424 955 2459 unicuique,

165 2473 234 2501 sicut
245 2472 335 2499 divisit
346 2471 417 2498 Deus
429 2477 581 2497 mensuram
604 2468 664 2496 fidei
677 2489 685 2502 ,
709 2469 734 2495 in
750 2476 829 2495 unam
846 2476 956 2503 compa-

165 2525 225 2553 gem
236 2517 416 2545 membrorum
424 2515 518 2542 debeat
529 2522 587 2542 earn
595 2514 699 2541 caeteris
710 2513 828 2548 partibus
837 2521 956 2541 eommu-

167 2565 258 2592 nicare
270 2584 279 2598 ,
305 2563 367 2600 quia
381 2563 438 2590 haec
459 2562 548 2590 omnia
560 2566 686 2596 operatur
698 2568 776 2592 nnus,
792 2565 872 2595 atque
887 2560 956 2588 idem

166 2611 278 2648 spiritus
292 2610 416 2638 dividens
428 2609 542 2645 singulis
552 2612 630 2643 prout
643 2608 699 2635 vult.
715 2607 804 2642 (Rom.
818 2615 866 2640 ιιι,
881 2607 919 2642 5).

203 2657 230 2684 7.
250 2656 304 2685 Sed
339 2655 372 2683 ad
395 2662 479 2683 unum
504 2661 536 2682 ac
559 2653 694 2688 peculiare
715 2652 863 2681 subsidium
887 2653 958 2688 quod

205 2723 233 2751 3.
253 2723 458 2752 Catumntantem
469 2742 478 2755 ‚
492 2730 527 2749 ex
539 2721 618 2749 Ovct.
632 2721 762 2754 Gothico:
775 2721 957 2753 clamitantem,

170 2758 248 2786 Rom.
264 2759 331 2786 God.
349 2759 448 2786 Pseu.

205 2793 233 2821 t.
253 2793 292 2821 Ex
310 2794 388 2821 ovet.
409 2793 543 2826 Gothico,
569 2799 635 2820 voce
657 2792 729 2819 stulti
743 2792 771 2820 in
784 2791 846 2828 clyti
858 2794 961 2819 tantum

172 2832 283 2856 mutata.
304 2829 402 2856 Peon.

208 2861 275 2902 [bid.
291 2863 355 2896 Atti,
368 2870 414 2891 nee
427 2863 507 2891 stulta
517 2863 669 2900 Jacratioue.
691 2862 724 2891 Et
738 2861 844 2899 ramuli·
859 2868 908 2899 pro
922 2862 962 2899 sa-

173 2895 262 2926 mio.
277 2897 331 2926 Pro
346 2898 422 2930 rami·
433 2897 504 2927 forte
516 2901 596 2931 seme.
612 2899 698 2926 Ant.

970 2277 995 2307 D
1009 2288 1167 2315 emendatos
1189 2292 1216 2314 et
1242 2287 1310 2314 bene
1329 2291 1466 2320 coaptatos
1487 2286 1606 2320 digneris
1628 2286 1751 2318 mittere,
1765 2292 1780 2312 tt

1001 262 1116 289 amicitia
1132 262 1277 295 destitutis,
1294 271 1325 290 ac
1337 264 1408 291 nulla
1419 264 1599 292 membrorum
1615 265 1788 294 bonestorum

1001 309 1084 342 gratia
1099 308 1245 337 decoratis.
1273 309 1374 337 ldcirco
1390 310 1450 336 audi
1475 317 1568 337 vocem
1591 318 1676 337 meam
1693 315 1731 337 tot
1749 311 1790 338 in-

1000 352 1192 388 terjacentibus
1206 357 1294 382 terris.
1317 355 1420 388 Redde,
1438 355 1519 382 redde
1533 356 1602 390 quod
1618 356 1709 383 debes.
1723 356 1788 385 Nam

1003 408 1108 433 servus,
1120 408 1213 428 servus
1227 409 1256 429 es
1271 401 1369 430 Christi
1398 408 1425 430 et
1451 403 1678 437 Christianorum,
1696 409 1723 430 ut
1737 404 1790 433 illie

1001 447 1038 474 sis
1050 447 1135 482 major
1148 448 1266 476 omnium
1279 454 1399 477 nostrum
1409 472 1416 484 ‚
1429 455 1456 477 et
1468 451 1529 485 quia
1546 451 1630 477 nostri
1647 458 1726 478 causa
1743 450 1790 479 tibi

975 528 978 529 .
1001 493 1124 520 collatam
1137 495 1276 528 praesentis
1290 496 1402 529 gratiam
1414 516 1421 528 ,
1434 496 1585 524 sitientibus
1596 497 1692 523 animis
1705 497 1791 524 scien·
1823 526 1826 531 ,

1004 539 1100 573 tiaeque
1118 540 1186 566 tame
1200 541 1324 567 cruciatis
1336 541 1464 576 impertiri
1481 549 1532 569 non
1548 542 1710 577 dedigneris.

1038 587 1064 613 8.
1087 586 1143 613 Non
1167 594 1225 614 sum
1249 588 1343 615 saltem
1369 596 1435 623 pes,
1451 589 1495 624 qui
1508 590 1540 616 ad
1557 590 1676 624 injuncta
1689 590 1792 618 discur-

1002 640 1063 659 rens
1089 634 1188 667 possim
1216 634 1277 660 alvo
1306 635 1426 662 eeclestae
1439 655 1447 668 ‚
1485 636 1666 663 membrorum
1691 637 1792 663 scilicet

1000 679 1082 713 judici
1096 699 1103 712 ‚
1129 679 1290 707 obedientiae
1310 680 1431 707 discursu
1449 688 1553 715 parere,
1570 689 1619 708 nec
1633 681 1792 716 principatui

1001 726 1096 760 capitis
1121 727 1261 761 imperanti
1281 727 1453 760 obsequendo
1469 727 1587 761 placere.
1610 728 1678 761 Quin
1692 728 1742 754 etsi
1758 728 1792 755 (le

1000 771 1229 798 inhonestioribus
1254 772 1381 799 membris
1406 779 1448 799 me
1471 780 1530 800 csse
1553 773 1646 806 sciam,
1667 773 1792 805 sutttciat,

1002 819 1062 852 quia
1078 827 1138 854 qua:
1155 824 1179 846 te
1195 822 1302 846 constat
1324 826 1337 845 a
1355 819 1441 853 eapite
1455 821 1616 854 percepisse,
1633 827 1680 854 per
1695 827 1737 846 me
1750 823 1793 847 est

1002 865 1112 900 dignum
1137 872 1247 899 egerere
1260 887 1266 898 ,
1292 872 1342 891 nee
1363 870 1388 891 te
1406 872 1448 892 me
1463 873 1516 891 non
1533 873 1652 899 egerere,
1670 866 1793 900 quamvis
1816 871 1832 898 j·

1003 913 1153 943 minimum,
1172 911 1269 938 Christi
1287 915 1374 937 tamen
1391 911 1520 945 sanguine
1532 911 1710 945 redemptum.
1727 910 1792 937 Nam

1002 966 1051 986 nee
1066 959 1130 985 dicit
1145 962 1225 993 caput
1249 958 1380 991 pedibus:
1404 957 1461 984 Non
1483 958 1548 984 estis
1561 957 1625 983 mihi
1638 956 1793 989 necessarii,

1002 1004 1127 1039 quoniam
1148 1010 1207 1038 quae
1221 1003 1346 1029 videntur
1361 1002 1481 1029 membra
1503 1002 1625 1034 corporis
1646 1001 1794 1028 infirmiora

1002 1058 1073 1085 esse,
1087 1050 1273 1077 necessariora
1287 1053 1365 1080 sunt;
1382 1053 1409 1075 et
1422 1056 1481 1083 quae
1495 1052 1622 1081 putantur
1638 1047 1794 1082 ignobiliora

1002 1105 1073 1127 esse,
1090 1097 1131 1124 liis
1148 1096 1276 1123 honorem
1292 1095 1511 1122 abundantiorem
1526 1095 1739 1126 circumdamtts;
1767 1098 1795 1121 et

1004 1151 1062 1178 quze
1079 1142 1263 1169 inhonestiora
1278 1145 1340 1168 sunt
1356 1145 1446 1167 nostra
1457 1160 1463 1172 ,
1481 1139 1609 1174 majorem
1627 1139 1794 1166 honestatem

1002 1188 1114 1215 habent.

1038 1236 1065 1262 9.
1087 1234 1132 1261 Sic
1148 1234 1237 1266 itaque
1252 1238 1358 1260 creator
1373 1237 1464 1259 noster
1475 1239 1506 1258 ac
1517 1232 1686 1265 dispensator
1700 1235 1796 1259 cuncta

1002 1281 1154 1315 dispensat,
1171 1285 1199 1306 ut
1215 1287 1274 1307 cum
1293 1279 1319 1305 in
1333 1279 1419 1305 altero
1434 1279 1509 1305 alteri
1523 1279 1590 1304 «lona
1607 1278 1694 1304 divina
1708 1297 1715 1310 ‚
1735 1285 1794 1312 qua}

1004 1328 1029 1354 in
1044 1334 1073 1353 se
1090 1334 1142 1353 non
1168 1326 1293 1359 percipit,
1319 1325 1479 1359 possidenda
1501 1324 1663 1357 tribuuntur,
1680 1324 1796 1351 charitas

1003 1373 1163 1400 cumuletur.
1205 1371 1324 1405 Denique
1347 1375 1402 1397 tum
1427 1371 1495 1397 bene
1518 1371 1600 1406 579
1625 1369 1796 1397 multiformis

1003 1419 1088 1454 gratia
1110 1418 1292 1450 dispensatur,
1317 1417 1424 1450 quando
1449 1422 1587 1450 acceptum
1609 1417 1706 1443 donum
1721 1420 1748 1443 et.
1758 1415 1832 1443 οἰδ*-

1003 1465 1048 1499 qui
1065 1465 1114 1490 hoc
1138 1471 1190 1490 non
1214 1463 1312 1489 hahent
1337 1463 1464 1494 creditur,
1482 1463 1588 1497 quando
1614 1466 1751 1496 proptere

1003 1510 1045 1536 cui
1060 1509 1223 1544 impenditur
1237 1509 1327 1535 datum
1349 1514 1465 1543 putatur.
1491 1509 1544 1535 lloc
1560 1508 1679 1542 Apostoli
1696 1508 1813 1542 capitit-2>

1005 1556 1059 1583 lum
1075 1563 1089 1582 a
1104 1556 1180 1582 nobis
1207 1556 1232 1581 in
1257 1559 1332 1589 parte
1349 1555 1515 1588 praemissnin
1529 1554 1628 1588 optime
1647 1555 1718 1580 novit
1733 1543 1812 1589 pru-'s

1003 1600 1096 1627 dentia
1118 1600 1256 1626 charitatis
1281 1604 1377 1626 vestrae
1402 1599 1463 1625 huie
1479 1599 1516 1625 rei
1533 1606 1679 1634 congruere
1696 1603 1795 1634 totum;

1003 1652 1030 1674 et
1045 1646 1172 1681 quidquid
1198 1646 1350 1672 summatim
1368 1646 1440 1680 tetigi
1454 1667 1461 1678 ‚
1478 1651 1502 1672 te
1518 1645 1607 1679 procul
1624 1645 1703 1672 dubio
1719 1652 1811 1674 nosse}

1005 1693 1111 1724 melius,
1129 1692 1193 1718 latet
1208 1692 1319 1718 nullum.
1800 1680 1803 1683 ¹

1044 1739 1087 1765 10.
1111 1740 1202 1773 ltaque
1223 1738 1274 1764 hoc
1298 1737 1383 1764 solum
1400 1734 1631 1771 superest‚''quod
1647 1740 1672 1763 et
1689 1743 1766 1770 magn

1004 1794 1068 1822 pere
1091 1791 1173 1821 peto,
1199 1791 1228 1812 ut
1252 1790 1364 1819 praestes
1386 1784 1527 1818 postulata,
1552 1783 1600 1809 etsi
1614 1791 1664 1809 non
1682 1790 1728 1816 pro
1742 1789 1784 1808 nte

1004 1832 1098 1858 saltem
1125 1838 1173 1865 pro
1199 1831 1254 1864 ipsa
1278 1830 1411 1857 charitate
1433 1829 1558 1855 divinitus
1580 1828 1724 1861 impertita.
1746 1826 1766 1853 Ρ

1005 1885 1055 1911 qua
1069 1877 1194 1910 jubemur
1209 1879 1237 1901 et
1249 1882 1326 1902 nosse
1339 1880 1365 1901 ct
1379 1879 1506 1908 praestare
1519 1874 1621 1907 omnia,
1637 1877 1663 1900 et
1677 1873 1734 1900 sine
1747 1880 1780 1907 qu

1006 1922 1073 1949 nihil
1088 1927 1149 1949 sunt
1163 1922 1262 1948 omnia.
1279 1921 1331 1948 Sed
1348 1926 1372 1947 ct
1389 1921 1409 1946 si
1427 1928 1476 1955 qua
1490 1919 1635 1954 superflua,
1650 1919 1672 1946 si
1687 1926 1736 1952 qua
1751 1926 1767 1945 n

1007 1969 1155 2003 gligentcr,
1179 1968 1201 1994 si
1217 1975 1266 2000 qua
1282 1968 1368 1993 minus
1386 1965 1531 1999 humiliter,
1548 1970 1594 1992 aut
1607 1964 1736 1992 inutiliter
1749 1971 1766 1999 p

1008 2015 1060 2040 tius
1075 2013 1155 2040 etl'utli
1172 2021 1250 2048 quani
1266 2013 1331 2046 dixi,
1349 2017 1457 2044 cuncta,
1471 2019 1572 2046 quzeso,
1589 2011 1702 2044 henigne
1716 2009 1784 2037 susc'

1008 2060 1077 2094 pias,
1091 2063 1186 2086 curiata
1202 2059 1335 2093 ignoscas,
1347 2061 1442 2084 cuncta
1457 2061 1567 2087 ores,ut
1583 2056 1652 2083 Deus
1667 2055 1785 2090 ignoscat

1009 2105 1078 2139 Ergo
1093 2108 1120 2131 et
1142 2103 1192 2130 hoc
1215 2109 1323 2130 notesco
1333 2126 1340 2137 ,
1353 2103 1435 2129 lihros
1450 2102 1689 2137 Etymologiarum,
1703 2107 1768 2135 quos

1010 2155 1035 2177 te
1049 2150 1158 2177 domino
1171 2157 1231 2177 meo
1243 2156 1343 2184 posco,
1364 2150 1413 2176 etsi
1428 2149 1598 2176 detruncatos
1611 2154 1769 2181 corrososqu
1788 2153 1790 2156 ’

1007 2196 1061 2230 jam
1078 2203 1092 2222 a
1107 2197 1198 2222 multis
1213 2196 1303 2222 haberi

1046 2243 1090 2269 tt.
1110 2242 1174 2270 lnde
1199 2249 1263 2277 rogo
1289 2245 1318 2268 ut
1339 2248 1386 2268 eos
1401 2241 1465 2268 milii
1483 2240 1657 2275 transcriptos
1671 2240 1790 2274 integros>

1010 2338 1102 2366 raptus
1117 2332 1244 2359 aviditate
1259 2332 1285 2358 in
1299 2338 1454 2366 perversum
1471 2338 1551 2364 cogar
1565 2329 1629 2357 vitia
1649 2337 1698 2364 pro
1713 2331 1767 2357 virt

1011 2470 1169 2505 indignatio
1193 2472 1281 2496 vestra
1308 2467 1481 2503 benignitatis
1506 2468 1619 2502 imperet
1640 2467 1718 2494 nobis
1731 2466 1758 2494 in

1010 2515 1081 2548 quod
1095 2521 1236 2549 possumus
1250 2518 1276 2541 et
1292 2513 1425 2544 valemus.
1443 2517 1545 2540 tantum
1560 2517 1588 2539 ut
1608 2513 1736 2547 obsequio
1747 2518 1764 2539 n

1010 2563 1068 2586 stro
1082 2560 1177 2592 utaris,
1194 2560 1247 2586 imo
1259 2560 1404 2591 charitate,
1416 2567 1476 2594 quae
1487 2559 1559 2587 Deus
1571 2563 1612 2586 est
1621 2579 1629 2592 ,
1643 2557 1764 2592 perfruar

1047 2605 1093 2633 12.
1114 2606 1161 2633 liis
1175 2606 1254 2640 igitur
1268 2606 1382 2641 expletis
1395 2625 1403 2639 ,
1421 2609 1500 2633 crunt
1514 2605 1579 2633 mihi
1592 2605 1755 2640 questione·

1011 2651 1096 2679 sacris
1110 2651 1260 2686 divinisque
1274 2651 1388 2686 paginis,
1401 2658 1512 2688 quarum
1528 2650 1593 2679 milii
1608 2650 1747 2686 expostum

1049 2722 1075 2748 6.
1099 2721 1161 2753 Alii,
1177 2721 1204 2747 in
1218 2729 1271 2748 ttna
1285 2719 1419 2756 compaqess.
1433 2721 1517 2748 Attttv.

1050 2758 1074 2783 8.
1098 2756 1153 2783 Nec
1169 2761 1192 2783 te
1201 2763 1240 2783 me
1251 2763 1303 2783 non
1316 2763 1427 2792 egerere.
1446 2755 1536 2783 codex
1557 2753 1697 2787 ensem,

1015 2799 1054 2819 mc
1067 2799 1119 2818 nort
1129 2799 1211 2827 egere.
1225 2791 1358 2819 Utrolibet
1381 2790 1462 2818 modo
1478 2793 1633 2824 corruptum
1644 2787 1671 2816 id
1685 2795 1701 2816 v
1735 2820 1742 2830 .

1052 2845 1101 2890 1⁴1:
1116 2861 1243 2890 Fortasse
1251 2860 1394 2896 tegendum
1409 2861 1530 2902 dicentur
1538 2866 1588 2899 pro
1598 2858 1735 2900 dicentur*

1053 2896 1098 2926 Β.
1121 2896 1238 2925 nunu.
1255 2896 1376 2929 noent.
1391 2902 1484 2932 apem.
1498 2895 1584 2925 Αιιν.
1700 2902 1702 2906 ’
1756 2919 1758 2922 .
