1832 3016
152 134 205 162 935

189 191 231 218 18.
245 188 316 216 ΕιΊιί
329 186 407 213 etiam
422 183 528 218 qnando
538 189 585 209 sua
607 181 713 209 nomina
738 182 890 217 proferunt,
904 189 937 210 ex
951 184 976 213 Α

152 235 245 263 officiis
259 231 380 266 nequitia}
392 234 419 256 et
439 228 616 263 potestatibus
637 228 767 255 vocabula
791 228 842 255 sibi
861 236 938 256 assu-

151 285 235 310 munt,
251 274 475 312 quemadmodum
491 282 551 301 cum
564 282 577 300 a
602 274 715 301 Domino
727 274 760 301 de
771 281 820 301 suo
831 275 939 302 nomine

151 327 175 354 in
185 325 293 359 regione
301 323 498 350 Gerasenorum
511 321 681 347 adversarius
690 320 939 354 interrogatustuis-

149 376 198 403 set,
211 370 388 405 respondens,
403 369 488 402 inquit
501 374 509 395 t
525 367 603 402 Leqio
621 367 682 394 1111111
695 375 786 394 nomen
804 371 857 399 est,
879 367 939 402 quia

149 417 310 444 niultisumns
326 414 422 450 (Marc.
436 421 461 445 v,
478 414 521 448 9).
539 413 614 440 Unde
625 412 795 440 manifestum
810 417 868 445 est,
885 421 937 439 non

148 461 247 497 proprii
260 459 389 492 nominis,
407 458 478 493 quod
494 466 545 485 non
560 458 667 490 babuit,
682 458 729 485 sed
741 459 781 485 sui
797 458 892 492 gradus
907 465 937 485 ac

149 507 283 542 potestatis
294 505 450 532 vocatmtum
469 505 630 539 protulisse;
647 508 673 531 et
687 504 835 538 requirenti
848 504 939 530 Domi-

148 561 192 584 no,
207 553 269 587 quia
283 552 359 578 aliter
374 551 444 584 loqui
469 558 522 577 non
539 550 642 584 potuit,
658 549 692 577 de
706 550 851 584 semetipso
865 550 936 583 quod

147 602 204 626 orat
215 605 306 625 verum
321 596 465 624 indicasse.

452 653 564 680 CAPUT
585 651 630 680 tx.

281 700 318 727 De
329 704 419 727 natura
429 707 553 734 aquarum
571 704 594 725 et
605 706 682 725 cursu
704 698 809 725 Oceani.

183 750 207 776 1.
229 748 292 776 Post
305 748 376 775 aeris
389 747 474 781 spatia
488 754 547 773 cum
566 746 621 773 suis
634 745 826 772 habitatoribus
841 753 917 773 cursa
927 766 936 779 ,

147 803 216 823 nunc
228 795 260 821 ad
276 802 352 829 aqum
364 793 541 824 elementum,
559 792 629 827 quod
649 793 719 819 inter
731 800 820 819 aerem
834 797 861 820 et
883 797 936 820 ter-

147 847 203 866 ram
214 839 385 866 constitutum
395 842 436 865 est
444 859 451 871 ,
465 838 577 864 intentio
587 837 727 871 dirigitur:
740 837 815 871 cujus
825 845 936 872 cougre-

146 885 226 919 gatto,
239 885 305 911 sicut
317 884 453 911 Geneseos
464 883 594 917 scriptura
612 883 745 914 declarat,
772 891 844 910 mare
858 891 936 911 voca-

148 936 199 963 tur,
215 938 274 956 cum
288 930 383 957 (licitur
400 938 407 956 ι
430 928 462 956 Ει
474 929 679 964 conareqationes
691 929 936 963 aqtiaruntappella-

147 975 272 1002 vitatoria
288 974 362 1009 (Gen.
377 982 395 1006 i,
415 974 468 1004 10).
492 974 608 1006 Quarum
622 981 652 1000 ea
669 981 730 1007 pars
745 981 804 1008 quzc
818 982 866 1006 per
879 974 936 1001 son-

147 1025 198 1054 tes,
214 1024 241 1047 et
256 1020 378 1051 flumina,
394 1024 420 1046 et
434 1024 542 1053 stagna,
558 1019 634 1046 terris
646 1019 835 1046 interfunditur
846 1019 937 1047 dulce-

147 1067 236 1095 dinem
251 1067 340 1099 habet,
353 1070 382 1093 ut
394 1070 421 1094 et
434 1066 583 1093 sitientibus
596 1065 755 1093 animalibus
773 1068 934 1100 potamenti,

147 1118 173 1140 et
189 1118 346 1140 cmterorum
358 1120 453 1140 usuum
466 1113 560 1139 solatia
576 1112 716 1146 praeberet.
728 1116 755 1139 et
769 1113 871 1140 alendis
887 1113 938 1140 iru-

148 1159 234 1186 ctibns
246 1164 343 1186 terram
361 1158 497 1186 fecundius
511 1158 642 1192 irrigaret.

182 1206 210 1232 2.
226 1204 336 1238 Propter
352 1204 421 1237 quod
437 1208 464 1230 et
478 1203 591 1235 imbres,
605 1204 648 1237 qui
665 1211 679 1229 c
695 1202 808 1230 nubibus
828 1203 938 1231 cribrati

148 1258 194 1285 per
205 1258 292 1277 aerem
309 1250 443 1282 defluunt,
459 1254 486 1276 ut
500 1250 587 1283 aptius
604 1249 636 1275 ad
651 1249 805 1283 frugiferam
819 1250 870 1276 vim
881 1270 888 1282 ‚
911 1254 938 1276 et

148 1296 290 1324 sedandam
303 1296 386 1328 sitim,
398 1296 468 1322 sicut
480 1299 542 1322 ante
556 1295 681 1326 diximus,
696 1295 882 1328 subvenirent,
896 1301 939 1321 sa-

148 1343 201 1377 pidi
215 1343 290 1369 liunt.
315 1342 350 1368 Ea
366 1349 427 1368 vero
439 1349 501 1375 pars
515 1342 651 1367 immutata
664 1348 808 1374 aquarum,
820 1349 878 1375 quae
890 1348 938 1375 per

149 1396 243 1423 magua
259 1393 386 1414 tei-rarum
401 1387 483 1421 spatia
498 1386 638 1416 dilatatur,
654 1390 678 1412 et
689 1393 764 1418 aqnae
777 1385 859 1419 ipsius
873 1386 937 1412 lines

148 1434 313 1461 occultantur
326 1454 331 1464 ,
345 1432 504 1466 salsuginem
516 1436 542 1457 et
555 1431 682 1457 acriorem
695 1438 817 1464 saporem
829 1430 937 1457 insitum

149 1480 200 1507 sibi
216 1479 370 1506 naturaliter
385 1482 470 1510 tenet,
488 1482 516 1504 ut
530 1477 721 1504 convenienter
746 1476 868 1503 linmanis
883 1477 939 1503 nsi-

151 1525 200 1552 bus
215 1525 330 1556 fructus,
347 1531 412 1558 qnos
427 1522 511 1557 sapidi
531 1522 641 1555 liquoris
656 1528 708 1549 uon
725 1521 834 1549 liaberet
849 1521 933 1554 unda,

150 1571 239 1598 utilius
255 1570 377 1596 nutriret.

186 1616 265 1651 603
274 1616 299 1642 5.
311 1614 363 1641 Sed
375 1617 460 1640 utrum
472 1612 590 1647 sapidum
602 1619 634 1638 an
646 1611 744 1638 salsum
756 1619 877 1646 saporem
890 1619 936 1638 na-

149 1661 272 1694 turalius,
287 1668 319 1687 an
335 1660 470 1694 mqiialiter
483 1664 634 1693 utrumque,
647 1666 722 1693 aqum
746 1658 870 1691 habeant,
888 1666 936 1692 pro

149 1712 223 1736 certo
245 1707 313 1734 Deus
325 1705 437 1738 viderit;
453 1705 575 1740 quamvis
589 1708 616 1731 et
638 1704 755 1739 plerique
773 1704 935 1738 salsuginem

952 868 975 897 B

188 1795 228 1822 18.
256 1795 316 1826 llis,
330 1793 540 1828 quemadmodum
560 1801 577 1819 ιι
604 1792 712 1819 Domino
730 1793 762 1819 de
776 1800 877 1819 nomine
889 1800 935 1818 suo

149 1830 306 1856 adversarius
318 1830 485 1862 interrogatus
500 1829 574 1859 dixit.
588 1828 675 1862 Leain,
687 1832 739 1854 etc.

183 1865 246 1892 Car.
263 1873 300 1891 tx.
312 1864 343 1890 N.
355 1865 380 1890 1.
399 1862 507 1890 Umum.
519 1865 544 1890 111
558 1865 688 1896 impresso
700 1867 757 1889 erat
768 1871 850 1894 usum,
864 1863 935 1897 quod

149 1908 181 1928 ex
192 1900 343 1934 conjectura
360 1899 474 1925 correxi.
496 1898 591 1926 Verum
608 1900 632 1924 in
658 1898 705 1924 Ms.
719 1918 725 1929 ,
742 1899 818 1931 longe
831 1898 936 1924 diverso

149 1936 228 1962 modo
244 1936 300 1962 hirc
310 1935 434 1968 periodus
445 1934 566 1967 procedit
579 1942 585 1959 ;
600 1933 676 1960 Nunc
687 1934 718 1959 de
731 1941 810 1967 aqua,
826 1942 883 1967 quoe
897 1934 938 1959 in-

149 1976 186 1997 ter
201 1979 283 1996 aerem
297 1974 320 1996 et
337 1974 428 1995 terrant
444 1970 580 1995 constituta
605 1974 640 1995 est
651 1991 657 2000 ‚
680 1970 753 2004 cujus
775 1970 936 2003 canqreqatio

149 2015 217 2032 mare
227 2006 327 2033 dicitnr.
343 2004 409 2031 unde
423 2005 447 2030 in
463 2001 553 2030 Gmesi
569 2012 577 2030 :
593 2004 626 2030 Et
641 2004 846 2038 conqreqatioues
857 2012 937 2038 aqua-

149 2049 204 2067 rum
215 2040 351 2075 appellavit
367 2041 458 2066 maria.
480 2039 592 2072 Quarum
606 2047 637 2066 ea
649 2048 707 2072 pars
722 2046 777 2072 qitae
790 2046 867 2073 super
881 2039 938 2074 son-

149 2081 183 2102 tes
197 2081 218 2102 et
230 2077 337 2109 flumina
351 2076 422 2101 terris
438 2075 620 2109 interfunditur
628 2074 785 2100 dulcedinem
807 2073 894 2105 habet,
910 2078 937 2100 ut

150 2117 171 2137 et
182 2110 333 2137 animalibus
347 2115 434 2144 potunt
445 2111 566 2144 proeberet
575 2130 582 2141 ,
593 2115 617 2135 et
641 2110 738 2135 alendis
752 2109 876 2143 [ructibus
889 2114 938 2135 ter-

150 2153 206 2171 ram
217 2145 358 2176 fecunditas
372 2145 499 2179 irriqaret.

185 2180 212 2206 2.
227 2178 260 2205 Et
271 2180 372 2212 imbres,
386 2180 430 2214 qni
444 2187 457 2205 e
470 2179 586 2205 nubibus.
598 2179 634 2205 lta
646 2179 694 2205 Ms.
708 2179 736 2205 ln
750 2179 873 2205 Editionu
884 2186 939 2205 cor-

151 2219 240 2249 rupte,
257 2218 358 2248 propter
369 2214 436 2246 qnod
451 2214 527 2248 quide
538 2213 660 2245 nubilium
673 2219 699 2240 et
713 2213 746 2239 ad
761 2221 844 2244 1113111.
859 2214 935 2248 forte,

150 2251 262 2282 cuidem,
279 2256 325 2282 pro
339 2248 424 2281 quide.
443 2248 492 2274 l'ro
507 2249 671 2283 frugiferam,
696 2248 744 2274 Ms.
768 2249 935 2282 fructiferam.
953 2238 976 2266 ο

164 2286 239 2312 v'ditio
250 2285 381 2310 immutata
392 2291 515 2318 aquarum
525 2284 694 2317 conqreqatio,
706 2291 762 2316 qucc
781 2291 823 2317 pei·
833 2291 935 2316 niafsna.

152 2321 217 2348 Cod.
230 2326 281 2346 ms.
297 2318 393 2345 omittit
409 2318 579 2353 conqreqatio.
605 2318 631 2343 111
656 2318 777 2343 [ditione
798 2317 937 2345 Batuziana

153 2364 200 2391 pro
214 2356 345 2381 immutata
361 2353 502 2387 conjicitur
515 2353 665 2387 indignata.
687 2352 727 2378 vel
749 2352 894 2384 nominata,
911 2356 937 2379 et

153 2399 200 2425 pro
215 2396 287 2425 aquoe
297 2388 376 2424 ipsius
386 2388 448 2422 [ines
457 2408 463 2419 ,
477 2387 548 2422 qnod
568 2389 710 2414 obscurum
722 2387 825 2413 videtur
834 2406 842 2419 ,
859 2395 874 2413 a
887 2395 938 2420 qua

153 2426 232 2460 ipsius
249 2425 356 2459 (nempe
370 2422 454 2457 terroe)
474 2424 546 2451 lines.
563 2422 590 2449 ln
606 2422 654 2449 Ms.
666 2442 673 2454 ,
689 2426 712 2448 et
723 2429 794 2455 aquoe
809 2422 887 2455 ipsius
900 2422 939 2456 Ιί-

153 2461 192 2488 nis
203 2460 354 2486 occultatur.
374 2458 407 2484 Et
417 2458 498 2492 ipsius
513 2458 619 2492 quidem
632 2464 686 2483 non
701 2457 804 2483 videtur
817 2458 936 2483 reteren-

153 2496 216 2522 dum
227 2495 260 2521 ad
274 2498 384 2525 terminu
401 2501 453 2520 non
467 2494 565 2519 etenim
581 2492 717 2526 praecessit
731 2497 813 2524 terra,
828 2492 875 2518 sed
888 2493 951 2518 ter-⁴

153 2538 242 2557 nrum
254 2529 353 2563 :patim
369 2535 455 2562 neque
479 2529 546 2555 lines
569 2531 649 2554 terrae
671 2533 739 2561 aqna
762 2526 937 2553 occultantur.

153 2566 245 2600 Neque
259 2571 324 2591 vero
337 2567 379 2591 est
391 2570 440 2591 cut·
454 2567 587 2590 mutemus
607 2569 698 2588 vocem
721 2563 851 2601 immutata
860 2581 869 2594 ,
880 2567 939 2601 quae

155 2600 226 2628 idem
237 2603 313 2626 sonat
326 2606 358 2626 ac
370 2602 483 2630 mutata,
493 2599 562 2626 sieut
580 2598 685 2624 immuto
697 2600 724 2623 et
734 2601 804 2622 muto
816 2595 887 2623 idem
901 2602 939 2622 si-

155 2635 290 2670 gniticant..
310 2633 406 2661 Postea
420 2633 507 2660 omitti
518 2636 622 2665 potest,
635 2639 695 2658 cum
708 2634 812 2668 nostro*
822 2630 872 2658 Ms-
881 2650 890 2664 ,
909 2633 939 2656 ue

155 2670 328 2696 convenienter
337 2689 345 2702 ‚
362 2675 445 2703 usque
458 2668 491 2695 ad
502 2669 618 2695 iiutriret.

171 2715 179 2723 ·
191 2705 217 2732 ³.
229 2705 291 2736 Μὴ,
301 2710 419 2739 saporem
432 2704 569 2734 naturales,
580 2709 614 2729 an
623 2701 757 2734 oequatiur
765 2707 851 2727 omnes

157 2739 275 2771 habeant,
297 2738 367 2766 Deus
386 2737 459 2770 iiidie,
484 2738 632 2772 quamvis...
653 2744 700 2771 per
723 2736 827 2763 timum
843 2707 940 2770 diam

156 2773 311 2800 dulcescit...
325 2773 387 2800 dum
401 2773 524 2799 atterutro
541 2773 570 2800 111
583 2777 719 2807 utrumque
732 2774 814 2799 notent
824 2769 938 2806 refundi.

159 2805 197 2834 tte
215 2808 285 2834 osuit
297 2807 406 2842 difficilia
421 2814 470 2842 pro
481 2809 508 2835 ai
550 2807 617 2837 'tium

192 2815 220 2870 f·
234 2840 365 2871 trontius.
385 2841 468 2879 nqi-
480 2850 512 2871 us
524 2846 606 2871 tntum
625 2844 668 2869 est.
688 2840 772 2878 fretis.
791 2838 859 2871 (hd.
872 2845 937 2874 ns..

682 126 711 153 S.
732 124 857 153 tstnottt
877 124 1100 155 tttsrAtAENSts
1122 126 1275 155 Episcopi

1726 133 1779 161 95⁴1

991 183 1136 210 naturalem
1150 191 1210 211 esse
1224 191 1351 219 aquarum
1367 191 1489 219 saporem
1509 189 1613 221 putant,
1633 186 1777 216 dulciorem

990 235 1053 254 vero
1068 232 1147 255 terrie
1175 232 1220 256 aut
1233 230 1304 256 aeris
1332 234 1425 258 natura
1446 231 1548 259 condiri
1567 232 1711 267 aestimant;
1732 235 1777 262 seii

989 277 1076 300 tamen
1088 274 1310 308 quemadmodum
1323 276 1393 302 salsa
1405 283 1473 310 aqua
1487 284 1534 311 per
1547 277 1655 306 humum
1672 281 1777 314 pertusa

989 317 1132 351 dulcescit,
1149 318 1185 345 ita
1199 323 1226 346 et
1246 319 1331 346 dulcis
1353 328 1421 355 aqua
1437 328 1483 355 per
1497 324 1660 351 marinorum
1675 325 1785 353 olerum

988 364 1094 392 cineres
1116 365 1202 393 intusa
1221 367 1284 394 salsi
1299 368 1419 402 protinus
1438 371 1541 404 saporis
1561 371 1605 405 iit;
1619 372 1690 400 1111110
1707 377 1778 401 11101-

989 417 1040 445 que
1054 418 1135 444 sapor
1151 412 1279 439 naturalis
1293 420 1353 441 esse
1374 421 1423 441 suo
1446 414 1525 442 modo
1541 423 1592 443 non
1608 421 1648 444 est
1663 417 1778 446 ditttcttis

989 456 1073 489 credi,
1086 456 1147 483 dum
1159 457 1194 484 ab
1207 457 1335 485 alterutro
1350 459 1376 486 in
1387 460 1499 488 alterum
1512 466 1624 497 uterque
1635 468 1721 498 potest
1734 472 1777 492 re«

989 501 1074 529 tundi.

1026 557 1052 584 4.
1079 558 1158 585 Maris
1183 567 1249 586 vero
1275 560 1387 598 foetibus·
1411 563 1507 590 crebro
1531 567 1661 593 terrarum
1692 567 1777 601 spatia

993 604 1202 638 distinguuntur,
1219 611 1245 632 ut
1261 610 1288 633 et
1300 607 1417 641 gentium
1433 608 1561 636 terminos
1577 610 1775 646 intercluderet,

988 653 1015 676 et
1037 650 1216 677 munificentia
1238 658 1345 678 suorum
1369 652 1497 680 fluctuum
1518 661 1611 682 omnes
1627 656 1778 689 provincias

988 694 1155 723 diversorum
1167 697 1326 730 populorum
1338 698 1447 733 ditaret,
1460 703 1487 726 et
1497 699 1566 727 inter
1576 708 1668 728 omnes
1678 703 1778 737 patrias

988 747 1082 768 cuncta
1106 748 1267 770 commutata
1294 745 1410 772 invicem
1440 748 1602 774 commercia
1626 749 1778 777 necessaria

988 787 1164 815 ministraret.
1180 789 1311 822 Quantam
1326 798 1388 817 vero
1399 792 1615 819 concordantiam
1631 800 1691 820 cum
1707 794 1777 822 tunae

988 834 1112 861 cursibus
1128 835 1300 862 inundatione
1316 841 1343 862 et
1354 844 1462 864 recessu
1477 838 1596 865 Oceanus
1612 839 1718 872 babeat,
1738 840 1778 867 in-

990 882 1125 909 tuentihus
1140 882 1331 917 diligenterque
1345 884 1620 912 animadvertentibus
1637 887 1778 921 perspicue

992 933 1075 963 patet,
1091 929 1135 963 qni
1152 929 1269 964 quotidie
1283 929 1314 956 ad
1331 934 1428 957 terram
1444 931 1483 958 bis
1498 931 1588 958 venire
1600 939 1631 958 ac
1651 933 1778 960 recedere

988 984 1035 1011 per
1055 977 1135 1003 horas
1157 977 1250 1012 viginti
1269 982 1383 1011 quatuor
1398 978 1578 1006 indesinenter
1596 979 1711 1010 videtur,
1732 988 1778 1007 cu-

987 1022 1032 1057 jus
1053 1029 1148 1049 cursus
1170 1026 1225 1048 tota
1246 1023 1430 1050 convenientia
1454 1024 1479 1050 111
1500 1024 1603 1052 ledonis
1627 1030 1654 1052 et
1671 1026 1777 1054 malinae

987 1067 1090 1094 divisus
1102 1067 1298 1095 vicissitudines
1311 1068 1438 1102 partiatur

1025 1111 1050 1138 5.
1066 1111 1118 1139 Sed
1130 1111 1233 1139 ledonis
1245 1113 1329 1140 assisa
1344 1121 1390 1140 sex
1406 1121 1512 1149 semper
1525 1114 1604 1142 horas
1618 1116 1777 1146 incrementi

989 1158 1030 1184 sui
1048 1157 1185 1184 immutata
1205 1159 1398 1185 consuetudine
1418 1160 1544 1194 complet.
1560 1165 1587 1188 et
1606 1169 1652 1195 per
1668 1162 1777 1190 totidem

989 1203 1067 1230 horas
1082 1204 1137 1238 ipsa
1154 1205 1238 1238 spatia
1254 1212 1313 1238 qnoe
1330 1209 1431 1232 texerat
1447 1206 1551 1240 retegit.
1570 1207 1673 1234 Malinae
1687 1213 1775 1235 autem

988 1250 1072 1276 assisa
1085 1250 1201 1283 quinque
1222 1250 1301 1276 horas
1325 1258 1380 1277 snae
1404 1250 1584 1278 inundationis
1599 1251 1662 1286 agit,
1684 1257 1710 1279 et
1730 1260 1777 1286 per

989 1301 1091 1329 septem
1109 1296 1189 1323 boras
1208 1296 1326 1330 ejusdem
1344 1304 1450 1324 recessu
1475 1305 1505 1324 ea
1527 1297 1618 1324 littora
1633 1306 1691 1333 qnae
1705 1306 1776 1326 com-

989 1342 1108 1375 pleverat
1124 1350 1207 1368 vacua
1223 1342 1326 1374 reddit;
1343 1351 1402 1377 qnae
1419 1347 1517 1370 tantam
1532 1344 1702 1371 concordiam
1715 1352 1775 1372 cum

990 1387 1049 1413 luna
1063 1387 1168 1413 videtur
1183 1387 1299 1418 habere,
1316 1392 1345 1414 ut
1361 1388 1386 1414 in
1411 1389 1470 1423 eius
1487 1389 1575 1416 medio
1590 1397 1695 1424 semper
1715 1391 1775 1417 lnna

989 1436 1124 1464 nascatur,
1147 1439 1206 1465 quae
1229 1440 1276 1466 per
1290 1437 1391 1466 septem
1407 1433 1474 1465 dies,
1489 1438 1515 1460 et
1527 1434 1664 1461 duodecim
1686 1435 1774 1468 horas,

988 1481 1015 1503 et
1027 1481 1147 1511 quartam
1169 1477 1221 1504 diei
1243 1483 1356 1512 partem.
1372 1477 1494 1512 diligenti
1510 1479 1692 1512 exploratione
1715 1488 1776 1514 per-

989 1530 1114 1549 severare
1128 1522 1242 1548 viiletnr.

1023 1568 1050 1595 6.
1067 1568 1099 1594 Et
1117 1569 1151 1594 ita
1173 1568 1203 1594 111
1218 1572 1246 1594 ut
1260 1575 1320 1594 cum
1344 1569 1438 1595 iterum
1454 1568 1516 1594 111113
1540 1568 1617 1602 plena
1636 1569 1773 1603 minuitur,

988 1614 1067 1640 etiam
1081 1613 1178 1640 malina
1190 1621 1295 1640 rursum
1306 1613 1388 1648 604,
1399 1613 1537 1640 tenebrosa
1556 1613 1724 1647 dimidiatum
1735 1615 1775 1641 in-

989 1658 1122 1692 terpositis
1147 1666 1209 1686 vero
1232 1659 1323 1692 spatiis
1349 1659 1407 1686 ledo
1431 1658 1648 1692 deprehenditur,
1662 1660 1705 1693 qui
1727 1667 1775 1688 nec

988 1705 1176 1734 nlenilunium.
1192 1711 1241 1731 nec
1257 1704 1390 1732 nascentis
1405 1704 1473 1732 tunoe
1488 1704 1561 1731 initia
1572 1712 1685 1737 unquam
1702 1705 1774 1733 311110

989 1792 1075 1817 minus
1086 1791 1164 1823 bene,
1178 1791 1306 1824 fluctibus,
1318 1795 1344 1818 et
1355 1798 1414 1817 mox
1426 1791 1564 1824 fructuum,
1578 1798 1625 1825 pro
1634 1791 1768 1824 fluctuum.

989 1826 1083 1853 Postea
1099 1833 1146 1860 pro
1164 1826 1330 1852 inundatione
1353 1826 1464 1852 sortasse
1486 1826 1653 1852 scribendum
1676 1827 1702 1852 in
1721 1835 1770 1852 un-

988 1862 1100 1893 datione,
1118 1861 1166 1887 nisi
1186 1862 1254 1895 quod
1277 1869 1348 1887 num.
1366 1868 1421 1895 seq.
1445 1861 1556 1888 recurrit
1576 1861 1767 1894 inundationis,

988 1896 1014 1922 in
1031 1897 1090 1927 itis„
1113 1896 1139 1922 111
1161 1899 1271 1922 cessione
1292 1896 1372 1930 (qnod
1392 1897 1505 1923 obscure
1526 1900 1662 1923 exaratum
1677 1897 1728 1930 est)
1749 1901 1773 1923 et

989 1939 1110 1963 recursum
1122 1931 1146 1957 id
1161 1933 1232 1958 clare
1247 1934 1349 1963 tegitur.
1364 1931 1450 1971 Pergit
1466 1931 1525 1962 Ms..
1541 1930 1657 1958 Oceanus
1672 1931 1773 1963 habeat,

988 1966 1055 1999 quod
1077 1967 1334 1993 animadvertentibus
1350 1974 1479 2000 perspicue
1500 1970 1583 2000 patet,
1599 1966 1641 2000 qui
1662 1966 1775 1999 quotidie

990 2002 1163 2028 convenientia
1177 2003 1203 2028 in
1218 2003 1315 2028 ledonis
1329 2006 1352 2028 et
1366 2003 1467 2028 malinoe
1480 2002 1572 2028 divisas
1587 2001 1773 2028 vicissitudines

989 2041 1112 2071 partitur.
1126 2037 1151 2062 111
1169 2036 1290 2063 Ε111110110
1305 2037 1387 2063 veteri
1409 2036 1444 2062 ad
1455 2044 1545 2062 vocem
1558 2035 1655 2062 ledonis
1669 2040 1774 2063 notatur

989 2073 1066 2098 maris
1087 2072 1260 2104 minutioni}
1280 2079 1371 2098 vocem
1396 2072 1506 2102 malinoe,
1531 2070 1623 2097 Oceani
1637 2072 1774 2097 incremen-

990 2111 1058 2137 tum,
1081 2112 1164 2133 oestiis.
1186 2107 1212 2133 ln
1230 2107 1327 2133 Codice
1353 2111 1442 2133 nostro
1465 2107 1521 2133 inec
1543 2110 1584 2132 est
1605 2109 1665 2132 nota
1681 2114 1687 2131 :
1704 2104 1772 2139 Pap.

990 2143 1072 2174 (torte
1087 2141 1195 2176 Papias)
1213 2150 1220 2167 z
1249 2141 1366 2174 Ledona,
1389 2149 1446 2167 cum
1466 2146 1502 2167 est
1517 2142 1597 2176 maqis
1618 2140 1772 2167 decrescens.

991 2176 1058 2211 Pap.
1077 2177 1184 2208 Matina,
1196 2177 1223 2203 id
1237 2181 1282 2209 est,
1293 2182 1368 2203 oestus
1382 2177 1461 2210 maqis
1472 2183 1594 2202 crescens.
1607 2175 1687 2207 Ledo,
1703 2176 1774 2201 ledo-

991 2213 1029 2238 nis
1041 2212 1109 2245 apud
1124 2213 1266 2244 scriptores
1278 2211 1356 2238 medii
1366 2211 1416 2237 10νί
1429 2216 1467 2237 est
1483 2211 1564 2237 maris
1575 2212 1706 2241 aestuatio:
1718 2216 1774 2235 ma-

990 2247 1052 2278 lina,
1072 2248 1184 2278 malinoe,
1201 2254 1323 2273 accessus
1343 2246 1439 2276 maris,
1454 2245 1522 2271 sicut
1536 2244 1626 2270 titiana
1641 2251 1775 2272 recessus,

992 2281 1057 2308 Vide
1072 2289 1138 2315 opus
1150 2283 1184 2307 de
1198 2281 1360 2308 Mirabilibus
1374 2286 1456 2306 sacrae
1473 2280 1628 2312 Scriptura‘,
1644 2280 1711 2305 inter
1725 2286 1774 2312 111),

991 2317 1115 2348 pentiices
1127 2316 1210 2343 sancti
1226 2315 1374 2348 Augustini,
1388 2314 1435 2340 lib.
1445 2321 1463 2344 1,
1476 2321 1536 2347 cap.
1548 2314 1572 2344 7.
1589 2313 1633 2339 ubi
1647 2318 1699 2339 tota
1717 2314 1774 2340 liaec

990 2351 1125 2380 doctrina,
1140 2350 1265 2376 adhibitis
1285 2349 1373 2376 verbis
1392 2347 1488 2375 ledonis
1507 2354 1534 2374 et
1555 2348 1673 2379 malinoe,
1687 2356 1775 2381 expo-

991 2386 1072 2417 nitur,
1086 2389 1114 2411 et
1127 2385 1278 2412 Marcellum
1293 2383 1469 2416 Empti-icum,
1483 2390 1542 2416 cap.
1559 2383 1608 2415 56,
1625 2390 1639 2409 3
1659 2384 1730 2410 med.
1744 2383 1775 2411 111

990 2419 1126 2446 Glossario
1142 2419 1287 2446 isidoriano
1300 2422 1340 2444 est
1351 2418 1416 2450 ledo,
1432 2425 1483 2444 non
1499 2418 1606 2444 matina.
1625 2418 1758 2453 Ducaixgiu

991 2453 1074 2480 multa
1089 2454 1165 2480 311011
1187 2454 1221 2480 110
1243 2459 1354 2488 utroque
1369 2453 1419 2480 1100
1439 2453 1560 2485 1101111110,
1581 2458 1606 2479 et
1621 2452 1755 2479 testimoni

992 2489 1110 2521 undique
1124 2488 1252 2522 congerit.

1026 2524 1053 2549 5.
1074 2523 1124 2549 Pro
1137 2524 1219 2549 assisa
1238 2523 1286 2550 118.
1300 2523 1351 2555 bis.
1366 2522 1400 2550 ad
1421 2522 1470 2557 fisa
1485 2530 1544 2550 cum
1564 2526 1637 2555 uota,
1650 2529 1711 2549 esse

990 2565 1007 2583 a
1016 2558 1080 2592 fido,
1098 2557 1168 2591 fidis,
1180 2563 1203 2584 et
1217 2558 1310 2592 fidens.
1325 2559 1483 2592 uticangius,
1497 2557 1579 2584 verbo
1593 2556 1692 2588 Anisa,
1707 2557 1731 2583 n'

991 2593 1048 2620 tere
1063 2593 1153 2624 tia-bet,
1168 2595 1237 2627 quod
1253 2593 1314 2620 huic
1333 2593 1392 2620 loco
1406 2593 1490 2627 possit
1509 2592 1714 2619 accommodari.
1729 2587 1748 2618 V

991 2627 1069 2654 detur
1082 2631 1170 2654 autem
1191 2629 1272 2654 assisa
1291 2627 1375 2662 accipi
1396 2635 1443 2662 pro
1457 2627 1628 2654 inundatione
1641 2631 1670 2653 et
1687 2625 1724 2653 1111

1027 2661 1054 2689 6.
1070 2661 1148 2688 Initia
1162 2670 1272 2696 unquam
1291 2663 1374 2690 adire.
1389 2662 1428 2690 tta
1443 2661 1491 2689 tts.
1515 2661 1601 2689 Editio
1630 2667 1656 2688 m

991 2698 1076 2728 initia,
1087 2697 1114 2724 111
1127 2705 1205 2732 qnam
1221 2698 1303 2726 adire.
1318 2698 1370 2725 Pro
1385 2701 1560 2729 numerentur.
1574 2681 1624 2724 fi.
1635 2695 1718 2725 imae

991 2738 1043 2760 tur.
1059 2732 1135 2766 Quod
1158 2735 1257 2760 oceani
1281 2734 1433 2768 reciprocus
1455 2737 1537 2760 31111111
1558 2738 1592 2759 ex
1617 2729 1686 2759 tuum

991 2771 1082 2795 mento
1105 2771 1134 2794 et
1154 2767 1326 2796 decremento
1349 2774 1366 2795 o
1381 2767 1388 2774 ·
1406 2767 1478 2795 inem
1505 2764 1611 2799 iratist,
1632 2771 1666 2793 ex
1699 2792 1714 2798 ,,

990 2802 1123 2864 Αιιιὺιιῗίἰ
1145 2803 1270 2838 opinione
1290 2775 1528 2835 ᾱοωῑηῖῠίιίοηι.
1553 2801 1589 2834 φ
1612 2796 1674 2827 Nat.

990 2845 1049 2872 cap.
1101 2855 1108 2863 .
1207 2847 1211 2852 ·

1648 2877 1661 2890 γ,
1668 2879 1669 2882 ,
