1832 3016
185 117 235 144 659

717 117 745 143 S.
768 117 890 145 istnotu
910 117 1133 149 HISPALENSIS
1153 122 1303 152 EPISCOPI
1765 131 1782 158 6

185 176 311 202 adversus
326 180 404 208 quam
416 171 559 206 opponitur
579 173 714 200 humilitas
729 173 837 208 Christi,
861 182 912 210 qua
925 176 974 203 liu·
987 177 1015 206 Α
1026 184 1073 212 per
1096 181 1158 208 vitia
1173 181 1315 210 humanam
1337 188 1453 212 mentem
1470 187 1640 215 exterminat,

184 221 319 248 miliantur
330 219 403 246 elati.

217 274 244 301 ⁸.
265 274 454 307 Principaliuni
470 278 572 308 septem
588 276 713 303 vitiorum
741 277 832 311 regina
845 281 873 305 et
887 283 974 306 mater

181 319 304 353 superbia
324 323 375 351 est,
390 319 537 354 eademque
552 325 655 355 septem
673 322 827 356 principalia
844 323 924 350 multa
940 324 973 352 de

180 371 209 390 se
222 365 372 398 parturiunt
388 366 463 397 vitia,
491 373 550 400 quae
573 367 609 393 ita
625 367 729 395 sibimet
746 369 859 402 quadam
875 377 974 404 cogna-

179 408 252 436 tlone
264 409 421 443 junguntur,
438 414 466 436 ιιι
480 418 512 437 cx
528 411 613 438 altero
628 413 741 440 alterurn
758 414 868 441 oriatur.

214 454 241 481 9.
263 456 336 482 Sicut
361 457 484 491 princeps
507 463 609 491 septem
632 459 756 487 vitiorum
783 462 907 497 superbia
923 470 971 490 nos

178 507 269 527 eorum
291 502 465 534 potestatibus
487 503 595 537 subdit,
620 505 654 532 ita
675 505 797 534 Christus
822 509 970 542 septiformi

177 547 259 579 grana
276 547 367 580 plenus
380 555 394 573 a
409 548 548 576 dominatu
562 550 686 579 vitiorum
699 560 748 580 nos
764 554 850 586 ei·uit;
865 559 891 581 et
904 563 970 590 quos

176 591 219 617 illa
236 592 334 619 addicit
355 595 521 629 septemplici
537 596 611 630 vitio,
628 597 678 625 iste
693 598 788 626 liberat
806 600 970 634 septiformis

174 638 265 671 gratiae
279 638 359 667 dono.

422 686 536 715 CAPUT
570 688 714 717 XXXVIII.

480 733 519 760 De
536 735 664 770 superbia.

210 777 234 804 l.
256 778 333 806 Omni
358 779 423 807 vitio
451 781 611 809 deteriorem
642 790 702 811 esse
724 785 893 819 superbiam,
920 795 966 814 seu

173 829 283 857 propter
294 826 364 859 quod
376 835 390 853 a
405 829 516 855 summis
532 830 654 863 personis
666 834 693 857 et
704 831 796 864 primis
809 834 963 866 assumitur,

170 874 217 894 seu
232 870 303 903 quod
318 870 352 897 de
368 879 449 906 opere
471 873 582 907 justitia:
597 879 624 901 et
649 876 752 903 virtutis
773 880 901 911 exoritur,
917 880 964 905 mi·
982 866 1005 894 B

171 920 273 949 nusque
298 917 374 951 culpa
404 918 462 952 ejus
492 920 615 946 sentitur.
644 921 761 948 Luxuria
785 931 849 950 vero
876 926 964 951 carnis

168 959 248 994 241
272 961 334 988 ideo
357 963 481 991 notabilis
501 966 625 993 omnibus
648 973 699 1001 est,
724 969 848 1002 quoniam
876 970 964 998 statim

169 1012 217 1039 per
233 1013 262 1033 se
279 1009 365 1042 turpis
378 1014 428 1037 est.
445 1011 478 1037 Et
495 1015 593 1046 tamen,
619 1018 745 1046 pensante
759 1015 823 1047 Deo,
841 1017 964 1050 superbia

168 1051 256 1079 minor
267 1059 316 1080 est.
335 1054 388 1082 Sed
403 1057 446 1090 qui
461 1057 596 1086 detinetur
609 1061 744 1094 superbia,
761 1066 787 1088 et
802 1069 855 1088 non
871 1063 962 1096 sentit,

167 1096 265 1124 labitur
280 1099 306 1125 in
327 1101 415 1128 carnis
432 1102 536 1130 luxuria
554 1113 559 1130 :
578 1110 605 1131 ut
617 1106 744 1139 perhanc
760 1107 924 1142 humiliatus,
936 1113 963 1136 et

166 1149 181 1168 a
195 1144 354 1173 confusione
368 1152 461 1183 surgat
476 1153 503 1176 et
518 1158 530 1175 a
548 1152 684 1185 superbia.

201 1188 229 1215 2.
250 1190 342 1219 Omnis
358 1200 471 1226 peccans
487 1197 617 1229 superbus
637 1202 687 1231 est,
703 1206 736 1226 eo
757 1201 826 1234 quod
839 1201 962 1230 faciendo

165 1235 246 1261 venia
273 1240 437 1272 contemptui
468 1240 563 1269 babeat
589 1243 679 1270 divina
707 1251 851 1280 praecepta.
879 1247 961 1275 Recte

165 1287 229 1314 ergo
251 1281 353 1310 initium
369 1286 451 1312 omnis
470 1289 569 1320 peccati
587 1290 706 1323 superbia
727 1291 823 1326 (Eccle.
850 1301 877 1326 x,
902 1294 960 1330 15),

164 1327 226 1360 quia
248 1329 299 1355 nisi
312 1333 481 1363 praecesserit
497 1334 684 1362 mandatorum
700 1337 746 1364 Dei
768 1338 959 1374 inobedientia,

165 1375 388 1408 transgressionis
402 1385 455 1404 non
471 1380 591 1413 sequitur
605 1381 691 1415 culpa.

200 1419 226 1446 3.
248 1420 341 1448 Omnis
366 1424 490 1457 superbia
508 1429 580 1452 tanto
596 1426 622 1452 in
645 1427 698 1453 imo
720 1428 802 1461 jacet,
818 1435 918 1464 quanto
932 1432 958 1458 in

165 1464 247 1491 altum
263 1473 292 1493 se
307 1468 402 1502 erigit;
424 1474 552 1505 tantoque
566 1473 720 1506 profundius
741 1475 847 1508 labitur,
860 1482 959 1510 quanto

165 1511 298 1539 excelsius
311 1513 440 1541 elevatur.
452 1515 502 1548 Qui
516 1516 587 1543 enim
599 1525 646 1552 per
658 1520 790 1553 propriam
804 1522 955 1555 superbiam

162 1557 302 1590 attollitur,
319 1566 366 1593 per
386 1560 432 1587 Dei
446 1561 576 1595 justitiam
593 1563 745 1592 inclinatur.

199 1602 226 1629 4.
247 1603 297 1635 Qui
314 1604 438 1631 inflantur
453 1607 589 1640 superbia,
618 1614 698 1636 vento
713 1615 867 1644 pascuntur.
879 1611 956 1638 Unde

162 1651 188 1673 et
209 1648 338 1681 propbeta
366 1658 372 1675 ε
401 1650 512 1684 Omnes,
542 1652 643 1686 inquit,
670 1659 782 1688 pastores
806 1660 861 1682 tuos
875 1657 956 1692 pascit

161 1699 248 1721 ventus
259 1695 367 1729 (Jerem.
386 1705 449 1729 xxii,
464 1697 522 1732 22),
541 1698 589 1725 Iioc
603 1705 654 1733 est,
667 1701 800 1735 superbiae
815 1703 934 1737 spirtius.

200 1739 227 1766 5.
248 1740 298 1773 Qui
319 1742 352 1768 de
376 1743 430 1769 suis
445 1743 588 1771 virtutibus
608 1746 774 1780 superbiunt,
787 1755 819 1774 ex
837 1749 900 1783 ipsis
915 1750 956 1783 ju-

163 1784 269 1812 dicandi
284 1791 346 1813 sunt
361 1788 487 1820 operibus
501 1789 598 1823 quibus
609 1798 657 1824 pro
678 1791 820 1819 virtutibus
835 1799 953 1829 utuntur,

161 1830 222 1864 quia
249 1838 304 1858 rem
327 1831 424 1859 bonam
440 1841 492 1860 non
508 1834 576 1862 bona
602 1836 738 1864 voluntate
762 1838 871 1866 faciunt.
889 1840 953 1867 Nam

161 1884 255 1904 revera
269 1879 327 1906 sine
343 1879 493 1909 bumilitate
516 1882 600 1909 virtus
621 1883 758 1919 quaelibet,
774 1890 800 1912 et
815 1885 873 1913 sine
887 1887 953 1913 cba-

160 1923 241 1951 ritate
255 1924 281 1951 in
297 1924 360 1953 vitio
373 1925 526 1960 deputatur.

196 1970 222 1998 6.
245 1972 339 1999 Merito
350 1974 484 2007 superbiae
497 1975 617 2003 diabolus
638 1984 651 2003 a
663 1984 778 2011 superna
790 1978 954 2008 heatitudine

160 2017 273 2044 corruit.
290 2018 340 2052 Qui
352 2027 415 2053 ergo
431 2020 464 2047 de
479 2021 622 2049 virtutibus
638 2023 803 2056 attolluntur,
819 2025 953 2053 diabolum

159 2062 312 2096 imitantur3
335 2070 362 2092 et
374 2066 471 2093 exinde
491 2068 599 2101 gravius
620 2074 760 2103 corruunt,
784 2071 844 2104 quia
858 2072 891 2099 de
906 2080 954 2100 ex-

159 2110 233 2136 celso
249 2111 384 2139 labuntur.

162 2172 164 2174 >
196 2154 221 2181 7.
242 2155 383 2190 Superbia,
413 2158 482 2185 sicut
504 2159 580 2194 origo
608 2165 649 2187 est
664 2161 784 2189 omnium
799 2163 950 2197 criminum,

159 2201 194 2227 ita
209 2201 284 2227 ruina
297 2208 451 2230 cunctarum
468 2204 610 2231 virtutum.
637 2206 694 2239 Ipsa
709 2212 750 2234 est
763 2209 834 2235 enim
850 2211 875 2236 in
892 2218 952 2243 iec-

159 2252 219 2274 cato
232 2248 327 2281 prima,
345 2249 400 2283 ipsa
417 2251 442 2276 in
455 2250 580 2278 conflictu
596 2256 741 2285 postrema.
755 2254 816 2281 ttaec
825 2256 895 2282 enim
906 2262 951 2284 aut

160 2294 185 2320 in
209 2295 319 2322 exordio
339 2300 456 2323 mentem
485 2304 534 2331 per
563 2302 699 2332 peccatum
725 2301 879 2333 prosternit,
907 2307 953 2329 aut.

160 2341 304 2369 novissime
315 2342 348 2369 de
363 2342 503 2370 virtutibus
515 2344 616 2378 dejicit.
635 2344 698 2371 Inde
714 2349 741 2372 et
756 2347 874 2373 omnium
890 2356 953 2382 pec-

158 2393 279 2416 catorum
295 2395 342 2421 ¹est
366 2390 492 2424 maxima,
510 2391 571 2426 quia
587 2395 639 2418 tam
666 2399 713 2425 per
737 2392 849 2420 virtutes
871 2402 949 2428 quam

194 2458 221 2485 8.
243 2459 281 2486 Ex
295 2458 417 2495 Grogor„
431 2460 476 2488 lib.
494 2461 588 2488 Moral.
600 2469 673 2493 xxxi,
689 2468 714 2488 c.
727 2461 770 2488 17.
786 2461 892 2490 Lonisn.

194 2493 257 2521 Car».
280 2503 391 2523 xxxviii.
409 2497 440 2524 N.
459 2497 483 2523 l.
501 2496 538 2523 De
552 2497 676 2528 superbia
691 2498 826 2531 eleganter
839 2498 948 2527 disserit

158 2528 273 2556 Joannes
286 2529 428 2559 Cassianus
440 2532 563 2564 eremita,
580 2532 624 2559 lib.
638 2539 682 2564 xit,
697 2539 756 2565 cap.
774 2533 798 2565 l,
821 2532 862 2559 liis
883 2541 946 2562 ver-

158 2564 199 2590 bis
218 2573 224 2590 :
243 2564 374 2598 Octavum,
391 2567 458 2602 qnod
473 2571 496 2593 et
515 2572 672 2600 extremum,
693 2568 812 2594 adversus
830 2569 945 2603 spiritum

160 2601 282 2632 auperhiae
292 2602 362 2628 nobis
373 2607 498 2628 certamen
512 2608 558 2629 est.
577 2603 627 2635 Qui
641 2602 753 2636 morbus,
769 2604 825 2630 ticet
839 2604 945 2632 ultimus

158 2634 191 2660 sit
209 2635 234 2661 in
247 2638 368 2671 coraflictu
379 2639 497 2664 vitiorum
507 2642 582 2673 atque
595 2639 622 2664 in
632 2638 722 2664 ordine
735 2643 844 2679 ponatur
863 2646 945 2680 extre-

158 2676 225 2702 mus,
237 2672 334 2706 oriqine
344 2678 428 2700 tamen
438 2678 462 2700 et
473 2678 584 2707 tenipore
594 2674 692 2709 primus
703 2678 758 2705 est:
773 2681 911 2701 soevisnma
920 2679 944 2702 et

158 2707 329 2739 superioribus
341 2710 439 2735 cuncti:
453 2709 587 2735 immanior
599 2710 686 2741 beatio,
699 2709 822 2744 perfectos
835 2710 945 2737 rna-time

159 2743 267 2774 tentans,
281 2747 305 2769 et
319 2743 502 2776 propemodum
519 2745 577 2780 jam
599 2744 696 2779 positos
709 2745 736 2770 in
750 2745 945 2772 consummatio-

158 2780 214 2801 nem
227 2777 346 2804 t-irtutum
359 2786 446 2805 morsu
457 2778 552 2806 diriore
565 2779 714 2813 deposcens.
729 2779 838 2807 Lausi.

195 2809 265 2838 Ibid.
279 2811 416 2840 Peri-rante.
433 2814 488 2847 At„
501 2814 674 2848 dispensante.
694 2813 818 2842 Fortasse
841 2814 944 2856 praesti-

161 2845 223 2873 terit
238 2845 336 2880 legere,
351 2847 445 2875 labitur
462 2849 490 2876 in
503 2849 588 2876 carni:
608 2849 753 2883 luxuriam,
775 2854 839 2883 aut,
863 2855 893 2878 ut.
916 2858 942 2878 in

1060 227 1088 254 8.
1109 228 1146 255 lbi
1162 229 1259 257 cadere
1279 231 1442 265 superbiam,
1457 232 1502 259 ubi
1517 236 1545 260 et
1559 234 1644 267 nasci,
1658 238 1688 262 ut
1708 242 1762 263 non
1779 236 1816 267 eit

1025 273 1147 305 superbis
1159 274 1230 301 aliud
1245 276 1333 310 culpa,
1346 277 1417 304 aliud
1431 284 1521 312 poena,
1546 278 1594 306 sed
1618 279 1676 315 ipsa
1690 281 1768 317 culpa
1780 282 1803 311 ei

1025 317 1078 345 illis
1096 324 1124 345 et
1138 327 1228 353 poena.

1061 363 1139 399 242
1153 365 1180 392 9.
1200 366 1238 393 De
1260 367 1387 402 superbia
1403 369 1476 396 nasci
1493 371 1685 405 arrogantiam,
1713 379 1766 400 non
1780 372 1815 402 de

1024 411 1176 443 arrogantia
1200 413 1272 439 nasci
1298 415 1465 448 superbiam.
1482 416 1546 443 Nam
1572 417 1624 445 nisi
1648 418 1815 452 praecesserit

1024 456 1127 482 occulta
1143 458 1222 484 elatio
1249 461 1357 494 mentis,
1383 470 1434 489 non
1449 464 1569 498 sequitur
1584 469 1673 498 aperta
1685 464 1814 499 jactantia
1825 468 1832 474 ⁴

1023 499 1118 527 laudis.
1133 502 1171 529 Ita
1186 511 1249 538 ergo
1269 504 1295 531 in
1319 507 1396 541 culpa
1419 509 1584 543 praeponitur
1603 510 1729 544 superbia
1740 517 1814 538 arro-

1023 551 1130 585 gantiae,
1153 553 1220 580 sicut
1240 554 1381 587 prrefertnr
1394 557 1507 591 origine.

1059 597 1102 624 10.
1123 598 1283 634 Plerumque
1296 601 1328 627 ad
1353 602 1475 629 elationis
1497 604 1710 632 emendationem
1725 604 1832 645 provi-J

1021 643 1110 670 dentia
1138 644 1183 671 Dei
1207 646 1295 680 aliquo
1315 654 1377 674 casu
1400 649 1519 676 nonnulli
1544 650 1661 683 cadunt,
1688 658 1737 685 pro
1760 657 1832 686 quo-

1021 689 1095 723 lapsu
1113 691 1270 723 reprehensi
1297 700 1311 718 a
1339 694 1490 728 semetipsis
1501 695 1637 722 humiliter
1651 696 1769 730 sapiunt,
1786 691 1832 724 et*-

1019 735 1053 762 de
1067 737 1221 764 muneribus
1238 738 1284 764 Dei
1300 739 1402 766 laudari
1419 747 1471 766 non
1488 745 1626 774 appetunt,
1640 742 1687 769 sed
1702 729 1832 770 laudant!

1019 781 1114 816 Deum,
1131 791 1144 809 a
1157 791 1209 817 quo
1233 791 1405 819 acceperunt,
1424 786 1493 813 unde
1509 787 1610 814 laudari
1625 795 1654 815 se
1674 788 1774 815 volunt.

1055 829 1097 855 tl.
1120 828 1216 856 Utilius
1232 835 1271 856 cst
1287 831 1422 866 arroganti
1446 832 1471 859 in
1495 840 1652 867 quocunque
1668 833 1732 860 vitio
1747 834 1808 867 labi,

1019 877 1046 900 et
1057 874 1180 901 humilem
1195 881 1254 909 post
1265 884 1354 903 casum
1369 877 1423 904 Deo
1437 878 1506 912 fieri,
1519 887 1596 914 quam
1611 888 1656 914 per
1668 880 1808 908 elationem

1017 922 1167 955 superbire,
1181 924 1384 959 gravioremque
1399 926 1481 953 ruinae
1494 926 1691 956 damnationem
1704 936 1750 963 per
1763 935 1808 956 su-

1018 968 1136 1000 perbiam
1152 976 1267 996 sumere.

1284 1015 1396 1044 CAPUT
1420 1017 1542 1046 XXXIX.

1296 1062 1335 1088 De
1353 1063 1532 1096 fornicatione.

1052 1106 1077 1133 ¹.
1094 1106 1131 1133 Ex
1147 1107 1223 1141 culpa
1239 1108 1370 1142 superbiae
1385 1109 1540 1144 plerumque
1564 1110 1590 1137 in
1605 1110 1807 1141 abominandam

1015 1154 1103 1179 carnis
1119 1153 1312 1181 immunditIam
1338 1155 1401 1182 itur.
1428 1156 1492 1183 Nam
1517 1156 1629 1184 alterum
1653 1158 1752 1192 pendet
1772 1166 1806 1187 ex

1014 1198 1117 1231 altero;
1134 1199 1181 1226 sed
1207 1200 1275 1226 sieut
1297 1208 1344 1234 per
1355 1201 1510 1235 superbiam
1527 1203 1624 1230 mentis
1639 1203 1690 1230 itur
1704 1203 1730 1231 in
1746 1211 1806 1239 pro-

1014 1244 1180 1271 stitutionem
1208 1246 1336 1279 libidinis
1367 1247 1403 1274 ita
1429 1255 1476 1280 per
1508 1248 1684 1276 bumilitatem
1709 1250 1805 1278 mentis

1013 1289 1085 1315 salva
1111 1290 1140 1316 Iit
1161 1291 1270 1318 castitas
1285 1291 1382 1319 carnis.
1412 1292 1482 1320 Deus
1500 1298 1588 1321 autem
1614 1302 1804 1330 nonnunquam

1012 1335 1102 1369 dejicit
1116 1337 1247 1364 occultam
1265 1338 1362 1365 mentis
1377 1339 1528 1373 superbiam
1546 1347 1593 1375 per
1618 1341 1706 1368 carnis
1719 1340 1804 1368 mani-

1012 1380 1106 1408 festam
1121 1381 1235 1410 ruinam.

1047 1427 1073 1453 2.
1095 1427 1225 1455 Libidinis
1250 1429 1321 1455 nasci
1346 1429 1540 1457 immunditiam
1555 1430 1589 1458 de
1603 1431 1684 1458 animi
1700 1432 1802 1459 occulta

1011 1478 1115 1500 constat
1126 1474 1262 1508 superbia,
1276 1476 1398 1509 exemplo
1413 1476 1491 1509 primi
1504 1475 1629 1509 hominis,
1639 1478 1684 1511 qui
1701 1485 1762 1505 mox
1773 1482 1802 1505 ιιι

1011 1527 1059 1554 per
1072 1520 1224 1554 superbiam
1241 1526 1331 1547 contra
1353 1521 1435 1548 Deum
1464 1522 1571 1555 tumuit,
1599 1523 1688 1549 statim
1715 1523 1801 1551 carnis

1009 1565 1146 1593 libidinem
1163 1566 1268 1597 sensit,
1295 1571 1322 1593 et
1347 1567 1468 1600 pudenda
1492 1569 1606 1600 operuit.
1635 1568 1802 1604 Quapropter

1009 1613 1191 1647 unusquisque
1227 1620 1282 1639 suae
1322 1613 1430 1646 deputet
1462 1613 1547 1648 culpae
1583 1614 1653 1648 quod
1686 1615 1799 1648 cecidit,

1009 1659 1113 1693 quoties
1142 1658 1253 1686 libidine
1279 1659 1396 1687 vincitur
1408 1680 1415 1691 ,
1450 1660 1511 1694 quia
1539 1660 1589 1687 nisi
1619 1662 1799 1695 praecessisset

1008 1706 1094 1733 latens
1110 1707 1244 1741 superbia,
1272 1714 1323 1733 non
1349 1711 1506 1741 sequeretur
1529 1707 1645 1735 libidinis
1660 1708 1799 1736 manifesta

1008 1753 1096 1779 ruina.
1433 1757 1435 1760 ’

1042 1798 1069 1825 5.
1091 1799 1284 1833 Nonnunquam
1309 1799 1416 1834 gemino
1441 1797 1507 1826 vitio
1527 1798 1694 1828 Christianus
1711 1809 1724 1828 a
1740 1801 1797 1829 dia-

1007 1844 1069 1870 holo
1084 1845 1229 1878 appetitur,
1250 1850 1276 1872 et
1297 1845 1402 1872 occulto
1417 1853 1464 1880 per
1478 1846 1630 1881 elationem,
1646 1851 1673 1873 et
1692 1846 1796 1880 publico

1007 1897 1055 1924 per
1070 1890 1219 1917 libidinem.
1234 1891 1286 1918 Sed
1300 1891 1363 1918 dum
1379 1893 1462 1919 evitat
1485 1892 1544 1926 quis
1563 1891 1710 1924 libidinem,
1727 1890 1797 1919 cadit

1006 1936 1033 1962 in
1048 1935 1202 1962 elationem.
1225 1936 1289 1963 ltem
1306 1937 1369 1963 dum
1386 1938 1491 1964 incaute
1512 1937 1627 1964 declinat
1641 1937 1793 1969 elationem,

1006 1981 1076 2008 cadit
1090 1981 1206 2015 segniter
1231 1981 1257 2007 in
1274 1982 1424 2014 libidinem;
1442 1985 1533 2016 sicque
1554 1990 1587 2009 ex
1603 1983 1707 2010 occulto
1733 1982 1795 2009 vitio

1006 2027 1129 2053 elationis
1145 2028 1197 2053 itur
1213 2027 1237 2053 in
1253 2032 1373 2061 apertum
1398 2028 1525 2059 libidinis,
1541 2032 1567 2055 et
1582 2027 1615 2054 de
1629 2032 1720 2062 aperto
1740 2027 1795 2054 libi-

1006 2073 1085 2103 dinis,
1103 2074 1154 2099 itur
1168 2073 1194 2099 in
1210 2073 1341 2100 occultum
1357 2073 1488 2101 elationis.
1510 2073 1564 2101 Sed
1581 2074 1625 2101 Dei
1641 2081 1733 2101 servus
1753 2073 1794 2100 di-

1005 2123 1092 2145 screte
1117 2123 1259 2153 utrumque
1289 2125 1413 2152 pensans,
1443 2120 1481 2145 sic
1504 2122 1580 2146 cavet
1600 2118 1747 2150 libidinem,
1764 2122 1793 2145 ut

1005 2171 1057 2190 non
1075 2164 1192 2191 incurrat
1207 2164 1366 2197 elationem3
1384 2169 1410 2192 et
1423 2165 1462 2191 sic
1477 2165 1571 2199 premit
1597 2164 1751 2199 elationem,
1764 2168 1793 2191 ut

1005 2218 1058 2237 non
1072 2211 1188 2237 resolvat
1202 2211 1319 2237 animum
1335 2210 1369 2237 ad
1389 2210 1536 2237 libidinem.

965 2247 992 2276 D
1039 2256 1118 2292 243
1133 2258 1161 2284 4.
1186 2256 1341 2283 Luxuriosis
1355 2261 1434 2289 atque
1448 2256 1571 2290 superbis
1582 2256 1718 2283 daemones
1732 2256 1792 2290 plns

1005 2302 1122 2328 fautores
1146 2303 1273 2333 existunt,
1291 2300 1406 2333 dumque
1429 2299 1456 2326 in
1477 2300 1580 2326 caeteris
1591 2299 1664 2326 vitiis
1683 2300 1790 2333 spiritus
1815 2311 1822 2326 r

1003 2348 1112 2382 maligni
1125 2347 1285 2378 deserviant,
1294 2346 1334 2372 liis
1344 2350 1431 2372 tamen
1443 2345 1534 2380 majori
1543 2345 1719 2372 familiaritate
1729 2344 1791 2379 jun·
1805 2374 1820 2385 „-

1002 2402 1113 2431 guntur,
1125 2395 1216 2429 eisque
1230 2393 1345 2428 amptius
1357 2392 1431 2427 juxta
1447 2387 1607 2419 desiderium
1621 2391 1789 2420 famulantur.
1805 2414 1817 2435 4

1001 2470 1053 2494 vet.
1072 2466 1154 2495 Edit..
1171 2464 1265 2491 labitur
1277 2462 1362 2489 carnis
1375 2461 1488 2488 luxuria.
1510 2461 1596 2488 Αιιεν.
1810 2487 1818 2504 ’

1034 2501 1062 2528 5.
1083 2502 1120 2527 Ex
1135 2500 1259 2534 Gregor.,
1275 2499 1322 2524 lib.
1337 2497 1428 2524 Mor-at.
1449 2504 1531 2528 xxxii,
1547 2504 1572 2522 e.
1585 2496 1611 2521 7.
1629 2494 1735 2523 LoAisA.

1033 2547 1061 2573 4.
1082 2546 1175 2573 Glossa
1199 2544 1332 2571 ordinaria
1349 2552 1356 2570 :
1373 2546 1458 2575 pascet
1475 2546 1573 2573 ventus.
1592 2542 1620 2568 id
1637 2545 1682 2573 est,
1703 2539 1787 2567 inanis

997 2582 1101 2617 fiducia.
1117 2580 1192 2614 Quod
1217 2580 1244 2606 in
1257 2578 1369 2606 Excusis
1383 2578 1416 2604 ad
1425 2578 1580 2619 ‚marginem
1600 2582 1650 2608 est.
1665 2574 1788 2610 superbus

995 2618 1117 2653 spiritum
1133 2616 1159 2643 id
1185 2622 1247 2641 vero
1262 2622 1327 2642 mss.
1349 2617 1433 2640 nostri
1447 2611 1532 2640 Codd.
1547 2618 1600 2639 non
1626 2614 1784 2646 agnoscunt.

996 2652 1207 2725 bozan-xxm.
1223 2696 1254 2723 N.
1272 2696 1299 2723 t.
1327 2695 1367 2722 Ex
1390 2694 1518 2730 (ἔνθεοι,
1533 2692 1581 2722 lib.
1594 2692 1689 2721 uorat.
1707 2697 1784 2726 nu,

997 2741 1057 2768 cap.
1073 2733 1117 2759 15.
1135 2733 1242 2760 Lonisit.
1763 2748 1771 2761 ,

1030 2779 1058 2805 2.
1080 2778 1202 2812 Gregor„
1219 2776 1284 2804 ibid.
1304 2775 1414 2804 boam.

1031 2827 1058 2855 3.
1078 2826 1204 2862 Gregor„
1219 2824 1280 2853 loco
1289 2824 1383 2853 citato.
1397 2823 1506 2853 ιοιιιι.
1705 2811 1770 2837 ...23
