1832 3016
73 111 122 142 82!

572 109 618 138 DE
635 106 914 142 ambesus'rtcts
932 107 1078 142 ornetis
1097 107 1164 142 ΜΒ.
1186 109 1218 137 ΙΙ.

73 170 186 199 stratum
202 173 280 194 suum
291 166 418 202 lacrymis
430 166 498 200 rint
509 164 596 199 (Paeat.
608 164 647 199 vi)
658 184 665 196 ,
681 163 727 199 qui
742 164 862 194 imitatur
878 165 1047 199 Aexpiatur,
1072 172 1134 201 quat
1155 165 1183 192 in
1207 165 1384 194 similitudine
1407 165 1490 198 fontis
1511 170 1622 202 peccata
1642 174 1717 195 mor-

74 213 278 242 conversionem
286 212 408 240 uanam
419 210 464 247 (11
474 210 567 239 Paret.
576 209 720 245 xxxm),et
732 210 867 239 humilita-

75 264 127 286 tem
139 259 324 291 Ninivitarum,
335 244 388 291 ‘per
407 263 485 290 quarn
501 256 718 283 misericordiam
729 258 867 284 consecuti

74 309 136 331 sunt
150 303 225 338 (Jon.
246 304 301 338 ιιι).
323 301 374 335 Qui
385 301 505 329 imitatur
519 301 655 336 publicani
671 302 742 330 illius
766 303 866 330 oratio-

75 357 137 376 nem
151 349 177 376 in
191 348 290 383 ternplo
299 348 395 377 stantis
410 355 425 373 a
436 347 531 382 longe,
544 352 570 375 et
585 348 759 382 percutientis
775 353 866 383 pectus

74 403 163 428 suum,
179 395 276 429 quique
299 400 348 420 nec
371 401 451 420 ausus
467 394 516 421 tuit
529 394 621 422 oculos
645 395 679 421 ad
698 395 796 422 coelurn
811 395 866 425 ele—

72 449 137 469 vare
161 441 234 476 (Luc.
260 441 352 471 xviii).
379 439 530 474 Baptismus
550 440 621 467 enim
642 447 711 475 aqua
739 445 791 475 est,
806 447 866 476 quae

74 493 192 520 tempore
207 484 338 519 passionis
353 485 386 512 de
411 486 495 513 latere
515 485 614 513 Christi
642 485 776 521 profluxit.
802 485 866 513 Nul-

73 532 178 565 lumque
196 530 266 557 aliud
291 530 452 558 elementum
478 536 538 566 est,
560 533 630 566 quod
655 533 681 559 in
701 533 750 560 lioc
766 531 866 559 mundo

72 582 166 612 purget
182 577 316 608 universa,
332 575 450 604 vivilicet
461 581 568 610 cuncta,
581 578 694 613 ideoque
706 586 767 605 cum
779 577 866 612 bapti-

70 629 162 649 zamur
174 622 199 648 in
213 621 331 657 Clu-isto,
346 631 391 658 per
406 623 488 657 ipsam
504 624 680 658 renascimur,
693 627 720 651 ut
732 623 865 658 purificati

73 667 251 695 vivificemur.

106 714 132 740 t.
146 714 216 740 Fons
233 718 321 741 autem
338 714 413 748 origo
428 714 548 741 omnium
567 714 714 748 gratiarum
727 718 778 747 est,
790 714 866 747 cujus

68 763 171 793 septem
198 760 297 794 gradus
318 765 379 787 sunt
394 770 399 786 :
417 765 471 787 tres
498 761 525 787 in
545 761 675 788 descensu
691 766 799 796 propter
815 762 864 788 tria

70 805 167 840 quibus
179 806 380 838 renuntiamus3
397 811 450 833 tres
462 806 505 833 alii
522 806 547 833 in
564 814 676 834 ascensu
695 812 800 841 propter
816 808 865 834 tria

73 854 132 882 quae
144 849 321 881 confitemur;
338 850 466 884 septimus
482 857 545 877 vero
562 851 587 877 id
599 856 650 883 est,
663 852 707 885 qui
721 855 867 886 etquartus
882 852 906 885 B

33 915 36 918 ,
69 892 165 920 sitiiilis
191 893 237 920 lilii
264 893 392 926 hominis,
424 894 599 930 exstinguens
634 897 769 923 fornacem
799 897 867 931 ignis

70 937 151 974 (Dan.
177 940 221 974 ιιι)
237 961 244 972 ,
275 939 485 967 stabilimentum
513 942 623 975 pedum,
659 942 865 970 tundamentum

68 994 154 1022 aquae,
167 988 193 1015 in
213 994 265 1022 quo
279 989 366 1016 omnis
375 989 514 1024 plenitudo
531 990 680 1022 divinitatis
693 989 795 1017 habitat
807 998 867 1017 cor-

69 1034 195 1068 poraliter
222 1033 387 1069 (Coloss.1).
416 1034 444 1061 ln
470 1035 548 1062 Patre
571 1041 672 1067 autem,
689 1040 715 1063 et
730 1036 814 1068 Filio,
840 1040 868 1063 et

70 1078 171 1112 Spiritu
193 1085 287 1106 sancto
313 1080 439 1107 salutaria
461 1081 583 1114 baptismi
610 1082 678 1108 dona
704 1082 866 1110 consistunt.

72 1124 148 1152 Unde
164 1131 332 1159 nequaquam
350 1125 473 1159 baptismi
488 1126 671 1154 sanctificatur
693 1126 792 1160 oflicio,
815 1128 867 1154 nisi

69 1170 113 1204 qui
128 1170 178 1196 sub
197 1170 334 1197 Trinitatis
357 1171 467 1205 tingitur
482 1176 661 1204 sacramento,
682 1172 752 1199 sicut
771 1178 797 1200 et
814 1173 867 1201 Do-

69 1217 156 1243 minus
173 1217 209 1243 ait
227 1226 232 1243 :
255 1216 306 1250 lie,
331 1217 419 1244 docete
438 1226 523 1245 omnes
538 1223 635 1254 pentes,
652 1219 809 1254 baptizantes
824 1228 866 1246 eos

69 1265 96 1291 in
112 1264 213 1290 ιιοηιᾰηε
233 1263 331 1297 Patria,
348 1270 371 1291 et
386 1263 462 1298 Filii,
478 1269 502 1291 el
525 1265 638 1300 Spiritus
658 1266 740 1292 sancta·
759 1265 864 1299 (Matm.

70 1310 141 1343 uin).
160 1310 274 1337 Proinde
289 1311 323 1341 si.
339 1311 437 1337 omissa
454 1310 573 1345 qualibet
587 1311 726 1338 Trinitatis
741 1319 864 1346 persona,

72 1356 203 1390 baptisma
217 1356 305 1389 detur,
321 1356 462 1383 manifeste
476 1357 502 1383 in
515 1357 725 1391 regenerationis
738 1358 866 1386 solemni-

70 1407 124 1430 tate
139 1402 203 1429 nihil
220 1403 318 1435 agitur,
336 1402 386 1429 uisi
401 1406 455 1429 tota
470 1402 589 1429 Trinitas
607 1402 756 1430 invocetur.

104 1447 131 1474 ὅ.
147 1447 211 1474 Nam
226 1451 254 1474 et
277 1447 416 1479 Dominus,
433 1448 496 1474 dum
513 1456 527 1474 a
550 1447 653 1475 Joaune
674 1448 863 1482 baptizaretur,

68 1493 191 1522 eumdem
214 1494 378 1529 baptismum
394 1494 444 1521 sub
459 1494 599 1521 Trinitatis
613 1499 780 1521 sacramento
800 1495 865 1529 logi-

920 210 1014 237 tisicat.

956 254 982 281 7.
1003 254 1133 283 Perteetis
1153 259 1244 282 autem
1265 259 1343 284 aetate
1362 256 1525 291 baptismum
1539 256 1583 286 vel
1597 256 1631 284 ad
1651 264 1718 293 pur-

918 300 1056 335 gationem
1072 301 1209 335 originalis
1223 309 1315 335 noxae,
1331 302 1376 331 vel
1388 303 1422 330 ad
1437 304 1609 333 abolitionem
1625 309 1714 335 aetua-

918 349 952 377 lis
971 351 1075 388 peccati
1096 351 1227 387 proficere
1246 351 1403 385 credimus;
1425 353 1544 388 parvulis
1562 357 1671 386 autem.
1688 356 1718 381 ut

919 395 954 422 ab
974 396 1097 429 originali
1119 402 1230 430 peccato
1249 397 1407 430 abluantur,
1428 398 1499 432 quod
1518 399 1552 426 ab
1568 399 1651 427 Adam
1673 407 1721 435 per

918 441 1032 476 primam
1059 442 1225 469 nativitatem
1252 447 1401 471 traxerunt.
1430 443 1482 476 Qui
1511 444 1534 470 si
1565 444 1721 479 priusquam

919 491 1114 522 regenerentur
1128 488 1299 520 transierint,
1314 488 1407 522 procul
1420 488 1502 516 dubio
1515 496 1529 515 a
1546 496 1630 524 regno
1642 490 1722 517 Chri-

919 532 954 564 sti
973 532 1054 560 alieni
1075 537 1153 566 sunt,
1180 533 1240 568 ipso
1262 533 1404 561 Salvatore
1425 537 1560 561 testante:
1583 533 1644 560 Nisi
1664 535 1721 569 quis

919 583 1024 608 renatus
1037 579 1116 614 fuerit
1131 587 1163 606 ex
1178 587 1261 614 aqua,
1277 585 1300 606 et
1314 580 1417 615 Spiritu
1431 584 1518 607 sancto
1528 599 1536 614 ,
1551 588 1602 607 uon
1618 581 1722 607 intrabit

919 625 946 652 in
959 633 1066 660 requam
1081 624 1128 652 Dei
1142 624 1232 659 (Joan.
1248 625 1289 660 ιιι)
1304 634 1311 658 ;
1326 626 1430 664 quique
1443 626 1525 653 iidem
1540 627 1653 660 parvuli,
1669 626 1721 654 alio

921 670 1075 705 profitente,
1091 670 1273 704 baptizantur,
1289 671 1350 706 quia
1365 671 1453 698 adhuc
1467 671 1540 706 loqui
1554 672 1597 699 vel
1610 672 1722 700 credere

921 717 1055 749 nesciunt,
1070 715 1141 743 sicut
1156 718 1238 744 etiam
1254 718 1330 752 aegri,
1345 718 1424 751 muti,
1441 718 1482 745 vel
1497 718 1590 752 surdi,
1605 726 1722 754 quorum

921 762 978 790 vice
997 763 1066 789 alius
1087 763 1246 798 profitetur,
1268 768 1297 791 ut
1317 771 1365 800 pro
1390 764 1430 792 eis
1453 765 1633 800 respoudeat,
1658 765 1723 793 dum

920 807 1101 842 baptizantur.

958 853 983 879 8.
1005 853 1133 886 Quamvis
1155 857 1245 881 autem
1280 855 1327 888 per
1359 857 1591 890 regenerationem
1626 860 1722 892 pereat

919 899 1050 934 originale
1070 904 1225 934 peccatum,
1247 907 1325 935 poena
1348 905 1437 928 tamen
1458 902 1570 935 mortis,
1591 910 1650 937 quoe
1671 911 1720 937 per

920 946 1172 980 praevaricationem
1189 946 1307 973 mandati
1324 946 1462 981 introivit,
1479 952 1570 975 manet
1584 953 1611 975 et
1627 948 1653 974 iu
1674 955 1723 975 eos

919 998 988 1026 quos
1004 998 1017 1017 a
1037 996 1113 1018 reatu
1128 991 1239 1027 originis
1257 997 1352 1027 purgat
1367 992 1499 1027 baptisma
1515 993 1672 1021 Salvatoris.
1690 994 1723 1021 Et

922 1036 974 1063 hoc
994 1037 1107 1070 proinde
1118 1058 1125 1071 ‚
1145 1042 1174 1065 ut
1195 1038 1276 1065 homo
1291 1040 1415 1072 noverit,
1433 1048 1481 1075 pro
1498 1041 1592 1068 l'uturae
1606 1042 1723 1070 beatitu-

922 1082 995 1109 dinis
1012 1090 1059 1117 spe
1075 1084 1308 1118 regenerationem
1324 1087 1470 1120 consequi,
1489 1094 1542 1114 non
1558 1092 1586 1114 ut
1606 1095 1620 1114 a
1641 1095 1723 1123 poena

922 1128 1080 1162 temporalis
1098 1130 1194 1156 mortis
1214 1132 1301 1165 possit
1320 1131 1432 1159 absolvi.
1460 1132 1528 1159 lllud
1548 1140 1627 1166 vero,
1651 1133 1724 1168 quod

922 1179 975 1199 nec
995 1173 1106 1207 privatis
1126 1181 1176 1201 nec
1196 1175 1303 1202 clericis
1324 1176 1461 1211 baptizare
1482 1178 1572 1210 liceat,
1593 1178 1644 1206 nisi
1665 1183 1723 1206 tan-

922 1224 977 1245 tum
994 1219 1191 1252 sacerdotibus,
1210 1220 1235 1247 in
1252 1222 1399 1257 Evangelio
1414 1222 1527 1257 legimus
1543 1223 1643 1251 sanctis
1658 1230 1723 1257 apo-

920 1265 998 1292 stolis
1013 1270 1114 1292 tautum
1134 1267 1309 1300 permissum,
1327 1267 1390 1295 lesu
1409 1272 1470 1302 post
1489 1269 1720 1296 resurrectionem

920 1311 1030 1338 dicente
1047 1321 1052 1337 :
1070 1311 1152 1349 468
1168 1313 1243 1339 Sicut
1259 1314 1327 1340 misit
1342 1322 1381 1340 nte
1396 1319 1477 1348 pater,
1494 1319 1516 1340 et
1532 1323 1576 1349 eqo
1592 1315 1663 1341 mino
1679 1323 1722 1342 vos

921 1357 1013 1392 (Ιοαη.
1032 1358 1092 1392 xx).
1110 1359 1144 1386 Et
1158 1359 1210 1386 boc
1225 1367 1285 1387 cum
1302 1359 1431 1393 dixisset,
1446 1360 1604 1394 inspiravit,
1621 1365 1649 1388 et
1664 1361 1721 1388 ait:

921 1402 1036 1436 Accipite
1059 1403 1188 1437 Spiritum
1211 1410 1328 1431 sanctum
1341 1412 1352 1432 .·
1365 1413 1472 1439 quorum
1495 1405 1641 1432 remiseritis
1662 1414 1722 1440 pec-

920 1453 980 1474 cata
992 1468 999 1481 ,
1016 1449 1182 1475 remittuntur
1195 1450 1230 1476 eis
1244 1457 1253 1482 ‚⁰
1268 1454 1291 1476 et
1306 1458 1414 1483 quorum
1435 1451 1603 1483 retinueritis,
1625 1456 1723 1478 retenta

919 1498 1004 1519 erunt.
1023 1494 1053 1520 Et
1069 1493 1095 1520 in
1114 1494 1166 1520 alio
1181 1494 1239 1521 loco
1254 1503 1260 1521 :
1286 1495 1341 1528 Ite.
1359 1496 1446 1523 docete
1460 1505 1547 1523 onmes
1567 1501 1663 1531 gentes,
1679 1498 1723 1523 tra-

69 1543 111 1567 tur
128 1540 270 1574 peregisse.
285 1539 395 1571 Dicente
410 1540 480 1567 enim
494 1540 567 1567 Deo:
583 1539 633 1567 llic
648 1545 683 1567 est
694 1539 779 1567 Filius
795 1549 867 1568 inens
879 1539 904 1575 G
921 1541 1047 1575 ptizantea
1067 1548 1110 1567 eos
1129 1541 1155 1567 in
1177 1541 1278 1569 nomine
1298 1540 1396 1575 Patria,
1419 1547 1441 1569 et
1462 1542 1546 1575 Filii,
1568 1548 1591 1570 et
1607 1543 1723 1578 Spiritus

69 1586 178 1621 (ΜαιιΙι.
196 1587 252 1621 ιιι),
269 1586 347 1613 Pater
361 1586 386 1613 in
402 1593 479 1618 voce,
496 1585 579 1612 Filius
595 1586 621 1612 in
637 1594 767 1620 corpore,
785 1587 865 1622 467

71 1631 183 1666 Spiritus
205 1636 293 1658 autem
324 1636 432 1658 sanctus
459 1631 542 1658 fuisse
571 1630 698 1665 probatur
723 1632 748 1658 in
778 1632 867 1666 specie

68 1678 199 1705 columbae
210 1677 286 1712 (Luc.
303 1677 356 1713 ιιι).
374 1678 437 1705 Duae
457 1682 521 1705 sunt
546 1683 636 1705 autem
658 1678 794 1711 pactiones
809 1686 867 1706 cre-

69 1723 202 1749 dentium.
219 1722 308 1749 Prima
333 1723 404 1750 enim
421 1723 508 1756 pactio
527 1727 568 1749 est
584 1723 610 1749 in
634 1731 684 1756 qua
699 1724 867 1750 renuntiatur

69 1768 230 1800 diabolo,·et
244 1768 361 1802 pompis,
378 1772 404 1795 et
418 1769 550 1795 universae
565 1769 766 1795 conversationi
784 1769 866 1795 illius.

71 1813 195 1842 Secunda
211 1814 298 1848 pactio
325 1818 366 1841 est
390 1821 440 1848 qua
466 1821 495 1842 se
521 1814 632 1841 credere
654 1815 681 1841 in
706 1814 823 1849 Patrem,
841 1818 868 1842 et

53 1856 178 1892 ‘Filiuun
192 1864 219 1888 et
235 1860 361 1894 Spiritum
373 1864 495 1887 sanctum
511 1860 659 1894 profitetur.

104 1908 129 1933 6.
151 1906 239 1933 Semel
251 1911 339 1933 autem
352 1914 400 1932 nos
413 1910 520 1939 oportet
534 1906 560 1932 in
572 1906 682 1933 Cliristo
695 1906 788 1938 lavari,
805 1907 867 1940 quia

70 1951 190 1979 Christus
205 1952 288 1979 semel
305 1959 353 1985 pro
369 1950 446 1977 nobis
463 1955 584 1977 mortuus
599 1954 650 1978 est.
667 1950 695 1978 Si
710 1950 780 1978 enim
799 1958 867 1978 unus

71 1997 158 2031 Deus,
173 2002 201 2026 et
215 1998 280 2025 tides
294 2005 346 2025 una
362 2002 416 2029 est,
434 1997 587 2024 necessario
600 2002 626 2024 et
641 2005 722 2025 unum
737 1997 868 2032 baptisma

71 2043 108 2070 sit
122 2043 230 2077 (lapitas.
247 2042 299 2077 iv),
315 2042 378 2076 quia
393 2049 420 2069 er.
432 2042 534 2069 Cliristi
556 2050 629 2069 mors
650 2050 702 2069 una
723 2050 771 2076 pro
789 2042 868 2069 nobis

71 2093 127 2120 est,
146 2088 172 2114 in
186 2088 263 2122 quus
276 2088 418 2122 imaginem
431 2088 576 2123 mergimur
589 2096 637 2123 per
651 2089 808 2124 mysterium
824 2097 867 2116 sa-

71 2134 110 2162 cri
127 2135 209 2163 sontis
219 2155 225 2166 .
244 2138 272 2162 ut
286 2134 504 2168 consepeliamur
518 2134 626 2162 Christo
641 2135 789 2162 morientes
805 2134 868 2162 huic

73 2182 173 2209 mundo
189 2181 282 2216 (Rom.
298 2181 358 2216 ιιι),
373 2186 401 2208 et
415 2181 449 2208 ab
466 2181 558 2209 iisdem
575 2181 652 2216 aquis
674 2182 699 2208 in
721 2182 806 2210 forma
825 2190 867 2209 re-

923 1588 1006 1614 snncti
1023 1587 1131 1622 (ΜαιιΙι.
1147 1589 1220 1623 ult).

963 1634 989 1659 9.
1013 1633 1090 1660 Unde
1108 1638 1215 1660 constat
1229 1634 1362 1668 baptisma
1379 1635 1444 1662 solis
1458 1636 1647 1663 sacerdotibus
1662 1643 1723 1663 esse

923 1680 1102 1713 tractandum,
1122 1679 1233 1714 ejusque
1249 1680 1427 1711 ministerium
1449 1689 1499 1708 nec
1517 1682 1585 1716 ipsis
1599 1682 1723 1708 diaconi-

925 1725 974 1752 bus
995 1726 1105 1758 explere
1125 1730 1167 1752 est
1187 1726 1290 1753 licitum
1311 1727 1413 1760 absque
1433 1727 1578 1761 episeopo,
1599 1728 1641 1754 vel
1663 1735 1723 1761 prc-

924 1773 1044 1808 sbytero,
1061 1772 1113 1800 nisi
1128 1774 1169 1799 liis
1184 1773 1277 1808 procul
1293 1773 1460 1807 absentibus,
1478 1775 1569 1801 ultima
1586 1774 1722 1808 languoris

924 1822 1003 1852 cogat
1017 1819 1165 1845 necessitas
1179 1827 1184 1844 :
1201 1818 1272 1852 quod
1289 1819 1369 1846 etiam
1385 1823 1415 1846 et
1431 1818 1508 1846 laicis
1524 1818 1648 1846 fidelibus
1666 1819 1723 1852 ple-

924 1871 1038 1898 rumque
1056 1865 1234 1898 permittitur,
1249 1871 1284 1892 ne
1299 1865 1440 1900 quisquam
1462 1865 1521 1892 sine
1540 1865 1660 1892 remedio
1679 1872 1723 1891 sa-

923 1911 1002 1937 lutari
1016 1911 1051 1938 de
1063 1911 1165 1938 saeculo
1180 1916 1320 1940 evocetur.
1336 1912 1459 1940 Haeretici
1474 1918 1578 1945 autern.
1595 1913 1617 1940 si
1632 1917 1722 1940 tamen

925 1956 951 1983 in
969 1957 1068 1988 Patris,
1084 1962 1111 1984 et
1124 1957 1202 1991 Filii,
1217 1962 1245 1985 et
1261 1959 1376 1993 Spiritus
1389 1960 1475 1987 sancti
1489 1960 1662 1988 attestatione
1674 1961 1722 1987 do-

921 2006 1017 2030 centur
1032 2003 1166 2037 baptisma
1181 2005 1349 2038 suscepisse,
1366 2013 1419 2032 nnn
1435 2006 1531 2033 iterum
1546 2006 1720 2040 baptizandi,

922 2047 970 2074 sed
991 2048 1050 2075 solo
1064 2048 1210 2076 chrismate
1230 2054 1257 2076 et
1276 2057 1371 2077 manus
1393 2051 1566 2086 impositione
1587 2052 1721 2087 purgandi

922 2098 994 2122 sunt.
1013 2095 1165 2129 Baptismus
1181 2096 1252 2123 enim
1269 2105 1321 2124 non
1337 2101 1378 2124 cst
1393 2098 1528 2131 bominis,
1541 2097 1588 2126 sed
1603 2097 1720 2132 christu

924 2141 1040 2176 ideoque
1055 2141 1122 2169 nihil
1137 2142 1251 2170 interest
1267 2144 1408 2171 haereticus
1418 2165 1426 2177 ,
1443 2152 1475 2171 au
1493 2144 1578 2171 tidelis
1593 2145 1721 2178 baptizet.

962 2188 1006 2215 10.
1027 2188 1105 2221 Quod
1128 2194 1328 2217 sacramentum
1351 2194 1404 2217 tam
1420 2195 1542 2218 sanctum
1557 2196 1613 2224 est,
1630 2196 1658 2218 ut
1673 2199 1722 2218 uec

71 2227 247 2254 Sllrrefflssnis
263 2227 321 2260 eius
336 2227 509 2262 emergimus,
526 2235 579 2254 ¹¹0⁰
596 2229 732 2254 reversuri
754 2228 787 2254 ad
805 2235 866 2255 0⁰¹·-
878 2231 907 2265 Ι)
920 2233 1057 2262 homicida
1074 2234 1246 2262 ministrante
1264 2236 1408 2270 polluatur.
1431 2236 1517 2264 nabet
1537 2236 1644 2272 quidem
1667 2237 1722 2264 liae-

73 2271 240 2305 ruptionem,
262 2271 332 2299 sicut
357 2279 443 2306 neque
468 2277 509 2299 est
534 2280 659 2300 reversus
682 2272 715 2300 ad
739 2277 863 2301 mortem.

73 2317 148 2350 Quod
167 2317 218 2346 etu'
235 2323 329 2351 postea
343 2317 457 2352 quisque
473 2322 625 2351 pra-ventus
640 2318 721 2346 suerit
734 2318 760 2346 in
775 2319 866 2354 aliquo

75 2367 208 2398 peceato,
227 2370 280 2390 non
293 2362 352 2398 jam
365 2363 465 2391 lavacri
479 2363 627 2397 beneflcio,
642 2365 688 2392 sed
704 2365 866 2399 poeniteutiae

108 2430 137 2456 k.
148 2429 203 2456 em«
213 2430 240 2459 iu
251 2431 448 2465 mqenmtionir
457 2432 630 2464 wimnitace,
641 2433 678 2460 al.
692 2434 718 2460 in
731 2442 866 2470 regenera-

74 2463 150 2490 u'om'·
160 2470 238 2498 aquo.
253 2464 410 2498 adefonsus,
424 2474 482 2501 cap.
499 2469 551 2495 llo
565 2468 598 2495 de
611 2468 717 2502 Cognit.
734 2469 862 2503 baptism.

75 2498 134 2525 liaec
147 2499 202 2532 iun
215 2500 314 2539 repetit
324 2501 359 2528 de
370 2505 473 2536 septem
485 2503 612 2537 gradibus
623 2503 704 2531 fotius
719 2505 864 2538 baptisma-

76 2533 121 2565 lis,
137 2539 165 2560 et
183 2534 256 2567 plura
274 2534 324 2560 alta
345 2535 486 2565 desumere
505 2538 591 2576 pergit
602 2546 634 2565 ex
658 2539 760 2566 isidoro
780 2547 865 2574 usque

78 2568 110 2594 atl
121 2572 203 2602 caput
217 2568 280 2602 tat.
301 2569 349 2597 ud
375 2570 410 2597 ita
425 2575 456 2598 ut
475 2579 506 2598 oa
521 2572 607 2600 tmin-
628 2578 756 2608 exponat.
775 2576 861 2602 Aasv.

113 2603 140 2630 ὅ.
161 2604 213 2630 Alii
227 2612 234 2629 t
252 2603 349 2633 uigent
364 2605 435 2638 filisu
444 2613 525 2638 nean,
537 2607 564 2634 in
581 2616 632 2643 quo
642 2610 709 2636 min
719 2610 781 2636 bene
792 2618 864 2637 cout-

77 2639 173 2673 plaoui.
186 2638 292 2670 postea,
313 2639 342 2666 {a
353 2647 406 2674 que
425 2642 605 2670 unani-nn
618 2643 733 2677 diabolo,
744 2650 771 2672 σι
790 2653 866 2680 pont-

71 2673 129 2735 pin÷
141 2674 553 2736 etbtniverioazonmutiozbuc
565 2677 650 2705 illi-nc.
666 2679 751 2706 Διιιι.

76 2715 326 2776 memmiae.
339 2709 527 2784 50⁹3&ssss
540 2712 865 2780 Wss'itfflffiw’.

113 2777 185 2806 tau.
203 2778 244 2805 M
257 2778 431 2806 abolitionem.
446 2779 504 2811 Al..
516 2780 551 2808 ed
561 2780 728 2811 «Momm.
742 2782 831 2812 Am.

15 2831 50 3016 ι
111 2813 144 2843 8.
163 2813 251 2842 ΠΜ
265 2819 291 2842 οι
303 2814 395 2842 iwan.
413 2813 475 2848 Al„
489 2819 574 2845 mat
588 2816 620 2843 ιιι
628 2816 678 2844 αἰε-
693 2817 865 2855 huto-pm,

922 2279 1022 2308 reticus
1037 2280 1200 2316 baptismum
1215 2282 1334 2316 Christi,
1350 2281 1397 2311 sed
1413 2284 1475 2318 quia
1492 2289 1568 2314 entra
1591 2284 1721 2312 unitatem

922 2327 983 2356 fidei
998 2333 1056 2362 est,
1073 2329 1139 2357 nibil
1154 2330 1180 2357 ei
1195 2330 1316 2365 prodest.
1340 2331 1374 2358 At
1395 2332 1439 2358 ubi
1461 2331 1600 2365 ingressus
1617 2329 1699 2358 ruerit
1711 2353 1719 2365 ,

923 2374 1012 2401 statim
1027 2374 1169 2409 baptisma,
1186 2376 1256 2410 quod
1272 2376 1403 2403 habuerat
1419 2375 1485 2403 soris
1502 2375 1535 2402 ad
1551 2375 1719 2410 perniciem,

921 2440 962 2466 cui
977 2439 1124 2467 dimiseritis
1150 2445 1271 2475 peccata,
1287 2441 1454 2469 dimittuntur
1468 2439 1524 2474 itti,
1547 2445 1571 2467 et
1597 2441 1640 2468 cui
1654 2440 1719 2469 deei-

922 2475 1028 2501 nueritin
1039 2495 1046 2507 ‚
1064 2475 1254 2502 detinebuntur.
1272 2476 1359 2502 Αιιιιν.

957 2509 981 2535 9.
1006 2508 1080 2536 Unde
1093 2514 1192 2536 constat
1205 2509 1329 2545 baptisma
1340 2531 1348 2543 ,
1370 2517 1457 2547 usque
1472 2510 1505 2538 ad
1520 2513 1647 2539 evocetur.
1665 2511 1719 2540 Ea-

919 2544 982 2571 dem
997 2545 1024 2571 d.
1040 2551 1100 2577 cap.
1116 2544 1160 2571 ¹9.
1176 2544 1272 2572 (ἷκιΑι.

957 2578 1027 2606 mid.
1049 2578 1186 2614 Purqandi
1200 2585 1270 2607 sunt.
1288 2580 1455 2613 Brissonius,
1471 2579 1504 2608 ad
1521 2580 1607 2615 legem
1624 2581 1718 2610 Domi-

920 2614 997 2647 nico,
1021 2613 1055 2640 de
1074 2615 1253 2648 spectaculis,
1277 2622 1337 2649 pag.
1359 2614 1424 2647 27⁰,
1448 2615 1575 2643 observat
1593 2616 1621 2644 id
1641 2623 1717 2644 sum·

922 2653 1044 2711 ῗῖιιιλοι
1059 2653 1170 2677 auctore
1190 2649 1251 2677 libri
1273 2649 1404 2684 Respons.
1427 2650 1462 2678 ad
1475 2650 1603 2687 (Νικὼ,
1619 2655 1717 2688 quest.

938 2698 940 2701 >
961 2703 968 2711 .
1009 2691 1071 2711 nav.

960 2718 1004 2746 {0¹-
1026 2718 1110 2746 Habet
1126 2719 1194 2746 enim
1214 2718 1350 2749 lioeeettciu
1369 2720 1519 2759 baptimus.
1544 2719 1603 2750 vid.
1624 2721 1717 2761 Augu-

922 2753 1000 2787 stin„
1017 2761 1034 2780 ιι
1051 2758 1144 2782 contra
1159 2754 1342 2788 Parmenlun„
1357 2762 1418 2788 cap.
1433 2755 1469 2791 5,
1485 2759 1514 2788 et
1526 2762 1561 2784 οι
1574 2755 1639 2785 eod.
1654 2763 1717 2794 etp.

921 2789 1038 2824 quamvis
1047 2809 1056 2823 ,
1070 2789 1105 2818 de
1118 2788 1213 2823 eous„
1227 2789 1292 2819 dist.
1307 2789 1335 2818 Δ.
1351 2789 1447 2818 finiat..
1508 2800 1510 2803 ·
