1832 3016
58 115 111 145 ⁵85

451 110 496 138 DE
515 108 595 146 ΕΙΡΕ
611 105 809 139 eunoun
827 103 966 135 comus
984 102 1129 133 mbAEos
1148 102 1249 131 nmen
1270 102 1303 130 ll.

1641 102 1695 131 ⁸54

57 173 234 202 ritlcationem
250 170 386 212 praecepit,
400 175 451 209 pro
471 166 576 195 eunctis
596 171 706 204 quoque
725 164 848 200 inquina-
861 163 888 195 A
900 167 978 191 erunt
997 167 1088 191 sancta
1108 166 1280 196 sanctorum;
1300 162 1346 197 qui
1365 161 1481 197 tetigerit
1499 168 1530 188 ea
1543 181 1552 193 ‚
1572 160 1692 188 sanetifi-

31 226 35 230 ·
58 220 158 249 mentis
181 221 352 256 peecatorum
373 213 460 243 solum
479 210 690 250 regenerationis
701 210 848 245 lavacrum,

58 274 113 303 qno
127 270 229 295 tantum
244 267 350 300 paee-u
363 259 518 290 abluuntur.

95 314 140 343 ¹2.
160 310 237 348 Quod
248 306 408 348 quia-ludaei
420 310 562 343 respuunt.
576 305 686 333 audiant
705 303 847 331 Dominum

56 368 105 396 per
116 357 271 396 proplietam
284 354 410 384 Ezechiel
423 353 473 382 sibi
486 352 694 381 comminantem
709 360 715 377 z
736 360 746 377 ι
765 350 798 377 Ει
811 348 850 377 sa·

57 412 117 435 ctus
128 406 179 439 est,
191 401 325 438 cinquim
341 407 430 429 sermo
445 399 549 428 Domini
563 398 596 426 ad
610 406 663 432 me,
679 397 771 426 dicens
783 396 849 425 :Fili

57 448 182 482 hominis,
196 440 273 476 notas
289 447 332 475 lac
346 446 495 475 Jerusalem
511 445 726 473 abominationes
739 452 810 477 suas,
823 449 851 471 et

57 497 131 524 dices
146 502 153 521 z
168 492 231 522 flaee
246 493 311 520 dicit
323 491 452 520 Dominus
467 499 474 518 ε
487 491 647 523 Jerusalem.
662 490 738 518 radix
754 494 809 522 tua,
823 493 851 518 et

56 540 192 577 generatio
210 545 254 567 tua
268 537 302 567 de
317 543 388 567 terra
407 538 550 570 Chanaan;
580 542 658 573 pater
680 541 740 564 tuus
755 538 851 564 Amor-

54 586 154 620 rhaeus,
167 590 193 614 et
210 590 295 614 mater
306 590 348 613 tua
363 583 481 618 Cetliaea,
499 588 526 611 et
536 583 644 618 quando
655 588 715 610 nata
727 590 756 610 es
766 583 792 610 in
807 581 850 610 die

53 635 129 660 ortus
142 631 190 664 tui.
207 639 260 659 non
277 636 318 658 est
333 630 462 666 praecisus
476 629 619 657 umbilicus
635 634 705 660 tuus,
730 633 756 656 et.
778 636 847 663 aqua

54 685 107 706 non
132 684 162 706 es
189 677 244 705 lota
266 676 292 704 in
314 677 430 704 salutem
455 674 562 710 (Ezeclt.
589 682 647 708 xvt,
663 674 689 707 Ι,
702 673 740 709 5).
757 683 767 700 ›
799 673 848 701 Ubi

53 724 205 753 ostenditur
217 722 288 760 qnod
302 723 328 751 in
341 722 458 757 peccatis
486 721 611 756 gravibus
634 721 669 748 sit
690 719 847 752 Jerusalem,

53 777 80 800 et
94 770 157 799 inde
169 771 287 806 peritura
300 772 382 802 esset,
395 768 466 804 quod
480 775 532 795 non
545 767 579 794 sit
593 766 646 794 lota
660 773 727 801 aqna
740 766 765 793 in
778 765 847 792 salu-

58 823 122 851 tem,
137 817 208 852 quod
224 821 265 844 est
281 816 357 851 plena
369 814 527 850 significatio
542 812 678 848 baptismi.
691 812 730 839 Ad
742 819 789 839 eos
803 819 851 838 au-

901 209 1015 237 eabitur.
1032 209 1118 237 Aaron
1127 229 1135 242 ,
1149 213 1177 236 et
1191 208 1260 236 tilios
1273 208 1332 243 ejus
1345 214 1448 243 unges;
1462 205 1695 242 sanctificabisque

901 263 963 287 eos,
989 260 1017 282 ut
1042 255 1193 283 sacerdotio
1219 255 1362 290 iungantur
1387 253 1470 286 mihi,
1497 252 1560 280 titiis
1586 259 1694 288 quoque

903 299 985 328 lsrael
999 301 1072 328 dices
1084 309 1092 328 ι
1108 301 1163 328 Hoc
1174 300 1263 328 oleum
1276 300 1412 328 unctionis
1425 303 1548 327 sanctum
1560 299 1612 328 erit
1626 299 1694 327 mibi

901 346 928 374 in
944 347 1130 381 generationes
1144 351 1247 374 vestras
1263 345 1361 382 (Exod.
1376 354 1450 378 xxx,
1464 345 1521 380 23).
1539 355 1549 372 ι

937 391 965 418 2.
979 391 1074 426 Figura
1089 391 1159 419 enim
1175 392 1255 427 hujus
1269 386 1366 426 prioris
1379 390 1542 418 tabernaculi
1556 392 1590 419 ad
1603 396 1696 427 typum

903 437 1032 465 Ecclesia:
1049 436 1165 469 ducitur,
1181 435 1258 471 eujus
1274 435 1361 463 omnis
1377 434 1520 463 diversitas
1535 437 1695 472 populorum

902 484 930 512 in
946 483 1101 511 testimonio
1116 482 1268 510 sanctitatis
1286 482 1453 517 perungitur,
1475 490 1535 517 quse
1555 490 1604 516 per
1622 483 1696 511 illam

902 529 1104 558 universitatem
1134 535 1245 564 operum
1275 527 1449 563 figurabatur,
1477 532 1505 554 ut
1530 529 1600 555 sacri
1627 529 1696 557 chri-

902 577 996 605 smatis
1014 576 1140 603 unctione
1158 574 1269 602 delibuti
1285 582 1379 601 omnes
1393 574 1605 608 sanctificentur,
1620 580 1698 610 atque

904 622 1045 650 santificati
1060 623 1086 649 in
1103 621 1149 649 Dei
1166 621 1279 657 gloriam
1295 626 1489 656 praeparentnr.

1189 666 1302 694 CAPUT
1318 666 1413 694 xxvt.

960 709 1026 741 Quin
1047 716 1091 742 per
1109 708 1210 743 siynmn
1229 707 1310 735 crucis
1325 708 1455 734 credentes
1474 708 1644 735 salvarentur.

944 754 967 780 l.
989 753 1082 781 Crucis
1101 758 1189 780 nutem
1210 754 1310 788 figura,
1331 761 1390 788 qum
1412 753 1530 780 fidelium
1552 754 1653 782 frontes
1667 756 1700 782 ad

907 801 1015 828 tutelam
1037 800 1131 829 salutis
1152 801 1311 835 praesignat,
1334 808 1382 835 per
1397 799 1568 827 Ezechielem
1584 801 1700 836 proplie-

54 867 106 891 tem
123 863 168 899 qul
184 866 378 891 convertuntur
400 860 433 888 ad
448 860 596 891 Christum,
621 862 648 886 et
670 858 848 892 baptizantur,
866 851 890 881 Β
904 847 1251 883 lamffegifflfdemonfflffla
1267 857 1272 873 ³
1291 857 1301 873 ¹
1319 847 1352 874 Εῑ
1367 848 1489 880 V⁰C¹Wl²³
1503 857 1512 872 ’
1526 847 1620 882 insistit,
1632 858 1641 873 ¹
1659 848 1700 874 Vi·

55 911 93 938 sic
105 910 138 938 lbi
154 916 245 938 sermo
261 907 365 936 Domini
380 907 499 942 sequitur
513 915 519 932 :
538 905 570 932 Et
582 906 713 940 inqreasus
725 912 781 931 sum
804 912 851 939 pa-

55 962 122 984 ctum
134 961 225 988 lecum,
242 956 279 983 ait
294 955 428 986 Dominus,
446 957 469 980 et
484 951 534 979 luva*
547 956 572 980 te
590 960 668 986 aqua,
681 956 704 978 et
714 950 851 978 emundavi

55 1004 204 1039 sanquinem
220 1007 292 1029 tuum
302 1010 332 1030 ez
347 1006 379 1033 te,
400 1006 422 1027 et
437 1000 500 1026 unxi
515 1004 537 1026 te
554 999 620 1031 oleo,
635 997 788 1033 significans
803 1004 852 1031 per

59 1047 383 1085 pactum-Testamentum
398 1047 513 1080 Novum,
538 1053 585 1080 per
599 1053 695 1080 aquam
713 1049 740 1072 ct
763 1044 851 1071 oleum

58 1094 220 1130 baptismum
236 1096 263 1122 ct
272 1092 400 1120 chrisma.

94 1140 138 1167 15.
158 1138 242 1174 Cujus
269 1136 395 1173 baptismi
422 1136 637 1172 purificationem
668 1134 707 1163 sie
735 1134 852 1170 Spiritus

56 1190 165 1213 sanctus
184 1192 232 1220 per
247 1184 371 1213 eumdem
389 1183 549 1218 proplietam
576 1181 629 1210 illis
650 1180 766 1210 suturam
791 1189 853 1216 pro-

57 1231 149 1264 mittit,
174 1230 267 1258 dicens
295 1239 301 1256 :
331 1239 342 1256 ι
359 1228 463 1257 Tollam
479 1229 578 1263 quippe
599 1234 647 1256 vos
661 1226 696 1255 de
716 1226 850 1262 gentibus,

57 1283 84 1306 et
104 1277 274 1314 congregabo
286 1283 335 1304 vos
357 1275 392 1303 de
411 1275 544 1303 universis
562 1274 652 1307 terris,
673 1276 700 1301 et
721 1272 852 1300 adducam

57 1333 105 1354 vos
133 1326 160 1353 in
187 1329 286 1353 terram
313 1327 428 1351 vestram
447 1343 455 1355 ,
482 1326 509 1349 et
536 1320 671 1348 effundam
699 1327 780 1354 super
805 1327 853 1347 vos

57 1381 155 1409 aquam
179 1371 318 1404 mundam,
339 1374 366 1398 et
386 1368 581 1397 mundabimini
605 1367 639 1395 ab
663 1367 788 1395 omnihus
813 1367 853 1394 in-

59 1417 240 1455 quinamentis
254 1416 362 1444 vestris.
378 1425 387 1441 ι
419 1416 463 1449 Et,
486 1419 515 1441 ut
529 1413 633 1441 Novum
650 1412 852 1440 Testamentum

57 1464 216 1500 suscipiant,
232 1463 271 1490 sic
282 1462 403 1497 sequitur
420 1470 427 1488 ε
446 1470 455 1486 ‹
470 1458 505 1487 Et
518 1459 588 1487 dabo
599 1458 674 1487 vobis
686 1466 732 1486 cor
743 1466 852 1491 novum,

58 1518 86 1543 et
99 1514 222 1549 spirltum
239 1520 337 1540 novum
359 1519 457 1547 ponam
473 1510 501 1538 in
518 1510 607 1538 medio
619 1507 713 1542 vestri,
736 1511 763 1535 et
781 1504 854 1534 aul'e-

59 1570 115 1590 ram
140 1569 187 1589 cor
210 1560 343 1595 lapideum
366 1559 399 1586 de
421 1565 502 1586 carne
521 1561 621 1590 vestra,

60 1615 106 1635 cor
120 1614 259 1639 carneum,
275 1610 302 1633 et
316 1605 439 1640 spiritum
454 1611 543 1631 meum
557 1609 655 1638 ponam
669 1601 695 1628 ln
707 1600 796 1628 medio
809 1606 855 1627 ve-

59 1652 108 1680 stri
123 1657 149 1680 et
165 1652 258 1679 faciam
274 1651 342 1678 utin
358 1649 499 1686 praeceptis
519 1649 587 1676 meis
602 1646 754 1678 ambuletis,
771 1649 798 1673 et
810 1645 854 1680 ju-

59 1699 127 1727 dicia
140 1707 198 1727 mea
207 1698 372 1731 custodiatis,
383 1703 409 1725 et
422 1695 572 1732 operemini
588 1691 852 1731 (Euch.xxv1,24).›

297 1765 376 1801 100
401 1762 516 1792 CAPUT
536 1761 621 1790 XXV.

144 1822 217 1855 Quod
237 1821 372 1848 chrismate
391 1824 476 1856 gentes
495 1818 637 1852 sentificat-i
656 1816 774 1844 debeam.

100 1879 124 1905 l.
143 1879 209 1912 Quia
237 1878 382 1906 chrismate
410 1883 504 1903 omnes
523 1882 551 1903 >-
577 1878 672 1910 gentes
701 1881 722 1908 q
754 1871 854 1900 sancti-

16 1939 20 1942 ·
63 1926 217 1958 ssearentur,
242 1924 360 1959 loquitur
380 1922 508 1949 Dominus
533 1922 566 1948 ad
590 1921 718 1955 Moysen,
742 1918 856 1946 dicens:

67 1979 75 1995 ‹
93 1971 174 1998 Sume
195 1969 241 1997 tihi
261 1973 381 1997 aromata
401 1968 501 2003 prima,
523 1971 550 1995 et
569 1967 658 1994 oleum
678 1966 711 1993 de
730 1964 836 1992 olivetis
849 1984 857 1997 ,

64 2017 196 2050 {aciesque
223 2014 356 2042 unctionis
389 2015 476 2041 oleum
511 2017 633 2041 sanctum
648 2034 655 2046 ,
694 2014 858 2046 unguentum

66 2061 263 2096 compositum,
288 2064 316 2090 et
339 2067 423 2095 unges
448 2067 480 2087 ex
508 2067 540 2087 eo
565 2057 765 2086 tabernaculum
786 2057 861 2084 testi-

66 2107 164 2139 monii.
184 2109 212 2134 et
235 2113 326 2134 aream
342 2105 528 2138 Testamenti,
544 2111 719 2138 mensamque
738 2110 798 2130 cum
818 2110 862 2129 va-

65 2151 102 2179 sis
128 2151 202 2183 suis,
228 2150 439 2184 candelabrum,
463 2155 491 2178 et
514 2149 638 2178 utensilia
663 2149 740 2184 ejus,
768 2147 862 2175 altaria

67 2196 264 2232 thymiamatis,
284 2200 311 2224 et
331 2194 501 2229 holocausti,
524 2199 551 2223 et
583 2195 711 2222 universa
744 2201 803 2227 qnae
829 2193 862 2220 ad

67 2244 166 2272 cultum
182 2251 275 2271 eorum
291 2242 443 2278 pertinent,
459 2241 691 2276 sanctificabisque
710 2239 816 2272 omnia,
837 2243 864 2266 et

904 902 963 922 rum
980 895 1023 929 qui
1044 894 1154 921 indutus
1169 899 1226 921 erat
1243 894 1337 927 lineis,
1354 898 1380 921 et
1396 894 1616 920 atramentarium
1632 894 1700 921 scri-

904 942 990 977 ptoris
1010 942 1125 969 habebat
1144 942 1170 969 in
1191 942 1290 969 lumbis
1310 942 1381 974 suis,
1398 946 1425 969 et
1440 941 1504 968 dicit
1520 941 1553 968 ad
1568 949 1628 968 eum
1643 950 1650 968 :
1666 947 1693 968 >-

904 987 998 1016 Transi
1016 996 1063 1023 per
1077 988 1192 1015 mediam
1206 988 1339 1016 ciritatem
1350 1008 1358 1021 ,
1373 989 1399 1015 in
1413 988 1502 1016 medio
1516 987 1666 1016 Jerusalem
1681 996 1702 1024 Ἰ

905 1035 980 1070 signa
1001 1035 1076 1062 Thau
1098 1036 1123 1062 in
1144 1037 1244 1063 frontes
1265 1037 1384 1063 virorum
1405 1037 1587 1070 gementium,
1608 1042 1635 1064 et
1654 1037 1702 1064 do-

907 1081 1019 1109 lentium
1040 1089 1122 1116 super
1137 1082 1241 1109 cunctis
1257 1082 1505 1110 abominationibus
1520 1091 1580 1117 quae
1595 1083 1662 1110 fiunt
1676 1084 1703 1111 in

906 1128 995 1154 medio
1015 1127 1073 1161 ejus
1094 1126 1210 1162 (Ezech.
1229 1134 1255 1154 tx
1268 1148 1275 1161 ,
1292 1128 1308 1154 5
1319 1128 1340 1163 ).
1358 1137 1366 1152 ι
1386 1127 1419 1154 Εῑ
1435 1131 1495 1161 post
1511 1127 1568 1155 haee
1582 1127 1679 1162 adjecit
1694 1137 1702 1155 ·.

910 1182 919 1199 ε
933 1172 1058 1200 Transite
1077 1179 1125 1207 per
1144 1172 1294 1205 civitatem,
1316 1177 1342 1200 et
1365 1172 1515 1208 percutite;
1537 1180 1589 1200 non
1614 1177 1704 1207 parcat

906 1219 999 1248 ocutus
1014 1223 1113 1252 vester,
1129 1227 1215 1254 neque
1228 1219 1409 1246 misereamini
1425 1226 1534 1251 senem,
1549 1219 1704 1246 adolescen-

908 1265 992 1293 tulum
1004 1286 1012 1298 ,
1038 1265 1117 1301 110
1136 1269 1164 1292 et
1182 1265 1330 1300 virginem,
1351 1264 1511 1297 parvulum,
1533 1267 1560 1291 et
1578 1264 1704 1292 mulieres

908 1311 1051 1339 interficite
1075 1317 1162 1345 usque
1188 1309 1219 1336 ad
1237 1309 1459 1336 internecionem.
1477 1309 1590 1336 Omnem
1614 1315 1704 1337 autem

907 1363 988 1390 super
1003 1362 1082 1390 quem
1097 1354 1219 1381 videritis
1234 1353 1308 1380 Thau
1319 1374 1326 1387 ,
1343 1361 1377 1381 ne
1393 1354 1522 1382 occidatis
1538 1354 1632 1390 (Ibid.,
1646 1355 1701 1390 5).»

942 1401 969 1428 2.
992 1401 1145 1436 lntelligere
1164 1407 1229 1435 ergo
1246 1408 1295 1428 nos
1315 1404 1421 1436 oportet
1440 1401 1510 1428 hanc
1530 1402 1702 1429 sententiam.

907 1446 984 1474 Thau
998 1446 1095 1482 quippe
1109 1445 1197 1474 littera
1214 1448 1332 1482 speciem
1353 1446 1441 1474 crucis
1461 1446 1641 1481 demonstrat,
1658 1456 1705 1475 cu-

906 1495 950 1532 jus
974 1495 1112 1530 signaculo
1136 1495 1278 1530 praenotati
1304 1499 1370 1522 sunt.
1393 1495 1547 1530 quicunque
1571 1496 1605 1522 ab
1630 1496 1703 1523 exitu

648 1560 676 1583 et
694 1553 764 1582 dabo
781 1546 893 1581 vobisc
909 1542 988 1578 hujus
1010 1542 1102 1569 saeculi
1125 1541 1293 1574 liberantur;
1316 1541 1437 1575 ejusdem
1460 1546 1553 1576 typum
1575 1542 1702 1576 proeligu·

910 1590 986 1617 rabat
1001 1589 1029 1615 in
1044 1588 1159 1623 AEgypto
1174 1588 1283 1622 sanguis
1299 1587 1343 1615 ille
1358 1588 1419 1622 agni
1435 1587 1540 1615 candidi
1561 1592 1587 1615 et
1607 1588 1704 1615 imma—

909 1635 988 1663 culati
1002 1655 1009 1668 ,
1037 1641 1090 1669 quo
1116 1634 1273 1668 imaginarie
1300 1634 1439 1669 signantur
1466 1638 1555 1668 postes
1582 1634 1705 1667 corporis

910 1682 1013 1713 nostri,
1029 1685 1058 1708 ut
1072 1681 1170 1708 merito
1185 1680 1327 1715 loquamur
1342 1680 1462 1707 dicentes
1477 1688 1484 1707 :
1510 1680 1649 1715 Siqnaenm
1669 1685 1706 1706 est

911 1737 988 1765 snper
1002 1737 1048 1756 not
1063 1728 1148 1755 lumen
1163 1727 1248 1754 vultus
1262 1727 1319 1760 tui,
1336 1726 1444 1754 Domine
1460 1726 1546 1762 (psal.
1560 1735 1597 1760 tv,
1611 1726 1650 1761 7).

946 1775 972 1803 ’5.
996 1774 1034 1802 De
1054 1774 1104 1802 hoc
1124 1774 1201 1809 signo
1221 1773 1285 1801 dicit
1305 1773 1385 1801 isaias
1400 1781 1432 1800 ex
1447 1780 1560 1807 persona
1577 1773 1702 1801 Domini:

908 1820 976 1848 Ecce
990 1819 1079 1853 venio,
1100 1824 1127 1846 ιιι
1147 1827 1296 1855 conqreqem
1316 1828 1374 1846 cnm
1395 1819 1511 1846 omnibus
1531 1818 1664 1854 qemibus,
1681 1825 1706 1846 et

909 1868 1013 1904 linquit,
1026 1874 1048 1896 et
1060 1869 1171 1908 venient,
1184 1872 1206 1895 et
1218 1867 1338 1895 videbunt
1351 1869 1459 1904 yloriam
1474 1877 1565 1901 ineam,
1580 1874 1603 1895 et
1611 1877 1706 1902 ponam

910 1915 938 1941 in
953 1915 989 1941 eis
1004 1914 1104 1949 signum
1120 1913 1197 1949 (Isai.
1212 1921 1275 1941 cxvi
1288 1936 1293 1945 ‚
1307 1914 1354 1948 18)
1366 1936 1373 1947 ,
1391 1915 1482 1949 ntique
1497 1915 1593 1942 crucis.
1611 1914 1644 1941 Et
1659 1914 1707 1942 ali-

911 1961 958 1989 bi:
979 1961 1013 1989 Ec
1035 1962 1099 1995 erit,
1122 1960 1226 1996 inquit,
1248 1961 1373 1988 Dominus
1394 1961 1540 1987 nominatus
1560 1962 1586 1987 in
1606 1961 1706 1996 signum

913 2013 1051 2042 aeternum,
1078 2007 1146 2042 quod
1171 2015 1222 2035 non
1237 2008 1366 2042 auferetur
1381 2006 1469 2042 (lsai.
1485 2015 1528 2040 nv,
1550 2006 1579 2032 l3
1591 2007 1610 2041 ).
1630 2007 1706 2040 Quod

913 2053 994 2081 etiam
1014 2058 1040 2080 et
1061 2053 1126 2080 alibi
1148 2052 1218 2080 idem
1242 2051 1372 2087 propbeta
1399 2053 1551 2088 significare
1572 2054 1655 2080 voluit
1673 2053 1708 2080 de

913 2099 1032 2134 Christo,
1047 2100 1140 2128 dicens
1154 2110 1159 2126 :
1175 2099 1208 2127 Et
1223 2100 1312 2127 levabit
1324 2101 1424 2135 signum
1436 2100 1705 2135 innationibus(1wi.

913 2155 939 2179 v,
953 2145 1011 2181 26).
1024 2145 1074 2173 Ubi
1086 2145 1204 2174 ostendit
1214 2146 1285 2181 quod
1297 2167 1303 2179 ,
1317 2146 1422 2174 elevato
1434 2146 1510 2181 signo
1526 2147 1624 2180 crucis,
1641 2155 1706 2182 gen-

915 2196 955 2219 tes
970 2191 1003 2219 ad
1023 2199 1084 2219 eum
1100 2191 1238 2226 venirent,
1254 2197 1335 2227 atque
1349 2193 1500 2220 crederent.

951 2237 978 2265 4.
999 2237 1081 2273 enjus
1101 2245 1185 2266 sacrae
1205 2239 1292 2266 erucis
1306 2239 1388 2274 gloria
1404 2239 1438 2266 ita
1455 2243 1497 2266 est
1511 2244 1537 2267 et
1552 2240 1578 2266 in
1594 2239 1707 2266 Psalmis

105 2299 147 2327 ta.
168 2298 222 2332 Al..
239 2299 396 2333 despiciunt,
416 2305 470 2366 'pro
489 2302 623 2332 respuunt.
647 2297 679 2324 Et
702 2295 860 2326 chananoea.
876 2296 902 2325 1)
917 2302 987 2322 nnnc
1001 2296 1072 2323 enim
1089 2295 1139 2322 alia
1155 2295 1239 2323 l'orma
1256 2301 1308 2323 est.
1327 2297 1504 2331 Hieronymus
1519 2296 1551 2322 ad
1566 2303 1596 2322 ea
1613 2297 1705 2330 verba,

70 2342 118 2369 pro
130 2333 271 2361 chanaam.
289 2334 320 2361 Et
332 2333 414 2360 soracti
436 2332 512 2365 catio,
529 2340 575 2366 pro
589 2331 754 2366 siqnisicatlo.
768 2331 798 2358 Et
809 2339 864 2357 cre—

70 2367 134 2396 dunt
145 2370 172 2396 in
182 2367 296 2402 Christo,
309 2377 358 2402 pro
368 2373 549 2395 convertuntur
559 2368 592 2394 aa
604 2367 742 2394 Christum.
755 2367 826 2394 Ιιιι.

71 2403 177 2467 ΔΝΜ.
196 2399 364 2433 tur-ditione
383 2403 488 2436 Griatii,
515 2404 646 2438 inanum
666 2411 724 2431 eum
750 2407 861 2437 pastum.

97 2446 158 2467 nav.

73 2473 152 2537 ⁸¹¹3.
173 2471 229 2508 At„
257 2473 376 2511 spiritum
404 2481 496 2502 novum
512 2493 521 2506 ‚
549 2478 597 2508 pro
627 2473 744 2508 spiritum
768 2481 862 2500 nieum.

99 2514 144 2537 Αι.

106 2544 173 2572 Cn.
196 2550 266 2572 nv.
283 2543 319 2572 tt.
338 2543 399 2576 At..
419 2543 510 2572 Prima
528 2545 651 2580 myrrha,
671 2549 695 2572 σι
712 2546 808 2572 oletum.
829 2543 863 2571 Et.

73 2579 171 2607 cultum
190 2578 348 2606 tabernaculi
367 2579 502 2615 pertinent.
521 2580 555 2608 Et
573 2585 647 2608 erunt
666 2581 752 2607 omnia
773 2583 862 2606 uincta

74 2621 231 2677 mactarunt,
249 2613 321 2656 Ιίῃ.
349 2644 356 2655 Ι

130 2670 137 2677 .
157 2649 200 2678 ΑΙ.
213 2671 220 2683 ‚
246 2652 424 2682 universitate,
448 2656 499 2685 pro
521 2650 719 2684 attinet-nitatem,
746 2648 781 2679 Et
805 2658 864 2685 qra-

73 2685 155 2720 ttm.
171 2692 221 2721 oro
233 2684 353 2747 alorffa-
368 2683 441 2718 tta,

23 2732 26 2733 ⁷
68 2745 70 2747 ,
110 2719 177 2749 Gar.
198 2727 273 2748 uvr.
349 2716 375 2751 1.
396 2715 458 2754 ΑΙ..
485 2716 721 2756 damnaremur,
747 2727 798 2756 pro
822 2720 867 2749 de-

51 2760 140 2829 m
170 2760 229 2819 tt:
243 2738 464 2819 &fomlam
481 2761 580 2785 wm-
598 2755 635 2790 ξι
652 2753 802 2791 partulam,
817 2762 867 2791 pro

212 2860 218 2867 Δ
245 2826 343 2865 quippe
357 2825 450 2868 ‘littae
466 2825 583 2861 speeiem?
596 2833 642 2855 m
661 2825 667 2832 '
698 2825 758 2857 dm
810 2822 813 2826 '
829 2830 867 2854 at.

200 2859 255 2892 *th
281 2860 419 2892 veteribus
443 2856 620 2890 naamon-nm
646 2866 662 2889 e
681 2864 775 2890 arnt-‚te
801 2859 866 2895 bus,

72 2826 152 2893 ὦ.

917 2330 1495 2393 {¹1¹¹‘5'22¹5?st¹25⁰„232‘1r2'⁵‘¹÷‘'„“'..·.i‘¹‘¹„“252¹}2¹‚¹‚{{5„
1505 2331 1708 2394 θὶηἱὶῑῑὲῗῑῗῖῗ

916 2402 1042 2429 broeorum
1063 2402 1152 2429 nume
1162 2423 1170 2434 ,
1184 2375 1366 2435 quibu-qm&
1379 2402 1454 2428 hodio
1469 2386 1575 2426 utnntur
1583 2374 1709 2428 ‘isaiam-

917 2438 986 2469 tani,
1003 2442 1115 2464 extrema
1131 2436 1204 2465 Thau
1219 2437 1304 2463 littera
1319 2437 1400 2463 crucis
1415 2436 1489 2462 habet
1504 2435 1708 2470 similitudinem,

917 2480 972 2508 quoe
993 2474 1019 2498 t'n
1039 2472 1243 2499 Christianorum
1265 2471 1391 2505 frontibus
1410 2471 1535 2506 pingitur,
1557 2475 1610 2497 etc.
1626 2471 1712 2500 Porro

916 2508 950 2534 ab
968 2507 1049 2534 Esdra
1066 2511 1173 2534 veteres
1187 2504 1358 2541 characteres
1375 2505 1546 2532 Hebraeorum
1563 2504 1645 2533 luisse
1661 2507 1713 2534 im-

916 2547 1050 2605 1ιιιιιυιιοῆιιι,
1066 2541 1244 2575 hieronymus
1258 2541 1315 2575 ipse
1328 2541 1405 2568 testis
1418 2541 1500 2568 estin
1526 2541 1636 2576 prologo
1660 2541 1713 2570 Ga-

927 2583 997 2605 eato.
1039 2585 1083 2605 tn.

953 2612 1023 2639 Ibid.
1044 2614 1103 2644 At„
1119 2611 1193 2641 kaim
1204 2631 1211 2643 ,
1291 2611 1459 2643 dmonstrat-
1473 2611 1508 2639 Et
1523 2617 1712 2647 praenotantur,

919 2656 968 2684 pro
982 2647 1118 2683 proettotatt'
1131 2651 1201 2674 sunt.
1241 2651 1251 2675 t
1263 2651 1363 2682 parter.
1378 2653 1425 2682 pro
1441 2652 1533 2680 poste..
1549 2647 1620 2676 Man.

955 2685 981 2711 5.
1005 2683 1064 2716 ΑΙ..
1079 2682 1230 2715 ostenditur.
1245 2682 1314 2716 quod
1328 2682 1466 2710 elevatione
1482 2683 1564 2710 crucia
1575 2689 1663 2719 ,enm
1678 2686 1713 2712 ad

921 2728 952 2748 eu
992 2719 1094 2751 veniunt
1103 2738 1111 2751 ,
1124 2725 1181 2752 qnoe
1193 2717 1364 2746 crediderunt.
1379 2717 1451 2746 ttn,

953 2727 980 2782 Z
1003 2753 1131 2782 Dominus
1147 2753 1263 2787 reamari!
1281 2761 1299 2780 ι
1317 2753 1398 2788 liano.
1420 2754 1486 2780 Pon
1504 2752 1563 2781 linc
1582 2755 1665 2783 verba
1686 2757 1714 2783 in

918 2789 1075 2824 uino-tensi
1097 2787 1260 2823 nabebatur
1279 2787 1367 2817 illuct:
1391 2787 1425 2816 130
1438 2788 1500 2816 «tibi
1511 2796 1521 2815 .·
1536 2788 1604 2817 Eue
1616 2797 1714 2825 ponam

918 2832 1011 2857 neuun
1035 2829 1120 2854 mut
1139 2823 1168 2852 itt
1189 2823 1326 2859 amima,
1341 2830 1402 2859 qua
1414 2823 1514 2856 verba.
1529 2829 1560 2852 nt
1578 2825 1649 2854 mole
1671 2834 1715 2854 aa·

918 2865 979 2893 uun
987 2881 995 2894 ,
1009 2859 1039 2890 in
1050 2859 1123 2889 huna
1135 2859 1224 2889 Ιοιιιιιι
1238 2858 1387 2896 rejicienda
1399 2859 1590 2896 italio-vitan.
1605 2860 1677 2890 Bu.
