1832 3016
82 187 171 215 ntibus
183 195 194 213 ι
212 185 338 221 (Balach.
352 191 372 218 t,
389 182 443 218 to).

81 234 136 270 83
149 234 177 261 5.
191 232 258 261 Cum
277 232 329 259 illis
343 230 414 258 enim
437 234 499 257 ante
518 229 569 257 ruit
582 229 664 262 Deus,
689 229 737 257 sed
762 232 837 264 post-

58 287 126 306 ·uam
142 287 190 314 pro
202 281 309 314 peccato
321 283 370 304 suo
378 275 473 310 abjecti
485 280 559 309 sunt,
572 275 737 310 Redemptor
747 275 836 303 mundi

55 332 76 351 rt
95 325 193 359 populo
206 324 323 359 gentium
345 322 462 349 transiit.
485 321 567 356 Cujus
591 322 751 349 universitas
767 328 838 349 nunc

64 378 94 399 er
108 375 194 399 totum
207 371 297 398 orbem
323 374 452 397 terrarum
475 369 612 396 exsultans
627 369 711 396 dicit:
734 367 837 403 Mayni-

51 417 128 443 'cavit
145 414 268 442 Dominus
283 416 365 449 [acere
375 413 506 446 cumillis,
525 413 698 449 maqnificavit
712 413 838 440 Dominus

46 469 128 488 macen
137 459 276 492 nobiscum,
293 460 355 494 sacti
369 467 457 486 sumus
473 460 586 486 laetantes
599 458 685 494 (Psal.
702 467 781 492 cxxv,
794 459 834 494 3).

55 506 84 533 td
103 505 226 540 populum
253 505 325 532 enim
341 504 421 532 israel
447 505 520 539 prius
540 505 613 532 venit
628 504 764 537 Christus,
787 505 835 532 sed

48 551 112 578 «uod
136 557 188 577 nou
217 555 308 577 essent
333 550 481 583 credituri,
511 550 640 584 propheta
665 558 718 577 non
743 550 835 582 tacuit,

61 597 132 624 icens
145 604 152 623 z
173 595 251 623 Prius
264 596 298 623 ad
312 595 377 623 Sion
392 597 459 623 dicet
475 604 484 623 .·
499 596 567 623 Ecce
578 596 679 629 adsum,
695 599 719 623 et
731 595 836 623 Jerusa-

65 651 89 670 m
102 643 285 678 evangelistam
303 642 379 676 dabo,
400 647 423 669 et
436 642 499 674 vidi,
523 646 546 669 et
564 651 616 670 non
630 646 685 669 erat
705 651 785 677 neque
803 650 836 670 ea:

63 689 94 716 tis
113 689 259 723 quisquam,
286 689 331 723 qui
349 689 425 715 iniret
445 689 590 721 consilium,
616 693 640 715 et
663 689 835 723 interroqatus

45 733 201 769 esponderet
217 733 319 760 verbum
331 733 408 769 (lsai.
426 741 480 767 xm,
496 733 552 768 27).
575 733 628 761 Sed
640 734 700 767 quia
715 734 748 761 ad
768 741 834 769 gen-

101 779 224 812 transiit,
245 779 387 813 sequitur:
414 788 424 805 ι
440 779 508 807 Ecce
532 787 625 807 servus
639 787 726 812 meus,
749 780 834 807 susci-

54 873 124 900 nima
137 880 209 906 mea,
224 872 284 900 dedi
296 873 417 907 spiritum
424 880 512 900 meum
529 881 609 908 super
621 881 692 906 eum,
702 872 831 908 judicium

51 918 157 947 entibus
173 918 291 954 proferet
305 928 314 945 ι
329 918 406 955 (lsai.
428 927 494 952 xm,
511 920 548 955 t).

292 974 296 978 “
329 974 442 1002 CAPUT
462 974 529 1002 vttt.

115 1021 194 1054 Quia,
216 1022 335 1056 proiectis
354 1020 465 1052 Judoeis.
487 1025 572 1055 qentes
591 1022 756 1049 introierunt.

74 1067 100 1094 Ι.
117 1066 186 1094 Ecce
202 1071 340 1094 ostensum
355 1071 395 1094 est
411 1066 518 1094 Judaeos
539 1075 586 1102 pro
602 1069 715 1101 scelere,
735 1076 788 1102 quo
804 1068 832 1096 in

47 1111 144 1139 :hristo
159 1117 349 1147 peccaverunt,
369 1112 499 1147 abjectos,
525 1113 714 1149 dispersosque
738 1113 830 1142 suisse-

47 1156 89 1184 'ed
106 1158 177 1192 quia,
205 1158 329 1192 projectis
345 1158 413 1190 illis,
440 1163 534 1193 gentes
557 1158 584 1185 in
608 1167 700 1186 eorum
722 1159 831 1188 sedibus

53 1209 82 1230 et·
98 1202 177 1230 iidem
194 1208 270 1231 erant
290 1211 474 1235 successurae,
500 1212 553 1231 non
577 1205 709 1232 siluerunt
732 1210 758 1232 et
774 1207 831 1233 haec

37 1249 183 1283 prophetat.
205 1249 286 1277 isaias
307 1250 377 1277 enim
399 1249 437 1277 sic
456 1250 540 1277 dicit:
564 1260 573 1275 ι
590 1250 666 1278 Educ
685 1251 757 1279 foras
783 1260 831 1286 po-

44 1294 127 1321 )ulum
139 1302 249 1328 caecum,
267 1296 396 1322 etoculos
409 1296 562 1328 habentem,
578 1296 698 1331 surdum,
715 1303 740 1324 et
751 1305 830 1326 aures

40 1339 59 1366 ei
74 1345 146 1368 sunt.
166 1340 263 1368 Omnes
287 1345 379 1375 gemes
403 1346 572 1375 congregata:
600 1347 662 1368 sunt
682 1342 829 1376 simul„et

38 1386 152 1414 collectae
165 1390 227 1413 sunt
247 1386 344 1413 tribus.
369 1386 433 1420 Quis
446 1387 470 1413 in
488 1386 564 1414 vobis
579 1388 718 1415 annuntiet
739 1389 829 1416 istud?

26 1437 62 1460 eet
74 1441 133 1466 quae
145 1433 228 1468 prima
241 1438 313 1466 sunt,
325 1434 418 1461 audire
430 1441 478 1461 nos
489 1434 568 1461 saciet
580 1444 589 1460 ›
604 1434 679 1470 (lsai.
694 1443 768 1468 xuu,
781 1437 828 1471 8)?

27 1478 104 1506 *Ecce
118 1478 188 1506 foras
203 1479 327 1506 educitur
342 1479 434 1511 lsrael,
451 1480 552 1508 habens
578 1481 670 1507 oculos
690 1485 717 1508 et
738 1489 826 1515 aures,

25 1573 172 1601 -tdiversitas
196 1574 332 1609 gentium,
357 1579 396 1608 ut,
421 1575 466 1602 ubi
489 1575 526 1602 illi
541 1576 628 1602 vocati
643 1581 715 1610 sunt,
733 1577 776 1604 isti
789 1577 828 1604 in-

27 1621 206 1655 tgrcdiantur,
221 1626 249 1650 et
261 1622 294 1649 ad
316 1622 381 1650 istos
397 1623 529 1656 pertineat
542 1622 686 1650 haereditas
703 1631 762 1658 qua:
777 1625 828 1652 illis

25 1666 118 1694 ‘fuerat
131 1669 301 1703 repromissa.

68 1715 95 1741 2.
111 1715 205 1743 Adhuc
218 1716 280 1751 quia
298 1717 400 1744 eaedem
416 1721 513 1751 gentes
532 1716 560 1744 in
585 1716 695 1745 sedibus
715 1717 828 1745 Judaeo-

24 1768 92 1799 trum
107 1769 269 1789 successura:
285 1766 375 1794 erant,
402 1761 471 1789 idem
485 1762 615 1797 propheta
631 1763 683 1790 alio
708 1763 767 1790 loco
780 1770 827 1798 ap-

24 1807 148 1842 iprobat‚
170 1807 280 1835 dicens:
310 1816 319 1833 t
335 1807 362 1834 ln
389 1807 432 1834 die
454 1807 500 1835 illa
522 1808 672 1835 cantabitur
695 1809 827 1837 canticum

25 1853 104 1880 ·istud
120 1853 146 1880 in
166 1858 236 1881 terra
251 1853 328 1881 Juda.
352 1853 420 1882 Urbs
441 1854 605 1882 fortitudinis
630 1859 728 1882 nostrae
750 1856 824 1889 Sion,

23 1897 154 1926 ”Salvator
168 1903 281 1934 ponetur
293 1900 317 1927 in
338 1907 379 1933 ea,
395 1907 497 1933 muruS‚
513 1904 540 1927 et
553 1901 741 1934 antemurale;
763 1910 827 1936 ape-

23 1945 84 1972 rrite
98 1949 198 1980 portas,
219 1949 246 1973 et
259 1946 426 1981 ingredietur,¹
435 1953 500 1981 gens
518 1946 601 1981 justa,
618 1952 645 1974 et
664 1947 822 1975 custodiens

23 1991 183 2024 nemmem,
204 1996 280 2019 vetus
298 1999 374 2019 error
398 1992 472 2019 abiit.
493 1992 619 2020 Servabis
644 2000 749 2027 pacem,
765 1993 826 2027 quia

22 2036 60 2063 nin
69 2041 95 2064 te
105 2037 282 2070 speravimus,
295 2037 444 2064 incurvabit
452 2038 664 2074 habitante584⁸
674 2039 700 2066 in
707 2039 827 2073 excelso,

20 2082 164 2110 ··civitatem
184 2083 326 2110 sublimem
351 2083 501 2111 humiliabit
520 2093 526 2110 :
542 2089 570 2110 >-
590 2084 741 2112 humiliabit
766 2092 824 2113 eam

21 2133 54 2170 ζῃ
67 2137 150 2165 usque
175 2130 207 2157 ad
230 2134 339 2163 terram,
364 2130 489 2158 detrahet
507 2138 565 2158 eam
581 2138 665 2166 usque
681 2130 714 2158 ad
731 2130 825 2164 pulve-

20 2181 100 2209 trcm,
112 2179 141 2203 et
150 2175 318 2203 conculcabit
341 2182 400 2203 eam
415 2183 463 2211 pes
478 2177 616 2212 pauperis,
637 2183 746 2212 gressus
759 2185 824 2212 ege-

19 2283 187 2347 ffuerusalent.
206 2285 240 2312 Et
256 2284 318 2312 exiit
331 2284 476 2320 quisquam,
493 2291 540 2318 pro
553 2291 584 2311 ea:
597 2284 652 2311 istis
675 2284 819 2319 qnisquam.

59 2327 103 2347 an.
344 2339 348 2344 .

69 2353 138 2380 Ibid.
154 2353 183 2382 in
205 2353 328 2382 Editione
351 2354 454 2386 Griattt,
477 2354 592 2389 gentibus
617 2355 724 2390 profert,
748 2354 820 2390 quod

19 2399 22 2414 ι
33 2389 188 2417 mendosum
199 2392 274 2424 puto.
290 2389 374 2418 Assv.

33 2425 133 2489 ¹¹Ctte.
159 2430 216 2451 vui.
239 2423 271 2452 N.
294 2424 321 2452 t.
343 2425 399 2460 At..
418 2433 461 2453 vos
484 2427 568 2462 saciet,
584 2433 632 2461 pro
653 2433 700 2452 nos
731 2425 819 2460 faciet.

61 2468 106 2488 ιιι.

31 2492 35 2496 ’
67 2496 95 2523 2.
111 2494 166 2526 At..
179 2499 204 2522 et
215 2501 328 2530 armus
339 2502 485 2531 egenorum.
499 2496 570 2524 Μιιι.

68 2531 96 2558 5.
117 2529 185 2562 Quia
207 2529 313 2565 posuisti
333 2530 458 2558 civitatem
477 2531 504 2558 in
523 2531 657 2559 tumulum.
683 2531 728 2560 Sic
748 2531 818 2567 lego,

16 2575 19 2590 t
33 2566 154 2602 quamvis
173 2563 296 2592 omnibus
313 2563 456 2593 codicibus
469 2565 690 2607 discrepantibus,
707 2567 820 2602 legenti-

17 2601 136 2636 ‘busq'ue
159 2600 256 2636 partim
278 2599 307 2626 in
325 2600 473 2634 tumetum,
488 2605 593 2662 ¹pat-tim
618 2603 645 2629 in
670 2603 817 2629 tumultum.

34 2632 154 2672 Vulgata
177 2642 243 2663 sane
266 2634 408 2663 lectionem
431 2642 487 2669 prm
498 2636 624 2664 urendam
640 2636 821 2671 iudicavimus

33 2670 96 2701 lui.
111 2679 174 2705 xxv,
191 2671 218 2703 Ι,
229 2669 257 2703 2,
271 2669 419 2704 praesertim
433 2676 493 2697 cum
505 2670 626 2705 interius,
640 2679 702 2706 enp-
717 2672 760 2703 ¹2.
775 2672 820 2699 ubi

33 2705 104 2741 flictu
124 2706 305 2735 testimonium
317 2705 351 2732 ab
365 2704 467 2732 isidoro
477 2705 617 2746 repetitur,
631 2713 727 2734 ornnes
739 2706 819 2734 Codi-

44 2743 48 2745 ’
93 2742 182 2778 legant
199 2741 336 2774 tumulum,
363 2743 460 2774 praeter
484 2739 530 2767 nia
567 2741 678 2776 lennem,
693 2741 740 2778 qui
758 2741 824 2778 legit

0 2785 1 2792 ¹
24 2781 25 2785 ¹
72 2780 81 2783 “
145 2785 181 2812 m,
196 2775 300 2808 vitiose.
316 2775 385 2803 haud
400 2774 519 2804 dubium.
559 2782 605 2804 n.

30 2820 51 2851 Γ.
69 2812 99 2858 4,..
110 2813 167 2848 At„
178 2813 264 2848 unque
273 2812 358 2848 jurat,
377 2818 426 2847 pro
438 2812 572 2848 σεῦα-ιι.
585 2810 658 2840 En.
755 2825 770 2838 ι.
791 2828 802 2840 ι.

0 2853 70 3016 ιι

67 82 101 111 ta
441 79 485 108 DE
504 78 584 108 rme
602 76 798 107 cttTuoucA
817 77 958 107 CONTRA
977 78 1122 109 tunAEOS
1141 78 1244 108 LlBER
1263 79 1298 108 n.

78 141 112 170 lis
124 148 209 176 usque
223 140 255 168 ad
266 145 388 168 occasum
399 145 522 173 magnum
534 141 576 165 est
590 144 689 165 nomen
703 143 794 165 meum
810 136 838 165 in
851 139 879 169 A
891 145 988 165 norum
1003 147 1013 164 ι
1030 138 1108 174 (lsai.
1122 146 1196 172 xxvi,
1211 138 1250 174 t).
1266 138 1326 172 Quo
1337 137 1465 166 vaticinio
1478 138 1629 167 ostenditur
1641 140 1686 175 ju·-

57 825 107 852 iant
127 833 205 859 eum;
231 826 332 853 electus
356 833 448 859 meus,
474 826 634 860 complacuit
658 826 707 853 sihi
734 826 759 853 in
785 826 832 853 illo
850 823 872 852 B

31 1525 70 1552 aad
98 1529 218 1553 terrenas
240 1526 452 1561 promissionem
481 1530 508 1554 et
533 1526 667 1561 colligitur
691 1527 717 1554 in
746 1535 827 1555 unum
843 1515 867 1545 C

1636 77 1689 109 5ss

890 189 961 211 stum
985 185 1167 220 humilemque
1179 185 1300 220 gentium
1319 185 1446 220 populum
1470 185 1632 214 successisse
1656 187 1685 215 in

890 230 979 258 locum
998 238 1079 265 quem
1094 231 1209 266 superba
1221 231 1297 266 plebs
1310 230 1464 258 tud-aeorum
1478 230 1641 266 perdiderat.

924 276 951 303 3.
975 277 1051 304 Talia
1077 282 1104 305 et
1127 277 1192 305 alibi
1216 278 1288 305 idem
1313 277 1444 312 propheta
1467 278 1517 306 sub
1538 278 1686 313 gratiarum

889 323 995 350 actione
1009 323 1123 350 Domino
1138 323 1221 351 dicit:
1240 333 1250 349 ι
1265 324 1390 355 Domine,
1418 322 1488 350 Deus
1509 331 1586 351 meus
1600 332 1630 352 es
1645 329 1685 359 tu,

888 372 915 395 et
929 368 1053 395 exaltabo
1074 372 1119 400 te;
1144 368 1296 395 confitebor
1311 367 1413 396 nomini
1429 372 1486 400 tuo,
1503 369 1631 403 quoniam
1648 369 1688 398 se-

887 414 948 441 cisti
964 414 1094 441 mirabilia
1109 418 1136 441 et
1146 414 1322 449 cogitationes
1333 414 1458 448 antiquas
1469 414 1573 442 iidelcs.
1587 415 1684 443 Amen.

887 459 954 492 Quia
968 460 1080 494 posuisti
1094 459 1230 487 civitatem
1254 459 1281 486 in
1296 460 1426 487 tumulum
1437 480 1445 493 ,
1469 460 1564 488 urbem
1588 460 1685 489 sortem

887 506 914 533 in
928 506 1042 538 ruinam,
1066 505 1174 533 domum
1190 505 1350 538 alienorum,
1366 509 1397 532 ut
1411 512 1463 532 non
1479 506 1515 532 sit
1525 505 1632 538 civitas,
1662 511 1687 534 et

887 553 914 579 in
930 554 1123 586 sempiternum
1141 559 1194 579 non
1221 551 1378 584 aedificetur,
1403 558 1485 585 super
1501 551 1552 579 hoc
1566 551 1688 579 laudabit

887 602 914 625 te
929 598 1041 633 populus
1062 598 1150 631 fortis,
1167 598 1264 626 civitas
1277 598 1396 633 gentium
1419 598 1589 626 robustarum
1608 598 1685 627 time-

886 644 926 671 bit
942 649 967 672 te
985 654 993 670 ›
1014 643 1090 679 (isai.
1109 652 1171 675 xxv.
1186 644 1225 679 l).

922 692 949 718 4.
969 693 1026 720 Alio
1040 699 1146 727 qnoque
1161 692 1188 719 in
1201 692 1259 719 loco
1275 692 1308 719 ad
1325 691 1435 720 eosdem
1450 692 1559 720 Judaeos
1571 693 1621 720 sub
1634 700 1685 720 ex-

885 739 1061 774 probratione
1074 739 1109 767 ita
1125 740 1252 774 loquitur,
1266 740 1378 767 dicens:
1403 748 1412 765 ‹
1429 739 1462 766 Et
1475 740 1624 767 dimittetur
1638 748 1686 768 no-

886 793 947 813 men
961 790 1083 813 vestrum
1098 786 1123 812 in
1136 785 1317 820 juramentum
1330 785 1422 813 electis
1433 786 1500 813 meis
1514 795 1521 819 ;
1537 794 1584 813 vos
1595 792 1683 814 autem

886 831 1029 859 interficiet
1043 831 1172 859 Dominus
1188 832 1268 865 Deus,
1285 837 1312 859 et
1326 839 1421 859 servos
1436 839 1500 859 suos
1519 833 1626 860 vocabit,
1641 840 1685 860 no-

886 877 957 904 mine
971 877 1034 909 alio,
1057 877 1083 904 in
1096 885 1149 912 quo
1163 877 1210 912 qui
1230 878 1388 905 benedictus
1412 882 1453 905 est
1475 885 1558 912 super
1583 884 1682 906 terram

885 925 1060 952 benedicetur
1075 932 1090 951 a
1111 925 1236 958 Domino,
1253 933 1343 959 amen,
1367 930 1395 952 et
1409 926 1453 960 qui
1467 926 1541 961 jurat
1557 926 1582 953 in
1598 931 1682 960 terra,

882 971 983 1006 iurabit
997 972 1023 999 in
1041 973 1106 999 Deo.
1126 972 1212 1000 Amen
1226 982 1235 998 ›
1255 973 1334 1007 (lsai.
1348 981 1398 1000 exv
1409 993 1417 1006 ‚
1431 972 1488 1008 ¹5).
1505 973 1534 1001 in
1550 977 1622 1001 terra
1637 973 1683 1007 qui

882 1017 966 1050 iurat,
983 1017 1009 1044 id
1025 1023 1076 1049 est,
1091 1018 1117 1044 in
1129 1024 1211 1045 carne
1222 1025 1237 1045 a
1252 1018 1359 1045 Clu-isto
1373 1022 1494 1053 accepta,
1514 1019 1541 1046 in
1557 1026 1608 1054 qua
1621 1019 1681 1054 qui-

884 1070 990 1097 cunque
1007 1063 1089 1098 jurat,
1111 1070 1175 1090 vere
1190 1063 1217 1090 in
1234 1063 1289 1090 Deo
1307 1063 1390 1097 jurat.

1192 1117 1307 1145 CAPUT
1331 1118 1377 1145 lx.

883 1174 970 1202 Justoei
990 1179 1094 1211 propter
1116 1179 1248 1210 peccatum
1270 1174 1296 1200 in
1321 1173 1451 1202 Christum
1473 1175 1593 1202 debellati
1606 1179 1682 1210 atque

1186 1210 1294 1244 dispersi
1306 1215 1376 1236 sunt.

919 1255 944 1283 t.
959 1255 1025 1289 Quia
1041 1260 1148 1290 propter
1169 1259 1308 1289 peccatum
1331 1254 1404 1289 quod
1431 1255 1458 1281 in
1485 1255 1591 1283 Christo
1611 1263 1682 1291 prae-

882 1301 990 1327 varicati
1015 1305 1076 1327 sunt
1097 1300 1183 1327 Judaei
1208 1300 1334 1326 debellati
1359 1304 1440 1334 atque
1463 1300 1579 1335 dispersi
1604 1307 1678 1336 sunt,

882 1345 963 1372 isaias
984 1346 1184 1380 praenuntiavit,
1209 1344 1320 1372 dicens:
1340 1353 1349 1370 ι
1365 1345 1424 1379 lpse
1444 1346 1558 1373 redemit
1573 1354 1632 1381 eos,
1653 1351 1681 1375 et

881 1391 996 1427 portavit
1012 1399 1069 1424 eos,
1094 1395 1122 1418 et
1147 1391 1244 1418 levavit
1267 1398 1313 1419 eos
1332 1392 1436 1418 cunctis
1461 1392 1557 1420 diebus
1576 1393 1679 1428 saeculi,

880 1437 931 1471 ipsi
948 1442 1036 1465 autem
1054 1437 1086 1464 ad
1105 1438 1269 1465 iracundiam
1286 1442 1510 1473 provocaverunt,
1537 1443 1563 1466 et
1576 1439 1680 1468 attttxe-

881 1489 944 1511 runt
969 1483 1094 1518 spiritum
1119 1484 1205 1510 sancti
1229 1483 1303 1517 eJus‚
1330 1488 1357 1510 et
1375 1491 1523 1512 conversus
1544 1489 1585 1512 est
1599 1486 1638 1513 eis
1651 1486 1678 1513 in

883 1529 1030 1562 inimicum,
1047 1530 1101 1564 85
1109 1535 1135 1557 et
1150 1530 1208 1564 ipse
1222 1530 1366 1557 debellavit
1380 1537 1426 1558 eos
1438 1540 1448 1557 ›
1462 1531 1620 1566 (tsai.1.xni,
1637 1532 1677 1567 9).

881 1575 945 1602 ltem
964 1583 1010 1611 per
1024 1576 1092 1603 Osce
1117 1576 1296 1610 prophetam:
1324 1585 1333 1601 ‹
1348 1575 1405 1609 Vae,
1432 1577 1525 1611 inquit,
1546 1577 1597 1611 eis,
1618 1578 1679 1612 quia

881 1627 1050 1650 recesserunt
1075 1629 1090 1649 a
1111 1629 1169 1652 me,
1201 1621 1397 1654 vastabuntur,
1421 1622 1483 1656 quin
1506 1623 1675 1656 praevaricati

880 1673 942 1696 sunt
956 1669 982 1695 in
994 1676 1047 1695 me.
1071 1668 1127 1702 Ego
1142 1667 1245 1695 redemi
1259 1675 1317 1700 eos,
1333 1673 1359 1694 et
1376 1667 1426 1702 ipsi
1442 1668 1523 1695 locuti
1544 1674 1606 1695 sunt
1618 1676 1678 1696 con·

881 1720 921 1742 tra
936 1723 978 1742 me
1003 1714 1152 1746 mendacia,
1178 1719 1204 1741 et
1219 1718 1390 1742 recesserunt
1404 1722 1418 1742 a
1432 1722 1487 1748 me,
1511 1719 1538 1742 et
1552 1722 1601 1749 ego
1614 1723 1678 1743 eru-

880 1762 932 1789 divi
947 1769 1004 1795 e05‚
1021 1766 1049 1789 et
1060 1761 1205 1788 confortavi
1222 1761 1331 1788 brachia
1345 1768 1449 1788 eorum.
1473 1760 1507 1788 Et
1528 1760 1579 1796 ipsi
1593 1762 1618 1788 in
1633 1769 1678 1789 me

880 1808 1063 1843 cogitaverunt
1077 1807 1217 1839 malitiam,
1232 1807 1332 1834 reversi
1345 1812 1418 1839 sunt,
1434 1811 1463 1834 ιιι
1473 1812 1563 1834 essent
1575 1807 1676 1842 absque

878 1854 951 1888 jugo.
978 1853 1052 1880 Facti
1073 1856 1135 1879 sunt
1158 1853 1236 1887 quasi
1270 1859 1350 1880 arcus
1375 1852 1496 1885 dolosus,
1521 1853 1619 1887 abjecit
1631 1861 1677 1881 eos

880 1900 952 1927 Deus
969 1907 1060 1933 meus,
1075 1899 1134 1934 quia
1151 1906 1204 1926 non
1218 1899 1362 1926 audierunt
1376 1906 1437 1926 eum
1448 1919 1456 1931 .
1480 1903 1508 1926 et
1524 1904 1603 1927 erunt
1618 1899 1677 1935 vagi

880 1946 906 1973 in
921 1945 1072 1973 nationibus
1087 1954 1097 1970 ι
1118 1944 1191 1979 (Ose.
1205 1951 1252 1976 vn,
1269 1944 1323 1977 ¹33
1339 1951 1376 1977 tx,
1396 1943 1450 1978 16).

914 1992 941 2018 2.
962 1991 995 2018 Et
1008 1991 1088 2018 isaias
1104 1994 1277 2025 posteaquam
1300 1988 1492 2023 praedicaverat
1514 1989 1547 2016 de
1568 1989 1676 2017 Christo

879 2037 971 2064 (licens
985 2046 990 2062 :
1010 2036 1143 2071 Tanquam
1157 2036 1209 2062 ovis
1224 2035 1258 2062 ad
1272 2035 1423 2061 occisionem
1435 2035 1528 2061 «tuctus
1544 2039 1580 2062 est
1597 2034 1674 2070 (lsai.

878 2083 987 2118 ιιιι,7),
1014 2081 1128 2116 subjecit
1153 2081 1266 2108 statim:
1291 2080 1402 2115 Propter
1422 2081 1504 2108 scelus
1523 2082 1612 2116 populi
1625 2082 1676 2108 mei

879 2130 991 2166 percussi
1003 2137 1078 2161 eum;
1091 2134 1115 2155 et
1126 2128 1192 2154 dabo
1203 2128 1295 2163 impios
1309 2135 1355 2162 pro
1369 2128 1500 2162 sepultura
1512 2129 1581 2163 eJ'us,
1597 2133 1621 2155 et
1634 2128 1675 2154 di-

878 2177 939 2204 vites
951 2183 996 2211 pro
1010 2178 1090 2201 morte
1103 2175 1170 2209 ejus,
1182 2178 1209 2200 et
1220 2173 1332 2207 reliqua.
1347 2172 1380 2199 Et
1392 2180 1439 2207 per
1447 2171 1589 2200 Jeremiam
1602 2173 1673 2201 idem

67 2248 94 2276 5.
107 2248 163 2282 At„
182 2252 246 2276 met
268 2248 421 2281 crediturus,
435 2254 483 2282 pro
493 2252 575 2274 essent
590 2248 720 2276 credituri.
737 2247 770 2275 Et
787 2248 822 2275 ad
836 2250 861 2280 Ι)
909 2247 973 2274 Car.
989 2246 1025 2274 tx
1038 2245 1070 2274 N.
1088 2246 1113 2272 t.
1125 2245 1178 2275 Al„
1194 2243 1367 2279 pronuntiavit
1377 2263 1384 2275 ‚
1400 2243 1440 2271 vel
1452 2244 1609 2279 pronuntiat,
1622 2251 1674 2278 pro

874 2283 1040 2318 proenuntiat.
1056 2282 1087 2309 Et
1102 2285 1220 2307 sanctum
1233 2281 1298 2315 eJ‘us,
1321 2286 1369 2314 pro
1388 2281 1469 2306 sancti
1480 2280 1544 2314 ejus.
1568 2279 1601 2305 Et
1612 2280 1672 2313 quia

873 2319 981 2345 oderunt
994 2326 1061 2349 eum,
1078 2324 1126 2351 pro
1140 2316 1200 2350 quia
1212 2323 1262 2342 non
1276 2315 1422 2347 audieruut,
1436 2322 1502 2341 eum.
1521 2314 1592 2340 Mau.

908 2353 936 2381 2.
958 2353 1082 2388 Nunquid
1097 2352 1151 2378 avis
1172 2352 1251 2377 tincta
1262 2359 1306 2385 per
1321 2354 1420 2381 totum,
1437 2349 1562 2375 seremiae
1578 2356 1626 2382 xit,
1643 2348 1671 2377 9.

873 2389 1038 2423 Hispalensis
1054 2388 1134 2422 legit,
1162 2386 1279 2420 nunquid
1296 2386 1349 2411 avis
1367 2379 1488 2410 dtsaetricta
1506 2391 1552 2418 per·
1569 2385 1673 2411 totum?

873 2433 932 2458 quae
947 2424 1026 2452 lectio
1046 2421 1264 2449 commodissima
1281 2420 1437 2451 videbatur;
1462 2426 1523 2445 nam
1546 2419 1669 2447 eamdem

873 2460 1034 2490 discolorem
1047 2457 1180 2491 prioribus
1195 2455 1284 2482 verbis
1297 2458 1416 2485 vocarat,
1427 2459 1453 2480 et
1465 2453 1594 2480 Hebraica
1606 2462 1672 2482 con-

872 2505 1032 2535 sentiebant.
1047 2508 1117 2535 9³32
1132 2506 1208 2534 ῚΞἿὩΠ
1218 2493 1285 2533 ΠἿΒἹ
1299 2504 1372 2530 2⁷21:
1382 2503 1457 2531 1:⁷9³
1470 2492 1498 2529 ⁷5
1509 2492 1601 2534 'nb-3³,
1619 2500 1671 2528 hoe

872 2550 1054 2585 est‚11u11quid
1075 2549 1131 2575 avis
1154 2546 1267 2574 discolor
1282 2545 1418 2575 haereditas
1438 2553 1494 2572 mea
1508 2545 1585 2578 mitit.
1602 2554 1669 2574 nun-

871 2588 933 2624 quid
954 2587 1007 2613 avis
1021 2585 1133 2612 circuitu
1145 2591 1223 2618 super
1237 2590 1308 2614 eam,
1324 2581 1455 2613 subaudi,
1472 2581 1597 2614 discolor,
1612 2582 1670 2609 sive

873 2624 1005 2650 distincta.
1027 2621 1204 2654 Hieronymus
1216 2624 1346 2652 pavonem
1363 2620 1438 2650 putat
1453 2616 1575 2651 intelligi,
1589 2616 1668 2652 eique

873 2658 1087 2692 Hierosolymam
1110 2653 1259 2687 comparari
1286 2655 1395 2687 propter
1416 2651 1548 2687 insignem
1562 2652 1669 2686 pluma-

872 2702 930 2722 rum
947 2694 1114 2719 satietatem.
1135 2689 1187 2716 Sed
1201 2695 1289 2723 neque
1301 2687 1375 2722 ipse.
1390 2694 1479 2721 neque
1493 2686 1620 2723 Vulgata,
1634 2693 1667 2715 ae

877 2737 912 2757 ne
925 2729 970 2756 alii
984 2728 1092 2762 quidem
1105 2724 1201 2752 isidori
1219 2723 1334 2751 Codices
1347 2722 1506 2764 hispalensi
1517 2722 1668 2751 consentic-

875 2765 950 2794 bant.
970 2762 1103 2796 Quocirca
1116 2759 1228 2788 alteram
1244 2758 1389 2788 lectionem
1402 2758 1578 2794 premimus.
1593 2757 1667 2788 ΙΑι,
