1832 3016
68 76 122 109 885

67 180 113 208 alii
138 185 226 208 motus
240 180 369 208 errabiles
383 183 456 212 sunt,
471 182 542 210 ante.
560 185 575 205 a
590 183 674 214 tergo,
686 179 792 214 dextra,
814 179 861 207 Ιπ-

67 235 164 262 vaque,
182 234 299 259 sursum,
312 227 449 254 deorsum.
465 225 614 257 Postremo,
632 229 660 252 et
674 225 743 260 quod
767 233 861 253 neces-

66 274 144 300 sitate
156 273 299 307 efficiatur,
314 276 343 299 ιιι
357 272 415 299 baec
425 271 495 299 linea
510 271 580 299 ultra
590 272 719 300 circulum
735 272 796 300 duci
806 280 858 300 non

68 319 162 354 possit.

102 363 127 392 6.
142 366 199 392 Duo
209 368 270 392 sunt
281 367 380 397 autem,
392 368 421 392 ut
431 364 560 397 diximus.
573 365 638 399 poli,
652 365 748 399 quihus
761 365 858 392 coelum

64 410 189 443 volvitur,
210 410 324 443 floreus,
345 418 424 445 quem
450 411 621 446 Aqttiloninm
645 418 782 438 vocamus.
811 411 859 438 Hic

64 455 152 488 Arcti,
176 454 202 482 id
219 458 275 486 est,
290 455 501 489 septentriones,
516 456 562 490 qui
578 456 654 483 nobis
675 464 782 490 semper
808 463 858 490 ap-

63 505 166 533 parent.
182 499 231 527 Cui
242 501 394 528 contrarius
420 507 462 529 est
485 503 588 535 Nottue,
604 502 648 537 qui
671 503 797 530 australis
819 503 859 530 di-

61 590 112 626 23
127 591 219 628 ἀφανής
234 599 248 618 a
273 592 373 619 Graecis
394 593 557 620 nominatur.
576 593 661 621 Tanta
675 598 765 621 autem
781 594 858 628 polus

59 686 110 709 tem
131 690 239 710 cursum
261 689 332 711 astra
353 690 475 718 currant,
499 685 591 712 mnndi
616 686 721 712 ruinam
748 685 856 713 faciant.

58 726 155 756 Fertur
168 730 239 756 enim
256 729 316 764 ejus
331 738 451 764 proeceps
466 731 619 758 volubilitas
634 738 714 758 cursu
738 730 855 758 siderum

58 775 211 808 temperari.
228 775 304 802 Unde
321 775 442 802 Lucanus
459 783 466 802 :

132 818 260 843 Sidortnus
270 826 326 850 quae
343 819 394 844 sola
413 820 495 850 rugam
507 820 664 853 moderantur
675 821 774 854 olympi.

131 849 319 880 Occurruntque
333 851 397 880 toln,
408 852 504 875 diversa
523 852 633 883 potentia
652 854 727 883 prima

133 879 215 904 Mundi
226 880 282 911 lege
295 882 348 906 data
360 885 406 906 est.

339 923 453 951 CAPUT
481 923 553 951 xllt.

87 967 126 995 De
140 973 234 1004 septem
250 969 360 1004 planetis
385 970 441 996 coeli
455 974 578 997 eteorum
598 972 813 1000 conversionibus.

88 1015 114 1041 l.
130 1015 289 1042 Ambrosius
313 1020 432 1048 sanctus,
454 1017 481 1043 in
504 1015 574 1043 libro
596 1016 783 1044 flexaemeron
809 1018 849 1046 sic

88 1093 115 1121 6.
133 1093 217 1120 Tanta
230 1099 316 1121 autem
328 1094 402 1128 polus
417 1094 562 1127 celeritate,
577 1098 629 1122 etc.
642 1093 742 1122 Eadem
755 1095 802 1122 lib.
819 1103 848 1123 ιιι

53 1129 220 1164 etymolog„
235 1137 294 1163 cap.
310 1129 356 1157 54.

53 1165 151 1228 cacia.
167 1165 234 1191 xiil.
252 1180 286 1185 —-
301 1165 333 1192 N.
351 1165 377 1193 1.
391 1165 540 1192 Amtron‘us
562 1174 586 1193 s.
611 1166 638 1192 in
654 1165 713 1194 Lib.
734 1165 847 1194 Hexam.

110 1219 117 1226 .
131 1200 149 1226 2
160 1201 204 1226 lib.
219 1208 245 1228 ιι.

86 1207 155 1262 hid.
178 1235 453 1269 Opusculum'lsidori
477 1237 510 1263 de
526 1236 667 1263 harmonia
691 1241 719 1264 et
741 1237 847 1265 coelesti

51 1271 162 1302 musica,
177 1271 247 1305 quod
264 1272 289 1298 in
306 1271 471 1303 isidorianis.
486 1279 546 1306 cap.
563 1271 609 1303 86,
622 1280 696 1298 num.
709 1273 736 1305 5,
750 1280 845 1300 recen-

51 1306 91 1332 sui
102 1325 109 1338 ‚
134 1307 166 1332 ad
182 1307 232 1332 ltoc
245 1310 324 1340 t-aput
338 1311 364 1333 et
379 1306 411 1332 ad
435 1307 573 1340 sequentia
590 1307 682 1333 referri
698 1312 802 1340 potest.
818 1312 845 1335 et

51 1348 91 1367 est
107 1341 279 1376 hujusmodi:
299 1351 308 1368 ι
323 1340 397 1369 Luna
417 1346 459 1368 est
475 1341 575 1375 primus
591 1343 756 1375 planetarum
767 1364 775 1376 ,
790 1345 840 1373 mi-

50 1378 120 1403 nima
143 1377 280 1404 stellarum
291 1398 298 1410 ‚
324 1377 371 1404 sed
395 1377 482 1411 major
506 1378 612 1404 caeteris
637 1378 758 1411 videtur,
781 1379 843 1413 quia

40 1412 169 1446 :pr‘oxima
186 1417 264 1438 terrai
282 1412 359 1439 nobis
388 1413 489 1439 circulo
509 1412 603 1439 fertur.
633 1413 719 1448 Hujus
743 1421 841 1448 corpus

39 1451 92 1476 test
105 1444 256 1481 globosum,
270 1452 365 1475 natura
378 1447 501 1482 igneum.
517 1448 564 1475 sed
580 1456 647 1482 aqua
666 1450 838 1482 permistum.

39 1517 147 1552 »speculi
164 1518 341 1550 illuminatur,
356 1523 383 1545 et
395 1518 456 1546 ideo
469 1518 529 1545 luna
545 1519 620 1552 quasi
634 1518 729 1552 lucina,
742 1520 769 1546 id
784 1525 837 1554 est,

50 1559 66 1580 a
80 1553 141 1580 luce
156 1558 228 1586 nata,
244 1555 405 1580 nominantur.

85 1596 94 1613 ι
114 1589 188 1620 Quod
216 1593 304 1616 autem
320 1589 396 1623 quasi
412 1588 543 1616 nubecula
564 1589 590 1616 in
614 1596 645 1616 ea
661 1589 783 1623 videtur,
804 1598 838 1618 ex

52 1629 127 1657 aquae
143 1628 235 1651 natura
255 1624 384 1651 creditur.
409 1624 509 1651 Dicitur
531 1625 602 1651 enim
625 1625 718 1660 (quod)
732 1627 754 1652 si
769 1633 837 1660 aqua

40 1658 179 1692 xpermista
191 1667 244 1686 non
261 1666 343 1692 esset,
361 1666 458 1687 terram
468 1680 476 1691 ,
487 1664 516 1686 ιιι
532 1660 583 1692 sol,
601 1660 774 1693 illuminaret,
789 1669 838 1688 seu

38 1693 209 1727 tilinstraret,
235 1694 290 1721 imo
307 1696 350 1729 ¹ob
365 1695 527 1722 vicinitatem
544 1695 664 1722 maximo
683 1697 778 1723 ardore
792 1703 838 1723 va-

37 1732 141 1756 nataret.
156 1727 256 1756 Globus
269 1737 383 1764 namque
394 1731 453 1763 ejus
473 1731 557 1757 multo
572 1735 643 1757 terra
657 1735 700 1757 est
710 1731 834 1766 amplior,

37 1762 111 1790 ilicet
126 1764 161 1791 ob
175 1765 341 1792 altitudinem
364 1765 456 1792 circuli
480 1767 521 1793 sui
537 1765 658 1793 videatur
679 1767 721 1793 vix
742 1767 836 1800 modii,

39 1797 134 1826 *fundo
149 1801 244 1833 maior.

82 1842 93 1860 ι
110 1834 182 1862 Luna
198 1842 230 1862 ea
245 1840 320 1870 parte
335 1835 420 1870 lucet,
446 1843 496 1871 qua
519 1836 569 1863 soli
585 1841 627 1864 est
641 1838 781 1871 opposita;
804 1844 835 1864 ea

35 1873 135 1896 nutem
151 1874 227 1904 parte
251 1876 292 1898 est
307 1871 429 1904 obscura,
445 1879 504 1905 quae
526 1879 541 1898 a
562 1874 619 1899 sote
638 1877 679 1899 est
692 1880 795 1900 aversa.
812 1873 837 1900 A

36 1905 101 1932 *sole
119 1913 183 1932 vero
198 1905 303 1940 longius
318 1914 419 1934 remota
440 1907 510 1933 lucet
533 1912 597 1934 tota.
615 1907 673 1934 Non
687 1909 758 1935 enim
774 1916 835 1936 cre-

35 1940 105 1972 ·ecit,
117 1947 166 1967 nec
181 1941 319 1974 minuitur,
337 1943 385 1969 sed
396 1942 505 1977 objectu
520 1947 599 1969 terrae
613 1943 714 1970 lumine
734 1944 805 1978 quod
819 1952 835 1971 a

35 1974 103 2002 tsote
116 1977 213 2008 accipit
226 1976 379 2004 irradiatur.

81 2018 91 2035 ι
123 2010 187 2037 klaec
217 2011 279 2038 licet
306 2012 425 2046 quotidie
451 2012 577 2040 violentia
607 2012 770 2041 firmamenti
801 2015 835 2041 ab

34 2045 146 2072 ‘oriente
159 2045 185 2072 in
199 2046 365 2073 occidentem
385 2048 495 2081 seratur,
522 2052 610 2074 tamen
637 2054 730 2076 contra
756 2057 835 2076 mun·

33 2080 106 2107 odunt
121 2081 208 2108 nitens
222 2083 310 2108 omnia
330 2082 434 2109 zodiaci
448 2083 524 2116 sigua
544 2091 615 2110 xxvtt
628 2083 723 2110 diebus
739 2092 835 2118 perva-

33 2119 130 2177 qgffiur.
146 2115 264 2143 Ciculutn
280 2121 367 2144 autem
381 2125 459 2145 suurn
475 2125 539 2144 xvtn
554 2120 633 2146 annis
647 2120 835 2153 perambulare

34 2158 58 2176 α
89 2155 198 2178 rmatur.

34 2219 83 2247 idn
96 2229 104 2254 ς
119 2222 141 2248 ει
156 2222 184 2248 ιιι
199 2230 304 2250 summo
327 2223 465 2251 corniculo
487 2225 600 2251 maculis
615 2226 740 2256 nigrescit
752 2246 760 2258 ,
777 2227 836 2260 plu-

34 2256 114 2283 vviunt
129 2258 228 2285 mensis
243 2258 401 2292 exordium
427 2260 450 2287 ιι
466 2260 494 2286 ιιι
508 2260 598 2287 medio
621 2260 691 2295 pleni
706 2261 834 2296 luminis,

32 2298 176 2319 werenutn.

81 2335 91 2367 ι
105 2325 142 2354 De
156 2326 293 2356 Mercurio.
304 2343 340 2350 —
350 2330 488 2358 Secundus
501 2330 608 2365 planeta
621 2335 664 2359 est
674 2331 833 2366 Mercurius,

32 2373 35 2383 ι
63 2397 67 2401 ¹
81 2369 88 2387 t
102 2366 129 2388 et
141 2362 245 2402 Stilbol.
257 2364 358 2392 Globus
372 2371 464 2393 natura
480 2368 582 2401 igneus,
598 2367 689 2394 lunam
701 2369 834 2402 magnitu-

31 2413 34 2416 »
72 2403 105 2423 ne
129 2404 237 2424 vtneeus
248 2418 256 2430 .
289 2399 379 2428 lumen
393 2409 408 2428 a
423 2402 480 2429 soie
493 2402 628 2437 accipiens
639 2423 647 2436 ‚
675 2402 832 2437 signiterum

31 2437 140 2458 -ecxxtx
156 2432 250 2459 diebus
260 2440 429 2467 percurrenti.

81 2474 92 2492 ι
111 2466 148 2492 De
166 2465 315 2495 Venera-
331 2471 438 2499 Tertius
459 2471 564 2505 planeta
586 2477 627 2500 est
653 2473 740 2500 Venus
753 2493 759 2505 ,
786 2474 832 2509 qni

42 2505 69 2528 et.
85 2501 228 2536 vesperus,
244 2503 364 2537 Lucifer.
378 2512 405 2532 et
419 2505 536 2541 Vespen
556 2508 697 2540 rotundus,
724 2509 830 2543 igneus.

44 2539 134 2563 conti-a
158 2538 285 2565 mundum
310 2540 415 2573 nitens.
441 2546 470 2568 ιιι
482 2542 629 2570 Mercurius
641 2565 649 2578 ,
673 2544 830 2578 signiferum

29 2572 177 2605 tvpercurrit
189 2575 319 2602 cecuvtn
331 2574 436 2603 diebus.

80 2615 91 2646 ,⁸
108 2606 146 2634 De
158 2607 230 2636 Sole.
244 2622 280 2630 -
291 2610 408 2643 Quartus
422 2611 526 2645 planeta
541 2617 583 2640 eet
592 2613 645 2645 sol.
656 2613 719 2641 inde
729 2614 829 2648 dictus,

34 2649 103 2681 iquta
118 2643 193 2670 solue
208 2644 399 2683 lucethcaeteria
409 2646 495 2674 stellis
507 2647 656 2675 obscuratis
667 2668 676 2681 ,
699 2651 742 2676 vel
757 2650 829 2684 quod

39 2680 78 2716 ert
107 2685 189 2711 super
214 2686 303 2706 omma
331 2681 422 2708 lut-ena
432 2701 440 2714 ,
462 2681 547 2714 torma
575 2684 723 2716 sphaericus
735 2704 743 2715 ,
769 2691 829 2712 nam

36 2717 152 2744 ugneu32
168 2714 351 2747 magnitudine
363 2717 446 2744 octies
460 2721 559 2744 terram
568 2720 690 2751 vincens,
705 2719 830 2746 omnibus

57 2748 125 2774 tellis
139 2749 227 2776 lutnen
245 2751 355 2782 praebet.

113 2825 144 2851 r.
160 2818 209 2847 sed
224 2825 317 2848 eontra
342 2821 472 2851 mundum
487 2822 574 2852 nitenti
584 2844 593 2857 ‚
619 2831 667 2859 per
680 2829 766 2852 totum
782 2833 829 2854 zo-

656 75 700 103 DE
719 74 862 104 NATURA
880 75 1001 106 RERUM
1020 78 1136 108 UBER-

68 140 95 163 et
113 134 184 169 quod
208 139 309 163 motum
332 133 502 163 inerrabilem
524 133 628 167 babeat,
655 133 787 168 siquidem
811 141 858 162 sex
872 137 898 167 Α
913 136 1039 172 loquitur,
1064 138 1176 166 dicens:
1193 138 1313 174 Legimus
1336 140 1363 167 in
1389 140 1497 168 David.-
1520 133 1637 170 meante
1651 151 1708 171 eum

60 544 139 572 citur.
166 546 214 573 llic
235 551 288 579 est,
314 548 359 581 qui
381 552 463 582 terra,
480 553 509 575 ιιι
529 548 567 575 ait
588 548 693 582 Cicero,
709 550 816 583 tegitur,
831 552 859 576 et

59 637 197 664 celeritate
212 637 276 665 ferri
291 639 401 671 dicitur.
416 643 445 666 ut
462 639 513 666 nisi
528 639 656 667 adversus
667 640 725 674 ejus
738 639 858 674 praecipi-

81 2790 94 2809 α
108 2782 322 2812 tite-ammento
332 2785 360 2813 in
372 2785 544 2814 Occidentem
554 2788 655 2823 impetu
667 2788 827 2818 firmamenti
841 2789 849 2792 ”

1654 83 1708 114 :vu

912 183 969 208 coelt'
982 184 1111 211 coelorum.
1141 183 1232 211 Utrum
1255 186 1322 212 enim
1346 194 1426 213 unum
1449 187 1481 214 sit
1495 188 1586 214 coelum
1600 196 1634 215 an
1645 189 1708 224 plu-

911 234 962 258 res,
972 229 1100 255 contentio
1109 234 1157 263 est.
1169 229 1231 256 dum
1245 231 1325 265 aliqui
1340 231 1434 259 multoe
1447 241 1502 259 ease
1514 233 1568 268 2AE
1578 238 1708 270 munt,

910 274 957 300 atii
972 280 1065 308 autem,
1082 281 1175 310 proeter
1185 285 1275 309 umam,
1292 277 1358 304 alios
1368 286 1424 305 esse
1438 284 1543 314 neqamt.
1553 278 1708 313 Philosophi

911 324 997 346 autem
1008 322 1098 348 mundi
1110 327 1205 356 septem
1212 323 1302 354 coelos.
1328 324 1356 350 id
1372 328 1419 356 eat,
1443 325 1607 358 planetarum
1618 327 1708 362 globos

911 372 1022 391 comono
1038 370 1109 392 motu
1122 367 1332 395 introduxerunt.
1350 368 1466 400 Quorum
1477 370 1580 396 orbibus
1593 379 1707 399 connexa

910 418 1053 439 memorant
1073 414 1180 446 omnia,
1202 416 1272 449 quod
1292 417 1341 442 sibi
1365 425 1442 444 nexos
1467 422 1490 444 ee
1514 419 1582 445 vetut
1597 420 1707 448 insertor

909 459 1005 486 venari
1028 463 1100 486 retro
1127 464 1151 486 et
1174 463 1305 487 contrario
1334 463 1431 489 coeteris
1455 468 1526 490 motu
1554 464 1616 499 ferri
1638 465 1707 492 arbi-

911 510 1021 532 trnntnr.
1039 506 1177 540 Siquidem
1191 506 1218 533 in
1236 507 1426 535 ecclesiasticis
1445 508 1532 539 libris,
1547 514 1574 536 et
1585 510 1641 536 coelt'
1657 519 1708 538 1:oe-

910 552 994 579 lorum
1005 553 1140 587 leguntur,
1153 557 1180 580 et
1193 554 1330 587 apostolus
1343 555 1438 581 Paulus
1450 563 1534 589 usqne
1549 556 1581 582 ad
1596 557 1704 586 tertium

909 597 1006 625 coelum
1018 598 1099 626 tuisse
1110 606 1139 626 se
1153 599 1275 633 intelligit
1287 604 1401 634 raptum.
1419 601 1472 636 25
1484 601 1537 628 Sed
1548 603 1581 629 de
1593 610 1705 630 numero

908 651 1002 671 eornm
1019 644 1084 671 nihil
1099 645 1149 672 sibi
1177 650 1323 679 praesttmat
1339 645 1453 673 humana
1467 648 1613 676 temeritas.
1631 649 1705 677 Fecit

908 694 996 717 antem
1010 698 1057 717 eos
1072 690 1142 718 Deus
1157 698 1211 718 non
1227 691 1365 724 informes,
1382 692 1423 719 vel
1442 694 1577 727 contusos,
1594 694 1641 722 sed
1657 702 1703 722 ra-

910 736 983 763 tione
998 737 1114 771 quadam
1130 737 1226 764 ordine
1241 745 1290 764 suo
1305 738 1454 766 distinctos.
1477 739 1542 766 Nan]
1557 741 1703 775 superioris

907 782 998 809 circuli
1024 783 1122 810 coelum
1138 783 1247 817 proprio
1261 784 1406 811 discretum
1423 785 1547 818 termino,
1563 791 1591 813 et
1612 795 1703 822 mqua-

867 831 891 861 Β
908 827 976 854 libus
992 827 1110 862 undique
1124 829 1217 863 spatiis
1232 829 1372 856 collectum
1389 831 1517 864 ostendit,
1534 836 1612 866 atque
1626 834 1653 859 in
1669 840 1702 860 eo

905 874 1018 901 virtutes
1048 874 1227 908 spiritualium
1243 879 1426 902 creaturarum
1441 877 1590 904 constituit.
1619 878 1701 912 Cujus

905 921 1012 955 quidem
1026 921 1087 948 coeli
1102 926 1223 948 naturam
1239 922 1334 949 artifex
1350 923 1440 949 mundi
1457 923 1528 950 Deus
1543 924 1618 958 aquis
1634 929 1700 951 tem-

905 967 1023 1001 peravit,
1050 975 1084 994 ne
1105 968 1277 998 conflagratio
1301 969 1448 1002 superioria
1474 969 1543 1003 ignis
1571 969 1699 998 inferiora

905 1012 1038 1039 elementa
1067 1013 1253 1040 succenderet.
1279 1013 1381 1041 Dehinc
1407 1014 1539 1041 circulum
1564 1014 1699 1043 inferioris

903 1091 1008 1119 diacum
1034 1100 1134 1120 cccnxv
1158 1093 1254 1120 diebus
1278 1093 1398 1128 graditur
1410 1114 1416 1126 ‚
1445 1094 1575 1121 circulum
1605 1099 1696 1123 autem

902 1135 979 1155 suum
995 1136 1074 1155 xxvnt
1089 1130 1167 1155 annis
1181 1129 1369 1162 perambulare
1384 1129 1506 1156 traditur.

941 1172 950 1188 t
971 1163 1054 1198 Hujus
1068 1165 1208 1197 praesentia
1223 1164 1306 1196 diem,
1321 1164 1442 1191 absentia
1459 1172 1523 1192 vero
1538 1164 1597 1199 ejus
1612 1166 1695 1193 eflicit

903 1204 1021 1225 noctem.
1043 1199 1117 1226 Sient
1130 1200 1201 1226 enim
1219 1203 1272 1226 tota
1287 1200 1330 1225 die
1346 1207 1425 1233 snper
1441 1204 1539 1227 terram
1553 1220 1560 1230 ,
1584 1201 1622 1227 sic
1639 1206 1694 1228 tota

903 1240 982 1260 nocte
998 1234 1068 1260 lucet
1082 1235 1132 1260 snb
1146 1239 1225 1261 terra.
1242 1235 1432 1268 Aquilonarem
1446 1239 1546 1268 partem
1559 1236 1618 1264 coeli
1634 1244 1696 1271 per-

901 1276 1010 1303 agrans,
1027 1269 1090 1296 facit
1106 1270 1183 1296 nobis
1195 1270 1286 1303 longos
1303 1270 1372 1304 dies,-
1386 1275 1413 1298 et
1426 1275 1564 1304 aestatem;
1582 1274 1694 1300 Austra-

896 1304 954 1366 ¹ilem
969 1312 1033 1331 vero
1058 1311 1226 1340 percurrens.
1245 1305 1347 1333 inducit
1363 1307 1440 1333 nobis
1460 1306 1555 1333 breves
1577 1308 1651 1340 dies,
1667 1314 1695 1336 et

916 1347 1023 1368 tentem.

933 1384 944 1402 ι
962 1376 1009 1403 Sol
1022 1377 1048 1403 in
1064 1380 1124 1403 ortu
1138 1383 1187 1402 suo
1200 1377 1364 1409 maculosus,
1379 1376 1422 1403 vel
1436 1377 1486 1404 sub
1502 1377 1572 1404 nube
1593 1377 1691 1410 latens,

894 1411 1038 1444 pluvialem
1052 1411 1123 1438 diem
1140 1412 1283 1446 praesagit;
1304 1413 1327 1439 ιι
1351 1412 1463 1445 rubeat,
1491 1413 1643 1446 sincerum;
1668 1415 1693 1442 si

894 1447 1008 1479 paueat.
1027 1451 1248 1480 tempestuosum.
1267 1448 1294 1475 Si
1306 1455 1438 1474 concavus
1455 1448 1577 1481 videtur,
1594 1449 1628 1475 ita
1645 1453 1691 1483 ιιι,

49 1478 125 1510 Un‘de
140 1482 277 1517 proprium
306 1483 395 1510 lumen
415 1491 467 1510 non
493 1483 583 1515 habet,
609 1484 656 1510 sed
680 1485 706 1510 in
731 1484 838 1511 modum
855 1488 876 1519 C
894 1482 919 1507 in
936 1483 1024 1509 medio
1039 1482 1159 1518 fulgens,
1184 1483 1272 1510 radios
1285 1483 1318 1509 ad
1334 1488 1455 1510 austrum
1480 1483 1599 1515 emittat.
1618 1489 1692 1511 tem-

893 1522 1025 1551 pestatem
1050 1518 1184 1545 lintnidatn
1201 1523 1227 1545 et
1242 1524 1379 1545 ventosam
1396 1519 1560 1552 praesignat;
1587 1520 1609 1546 si
1635 1520 1691 1554 pai-

891 1553 962 1579 lidus
978 1554 1003 1580 in
1016 1553 1104 1587 nigras
1120 1553 1204 1580 nubes
1215 1553 1331 1585 occidat,
1348 1553 1480 1588 aquilonis
1495 1560 1617 1581 ventum.

930 1596 940 1614 t
972 1588 1009 1616 De
1034 1588 1128 1615 Marte.
1145 1602 1180 1608 —
1208 1589 1322 1621 Quintus
1345 1589 1450 1622 planeta
1474 1592 1515 1615 est
1535 1588 1627 1621 Mars,
1643 1590 1690 1624 qni

890 1621 1015 1657 Είευοηα,
1038 1624 1132 1657 globus
1157 1624 1218 1658 igne
1234 1623 1363 1657 set-vidus,
1380 1623 1514 1658 percurrit
1531 1623 1689 1658 signiferum

891 1660 997 1686 duobus
1012 1660 1100 1686 annis-

929 1704 937 1719 t
957 1695 995 1721 De
1020 1694 1095 1721 Jove.
1118 1708 1153 1715 -
1175 1693 1271 1721 Sextus
1294 1694 1396 1728 planeta
1420 1698 1462 1721 est
1490 1694 1612 1729 Jupiter,
1642 1696 1688 1730 qni

892 1729 1010 1764 Epheton
1032 1730 1148 1762 dicitur,
1173 1730 1318 1763 rotundus,
1345 1734 1526 1764 temperatus,
1548 1730 1686 1758 zodiacum

890 1773 1035 1799 peragrans
1053 1773 1092 1792 ιιι
1105 1766 1192 1792 annis.

927 1810 936 1826 t
955 1801 992 1827 De
1012 1800 1138 1828 Saturno.
1153 1815 1188 1820 —
1200 1800 1334 1834 Septimus
1357 1800 1463 1835 planeta
1479 1800 1609 1828 Saturnus
1624 1805 1665 1829 cst
1676 1824 1686 1837 ,

890 1836 934 1870 qni
951 1836 1097 1869 Epltetonta
1111 1837 1219 1867 dieitur.
1240 1836 1349 1870 spiritus
1362 1836 1473 1870 gelidus,
1495 1841 1587 1862 contra
1605 1844 1684 1864 mun-

887 1872 962 1903 dum,
979 1877 1006 1898 ut
1019 1872 1181 1905 superiores,
1197 1871 1340 1905 gradiens.
1365 1871 1520 1906 signiferum
1537 1878 1589 1898 xxx
1603 1873 1684 1900 annia

889 1914 1058 1940 percurrens.
1072 1906 1099 1933 ln
1115 1910 1175 1933 ortu
1188 1907 1295 1934 Saturni
1312 1911 1372 1940 post
1385 1914 1438 1933 xxx
1453 1914 1539 1933 annos
1553 1908 1596 1940 qui
1613 1908 1682 1934 ima-

887 1943 975 1975 ginem
992 1942 1026 1968 de
1039 1949 1101 1969 aere
1115 1941 1250 1974 funderet,
1269 1942 1407 1976 loquieatn
1420 1949 1481 1968 cum
1498 1942 1606 1969 homine
1622 1950 1684 1976 pro·

888 1978 973 2003 batet.
989 1978 1090 2004 Omnes
1101 1983 1190 2004 autem
1206 1982 1266 2012 post
1282 1984 1373 2004 nxxxn
1387 1984 1472 2004 annos
1491 1977 1606 2004 circulos
1620 1985 1683 2005 suos

906 2019 951 2038 era
971 2018 1021 2039 rat.

887 2020 904 2046 p
927 2057 936 2072 t
952 2019 1042 2074 '‘lg‘erroe
1056 2052 1149 2075 centro
1162 2047 1268 2075 absides
1281 2047 1458 2081 planetarum.
1473 2047 1499 2074 id
1511 2051 1562 2080 est.
1577 2048 1682 2082 circuli,

887 2083 1023 2110 altissimae
1039 2089 1119 2110 snnt:
1146 2083 1260 2110 Saturno
1286 2085 1311 2109 in
1327 2083 1490 2116 Scorpione,
1506 2083 1565 2110 Jovi
1579 2083 1604 2110 in
1621 2083 1682 2110 Vir-

887 2120 958 2150 gine,
980 2119 1055 2145 Marti
1072 2120 1097 2146 in
1123 2119 1228 2150 Leone,
1255 2118 1310 2145 Soli
1326 2118 1352 2145 in
1369 2117 1503 2150 Geminis,
1530 2117 1627 2145 Veneri
1653 2119 1680 2146 in

888 2153 1042 2188 s..gntari0,
1056 2154 1188 2181 Mercurio
1204 2154 1230 2180 in
1245 2153 1418 2188 Capricorno.
1446 2153 1527 2181 Lunae
1549 2153 1574 2180 in
1596 2153 1682 2182 ariete

81 2194 90 2211 ι
107 2187 179 2214 Luna
194 2194 228 2220 tv,
244 2187 266 2214 si
277 2187 388 2222 rubeat,
411 2189 487 2222 quasi
502 2196 608 2222 aurum,
631 2195 727 2217 ventos
739 2196 831 2218 osten·
848 2175 876 2204 D
888 2188 982 2215 mediis
997 2190 1085 2215 ovium
1102 2189 1236 2223 partibus,
1262 2195 1289 2215 et
1305 2196 1320 2215 e
1335 2189 1472 2216 contrario
1486 2197 1501 2216 a
1522 2193 1601 2215 terrae
1614 2196 1681 2216 cen-

887 2227 930 2250 tro
944 2224 1098 2252 bumitlimae
1125 2229 1204 2258 atque
1229 2224 1370 2258 proximae.
1397 2224 1467 2251 Suus
1487 2224 1583 2258 cuique
1606 2224 1681 2252 color

887 2265 947 2286 cst:
964 2260 1080 2287 Saturno
1093 2260 1238 2290 candidus,
1258 2259 1317 2286 lovi
1343 2259 1448 2292 clarus,
1466 2259 1541 2286 Marti
1565 2259 1657 2293 igneus
1669 2279 1678 2293 ,

886 2295 1010 2322 Lucifero
1033 2295 1154 2325 candem,
1173 2295 1289 2329 Vespero
1309 2295 1459 2329 refulgens,
1483 2294 1615 2321 Mercurio
1637 2301 1681 2321 ra-

885 2330 972 2362 dtans,
990 2331 1071 2358 Lunae
1088 2331 1212 2362 blandus,
1228 2331 1282 2357 Soli
1296 2330 1405 2356 ardens.
1592 2363 1598 2368 .

923 2375 933 2392 ι
949 2366 1083 2393 Mutantur
1103 2370 1191 2392 autem
1206 2367 1312 2392 coiores
1332 2364 1487 2399 propinquis
1505 2363 1613 2391 cit-culta
1628 2370 1677 2391 na-

884 2405 960 2433 tura;
978 2401 1097 2435 frigidior
1111 2402 1137 2427 itt
1154 2401 1281 2434 pallorem
1295 2420 1303 2432 ‚
1328 2400 1466 2426 ardentior
1481 2399 1507 2425 in
1528 2399 1655 2438 ruborem
1667 2419 1677 2433 ,

883 2441 1010 2464 ventosus
1026 2438 1051 2463 in
1072 2438 1227 2467 horrorem,
1241 2439 1320 2468 atque
1335 2435 1360 2461 in
1374 2434 1575 2462 obscuritatem.
1588 2434 1677 2468 Signi·

884 2474 940 2504 t'er.
958 2474 983 2499 id
1006 2477 1069 2503 cst,
1094 2471 1209 2498 circulus
1225 2478 1263 2497 xtt
1278 2472 1414 2504 signorum
1437 2469 1563 2496 dividitur
1590 2471 1615 2495 in
1640 2477 1678 2497 ιιι

885 2514 972 2542 pariet
985 2514 1031 2542 per
1047 2507 1126 2533 latus.
1147 2506 1203 2532 Sui)
1218 2505 1259 2533 lits
1281 2504 1403 2532 teruntur
1423 2512 1458 2531 vn
1483 2505 1606 2545 planetae:
1632 2505 1678 2532 Sol

882 2545 933 2570 sut)
948 2543 1042 2569 inediis
1062 2546 1165 2568 tantum
1179 2541 1292 2568 duabus.
1307 2540 1380 2567 Luna
1397 2547 1445 2575 per
1464 2545 1547 2567 totam
1560 2541 1678 2567 tauttnli-

883 2586 954 2605 nem.
980 2577 1069 2604 Venus
1084 2576 1217 2603 exredens
1236 2583 1296 2603 cum
1311 2576 1382 2603 binis
1402 2576 1521 2610 partibus
1534 2575 1635 2602 duabus
1650 2575 1677 2603 in

883 2613 973 2640 medio
987 2620 1012 2639 tv
1028 2619 1109 2647 supra
1121 2611 1225 2638 duabus
1240 2611 1266 2638 in
1280 2615 1365 2639 terra.
1382 2611 1451 2638 Mara
1466 2611 1517 2638 sub
1529 2618 1555 2638 tv
1569 2611 1675 2638 mediis.

882 2649 989 2683 Jupiter
1004 2647 1054 2674 snb
1070 2647 1167 2679 medua.
1183 2650 1211 2673 et
1225 2653 1306 2680 supra
1327 2654 1386 2674 eam
1409 2647 1523 2674 duabus.
1544 2646 1677 2674 Saturnus

881 2685 933 2711 sub
949 2684 1051 2710 duabus
1076 2682 1190 2715 mediis,
1212 2685 1242 2708 ιιι
1259 2682 1310 2708 sol.

921 2728 931 2744 ι
950 2719 980 2746 tii
996 2722 1097 2751 septem
1120 2717 1200 2744 orbes
1213 2724 1273 2744 cum
1296 2717 1433 2747 dulcisona
1455 2717 1592 2744 inarmonia
1618 2716 1677 2744 vol-

881 2758 978 2782 vuntur
990 2774 997 2785 ‚
1021 2761 1051 2780 ac
1074 2753 1223 2784 suavissimi
1243 2757 1389 2780 concentus
1410 2759 1503 2780 eornm
1517 2751 1676 2784 circuitione

881 2790 1047 2817 el'ticiuntur.
1073 2787 1124 2820 Qui
1148 2795 1231 2815 sonus
1250 2787 1311 2815 ideo
1336 2790 1369 2815 atl
1390 2792 1497 2816 nostras
1522 2795 1600 2815 aure·
1622 2794 1675 2816 non

881 2824 1014 2860 pervenit,
1029 2823 1091 2858 qnia
1110 2822 1178 2851 ultra
1193 2830 1273 2851 aum
1287 2823 1327 2858 tit,
1339 2827 1367 2852 et
1380 2823 1438 2859 ejus
1452 2823 1607 2860 magnitudo
1624 2829 1676 2853 ιιο-
