1832 3016
177 122 246 150 ¹195

174 217 234 244 dem
250 220 369 241 amarum
394 211 559 245 purgationis
579 213 703 246 poculum
727 215 877 248 sumimus,
893 216 961 243 certi

174 256 262 278 autem
283 248 316 274 de
331 247 504 281 subsequenti
517 246 602 274 salute
625 249 785 283 gaudemus.
808 250 873 283 Quia
890 250 962 279 enim

141 286 145 296 ’-
174 284 313 320 pervenire
323 289 421 316 corpus
435 282 515 309 aliter
524 282 559 309 ad
575 283 689 311 salutem
702 292 753 311 nou
765 285 846 317 valet,
859 285 885 312 in
897 290 962 320 potu

172 321 251 347 etiam
267 318 330 344 libet
346 317 416 350 quod
433 317 523 345 taedet.
539 317 660 352 Cumque
679 320 851 348 amaritudini
873 321 962 349 inesse

171 357 251 380 vitam
264 353 370 380 animus
392 353 534 386 conspicit,
552 361 669 381 moerore
685 355 808 382 turbatus
821 356 962 384 hilarescit

171 390 260 424 (Greq.
277 387 373 414 Mor-at.
391 396 465 420 xxxi,
482 397 504 414 c.
524 388 580 422 55).

203 425 230 452 t.
256 424 321 450 Cum
343 428 447 455 tempus
464 423 524 449 vitae
543 431 558 450 a
580 424 671 452 divina
687 425 764 453 nobis
789 428 959 460 praescientia

169 461 204 487 sit
219 459 311 494 procul
336 458 417 484 dubio
442 459 580 492 praetixum
592 480 599 491 ,
620 462 793 493 quaerendum
818 463 895 490 valde
919 468 961 491 est

168 503 220 529 qua
240 494 343 521 ratione
359 501 429 520 nunc
444 493 509 520 dicit
525 496 595 527 quod
611 495 695 530 iniqui
713 504 745 523 ex
760 498 885 531 prmsenti
910 507 960 526 sae-

167 531 228 557 culo
240 534 303 556 ante
321 535 425 563 tempus
441 530 577 563 proprium
600 530 813 559 subtrahuntur?
829 533 958 568 Omnipo-

167 570 224 592 tens
242 565 321 597 Deus,
338 565 388 592 etsi
406 566 562 600 plerumque
584 571 668 594 mutat
684 568 854 600 seutentiam,
871 570 960 596 consi-

165 599 230 627 lium
244 607 390 634 nunquam.
407 600 446 627 Eo
460 608 525 635 ergo
540 605 658 634 tempore
673 610 706 629 ex
720 603 769 630 bac
780 603 832 629 vita
847 605 960 638 quisque

165 635 343 667 subtrahitur,
355 642 408 670 quo
418 643 450 662 ex
465 636 554 662 divina
568 638 684 669 potentia
697 642 758 666 ante
770 642 875 672 tempus
893 648 960 674 prat-

164 672 256 697 scitur.
273 671 324 698 Sed
345 671 482 697 sciendum
506 671 576 705 quod
597 679 692 699 creans
714 678 740 700 et
759 673 887 700 ordinans
910 684 960 703 nos

164 707 334 735 omnipotens
346 706 428 738 Deus,
438 706 511 739 Juxta
524 707 690 741 singulorum
701 709 794 741 merita
806 709 922 743 disponit
933 716 960 738 et

164 742 317 773 tet-minum,
334 745 362 768 ut
378 742 418 767 vel
431 742 516 768 malus
529 742 574 769 ille
589 742 707 771 breviter
722 744 804 775 vivat,
821 752 854 771 ne
869 745 960 774 multis

163 778 231 804 bene
245 777 384 809 agentibus
397 781 502 808 noceat,
521 777 560 804 vel
575 778 661 806 bonus
684 779 734 806 iste
753 779 853 807 diutius
868 780 893 806 in
910 781 960 809 hac

162 813 215 839 vita
232 813 371 846 subsistat,
387 817 414 839 ut
428 812 519 839 multis
534 813 596 840 boni
616 814 706 848 operis
729 815 836 848 adjutor
850 815 957 850 existat,

568 121 614 149 AD
633 123 660 151 S.
682 123 805 152 tstoosst
825 123 1044 156 tttst’tmttsts
1059 126 1174 157 OPERA
1194 130 1415 161 APPENDICES.

175 182 224 209 bos
238 184 375 212 aeorpore
393 177 632 216 nostro-repellere
651 180 784 212 cupimus,
801 179 893 206 tristes
902 180 961 214 qui·
974 180 1001 211 A
1012 187 1072 209 esse
1094 183 1284 214 abstinentiam
1312 187 1370 215 sine
1394 188 1536 217 concordia
1561 189 1732 255 destlgnans,4
1740 192 1780 221 ait
1791 201 1803 222 ε

1626 245 1634 253 .
1657 234 1701 260 ct..

1733 136 1801 169 {¹06

1013 214 1127 245 Laudare
1140 228 1199 247 eum
1218 221 1245 248 iu
1265 225 1387 257 tympano
1410 227 1433 251 et
1447 223 1526 251 choro
1547 224 1613 260 (Pru
1734 226 1756 262 ).
1770 225 1804 257 ln
1818 255 1819 258 ,

1013 254 1139 286 tympano
1153 255 1225 283 enim
1241 257 1342 284 corium
1361 257 1460 285 siccum
1476 265 1594 292 resonat,
1609 260 1636 288 in
1657 261 1740 290 choro
1754 270 1802 290 nu·

1013 288 1066 313 tem
1082 295 1161 316 voces
1175 291 1345 319 concorditer
1361 298 1478 321 cantant.
1493 294 1561 328 Quid
1583 303 1647 330 ergo
1661 304 1708 330 per
1729 301 1802 332 tym-

1013 328 1121 363 panum,
1142 324 1192 352 nisi
1217 326 1396 360 abstinentia;
1412 328 1515 363 etquid
1539 337 1586 363 per
1612 329 1735 364 chorum,
1750 331 1803 362 nisi

1012 356 1149 398 charitatis
1163 360 1306 389 concordia
1322 362 1494 394 designatur?
1505 365 1555 397 Qui
1567 365 1656 399 itaque
1667 367 1706 394 sic
1719 366 1804 394 absti-

1012 397 1129 419 nentiam
1146 398 1228 427 tenet.
1243 400 1270 422 ιιι
1280 397 1451 426 concordiam
1465 399 1582 431 deserat,
1596 400 1686 428 laudat
1695 401 1802 436 quidem

1012 425 1096 468 Deum
1110 429 1136 455 in
1151 433 1288 464 tympano,
1297 431 1344 459 sed
1355 440 1408 460 non
1422 433 1511 462 laudat
1523 435 1550 461 in
1565 435 1658 463 choro.
1671 435 1717 463 Sic
1730 437 1803 464 enim

1011 461 1155 497 abstinere,
1170 465 1212 492 vel
1226 465 1348 499 jejunare
1359 473 1474 501 oportet,
1486 474 1515 496 ut
1527 477 1579 497 non
1592 477 1642 497 nos
1651 470 1802 506 jejunandi,

1011 497 1219 537 vel'abstinendi
1234 501 1385 528 necessitati
1400 504 1558 536 subdamus,
1575 513 1607 532 ne
1621 513 1674 532 non
1686 505 1742 540 jam
1757 506 1804 533 de-

1012 536 1077 564 voti,
1092 535 1145 572 sed
1161 535 1237 562 inviti
1253 543 1309 563 rem
1326 536 1502 566 voluntariam
1524 539 1662 567 faciamus.
1688 541 1716 568 Si
1732 541 1803 568 enim

1011 568 1146 600 quoslibet
1170 570 1351 604 advenientes,
1376 571 1479 606 jejunio
1502 574 1670 608 intermisso,
1698 575 1801 608 reficio,

1011 609 1064 629 non
1081 604 1155 631 solvo
1165 605 1308 639 jejunium,
1330 605 1378 633 sed
1402 608 1499 640 impleo
1521 609 1658 636 charitatis
1672 610 1801 637 osticium.

1012 637 1143 666 Caeterum
1159 640 1182 666 si
1201 646 1309 674 propter
1324 641 1512 670 abstinentiam
1526 644 1677 678 spirituales
1703 645 1804 673 fructus

1011 671 1103 707 [Forte
1117 674 1234 710 tratres]‚
1254 683 1321 710 quos
1335 677 1397 704 novi
1411 684 1471 704 mea
1491 679 1649 706 remissione
1663 679 1803 712 delecter-i,

1011 709 1150 743 contristo,
1162 710 1323 737 abstinentia
1336 719 1395 738 mea
1405 719 1458 739 non
1469 717 1510 740 est
1522 713 1607 742 virtus
1623 713 1745 748 dicenda,
1756 715 1804 743 sed

1012 743 1103 770 vitium
1116 764 1123 776 ,
1146 746 1207 779 quia
1234 746 1404 774 abstinentia}
1426 748 1608 783 continuatio,
1635 749 1686 776 nisi
1713 749 1803 782 fuerit,

1011 779 1118 812 quando
1138 787 1183 808 res
1197 781 1278 815 exigit
1295 782 1487 816 praetermissa,
1501 789 1528 811 et
1549 791 1592 811 me
1606 784 1691 818 inflat,
1708 790 1735 812 et
1749 785 1804 812 tra-

1013 818 1079 840 trem
1095 823 1197 848 meum,
1208 817 1250 843 cui
1263 816 1380 844 ebaritas
1392 817 1478 852 juvet,
1504 819 1656 853 contristat,
1677 820 1717 847 vel
1731 824 1804 849 certe

163 852 189 874 ut
211 856 315 874 rursum
333 848 419 874 nialus
434 847 538 882 longius
558 849 699 876 differatur
713 850 740 876 in
753 850 818 883 vita,
834 855 862 876 ut
877 858 959 884 prava
974 854 999 884 Β
1012 849 1077 875 nihil
1093 851 1156 876 milii
1173 851 1261 878 inesse
1274 851 1399 879 fraternae
1414 853 1552 881 charitatis
1567 854 1742 882 demonstrat.

162 883 249 910 adhuc
269 891 350 917 opera
366 887 472 916 augeat.
492 883 532 909 Ex
549 891 661 917 quorum
684 885 832 912 tentatione
853 888 955 921 purgati

160 918 222 953 justi
236 919 325 946 verius
338 918 443 949 vivant;
461 918 502 944 vel
519 919 604 945 bonus
624 920 703 947 citius
718 920 903 953 subtrahatur,
922 931 955 950 ne

160 954 182 980 si
194 954 236 980 bie
252 954 296 980 diu
313 953 419 985 vixerit,
440 953 499 987 ejus
514 954 695 982 innocentiam
719 957 818 982 matitia
832 963 954 984 corrum-

161 994 215 1022 pat.
231 989 359 1022 Quamvis
373 988 543 1022 omnipotens
565 990 635 1016 Deus
653 990 716 1017 illud
732 996 836 1024 tempus
861 993 955 1019 unius-

159 1023 288 1058 cujusque
303 1024 336 1050 ad
350 1028 464 1050 mortem
478 1025 611 1057 praesciat‚
626 1034 679 1059 quo
689 1025 746 1059 ejus
757 1026 810 1052 vita
827 1030 955 1054 termina-

160 1063 212 1090 tur,
229 1066 279 1085 nec
294 1059 347 1085 alio
360 1059 385 1085 in
400 1063 521 1092 tempore
534 1061 675 1093 quisquam
701 1061 769 1087 mori
787 1065 886 1094 potest,
903 1062 954 1090 nisi

159 1094 216 1127 ipso
230 1102 282 1127 qno
299 1095 374 1119 inor*
398 1102 420 1120 r.
435 1094 501 1120 Nam
516 1095 538 1121 si
554 1095 675 1122 Ezechiae
688 1095 751 1122 anni
767 1096 849 1122 additi
865 1098 897 1123 ad
912 1098 954 1124 vi-

159 1134 211 1155 tam
224 1129 374 1162 quindecim
389 1133 581 1162 memorantur,
594 1135 699 1165 tempus
710 1131 816 1165 quidem
826 1132 888 1159 vitae
896 1140 955 1160 cre-

159 1165 192 1190 vit
211 1165 244 1191 ab
261 1165 306 1191 illo
325 1165 442 1192 termino
465 1172 519 1199 quo
538 1166 605 1193 mori
629 1166 686 1200 ipse
707 1167 870 1194 merebatur.
887 1168 953 1195 Nam

160 1200 250 1226 divina
262 1200 403 1234 dispositio
416 1200 474 1234 ejus
486 1205 591 1235 tempus
606 1206 670 1228 tuuc
682 1203 807 1235 praesciit,
818 1210 870 1236 quo
883 1203 955 1231 hunc

162 1236 331 1269 postmodum
344 1243 376 1262 ex
395 1236 521 1270 praesenti
537 1238 588 1263 vita
605 1237 746 1264 subtraxit.
762 1237 828 1264 Cum
842 1245 906 1272 ergo
917 1239 953 1266 ita

160 1271 205 1304 sit,
219 1271 281 1304 quid
294 1271 412 1304 estquod
425 1271 533 1303 dicitur,
545 1272 606 1306 quia
618 1273 699 1306 iniqui
710 1273 808 1299 sublati
819 1279 881 1300 sunt
891 1278 954 1301 ante

159 1311 264 1340 tempus
278 1313 367 1338 suum,
382 1307 431 1333 nisi
448 1307 518 1340 qnod
533 1309 620 1334 omnis
634 1308 678 1342 qui
695 1313 855 1342 praesentem
871 1310 954 1336 vitam

158 1341 243 1373 diligit
259 1342 377 1375 longiora
393 1342 444 1368 sibi
467 1342 587 1375 ejusdem
603 1344 664 1370 vitae
677 1344 761 1377 spatia
778 1344 953 1377 promittunt?

157 1376 208 1403 Sed
225 1383 284 1402 cum
298 1383 345 1403 eos
360 1384 432 1403 mors
448 1378 639 1411 superveniens
653 1386 667 1404 a
683 1379 807 1411 praesenti
825 1379 879 1406 vita
891 1380 954 1406 sub-

158 1411 250 1444 traxit,
266 1419 358 1438 eorum
372 1412 434 1438 vitae
448 1413 545 1445 spatia,
561 1421 621 1446 quae
635 1413 685 1439 sibi
702 1414 820 1446 longiora
836 1415 911 1448 quasi
927 1415 953 1441 in

157 1447 316 1481 cogitatione
332 1447 442 1474 tendere
456 1453 662 1482 consueverant,
677 1448 823 1475 intercidit.

192 1482 313 1514 eapituta
337 1482 389 1508 ntia
404 1481 605 1509 Sententiarum.
622 1496 656 1503 —
672 1484 698 1509 l.
723 1483 793 1515 Quid
816 1488 857 1510 est
879 1484 953 1518 quod

1046 883 1073 910 5.
1088 886 1218 919 Superbia
1228 893 1269 913 est
1280 887 1383 914 initium
1394 889 1481 915 omnis
1492 889 1804 924 peccati;concupiscen-

1009 919 1043 946 tia
1058 927 1121 946 vero
1135 928 1213 954 poena
1226 922 1343 955 peccati;
1355 927 1382 950 et
1396 923 1455 950 ideo
1474 931 1527 950 non
1544 929 1631 958 potest
1645 925 1722 952 aliter
1734 925 1804 953 vinci

1008 956 1222 989 concupiscentia
1235 957 1339 991 vitiosa,
1352 957 1401 984 nisi
1411 959 1484 991 prius
1498 963 1623 987 caveatur
1637 967 1684 994 per
1698 960 1804 987 humili-

1008 991 1070 1017 tatis
1081 991 1205 1017 virtutem
1217 993 1353 1026 superbia,
1365 1000 1425 1027 quae
1435 993 1494 1027 ejus
1503 999 1544 1021 est
1553 994 1670 1022 inimica.
1682 995 1802 1030 Superba

1008 1025 1132 1052 voluutas
1145 1027 1209 1052 l'acit
1221 1027 1267 1052 Dei
1286 1033 1420 1061 praecepta
1431 1029 1577 1062 contemni,
1593 1029 1728 1058 humilitas
1740 1038 1803 1058 vero

1008 1061 1147 1086 custodiri.
1163 1061 1294 1094 Superbia
1308 1063 1388 1097 282
1408 1070 1441 1089 ex
1460 1064 1563 1097 angelis
1577 1064 1713 1092 daemones
1727 1066 1801 1098 tecit,

1007 1094 1146 1122 humilitas
1159 1095 1282 1123 homines
1297 1103 1398 1125 sanctis
1412 1098 1516 1133 angelis
1525 1099 1627 1127 similes
1642 1100 1739 1127 reddit.
1754 1100 1803 1129 ttta

1008 1130 1123 1157 rebelles
1136 1130 1244 1158 diabolo
1256 1131 1378 1160 subditos
1393 1132 1467 1167 lacit,
1485 1133 1541 1160 haec
1560 1134 1673 1161 humiles
1696 1135 1803 1163 Christo

1007 1165 1157 1200 conjungit.
1181 1166 1293 1200 Superbi
1311 1167 1421 1200 cupiunt
1441 1168 1467 1195 in
1481 1176 1511 1195 se
1534 1169 1605 1203 quod
1627 1177 1679 1196 non
1703 1170 1802 1199 faciunt

1007 1200 1159 1234 praedicari,
1175 1201 1289 1228 humiles
1312 1202 1447 1237 refugiunt
1462 1204 1590 1238 quidquid
1606 1204 1667 1232 boni
1687 1212 1802 1239 operan-

1007 1239 1050 1261 tur
1062 1237 1180 1269 agnosci.
1198 1236 1235 1263 illi
1249 1237 1314 1263 vitia
1335 1238 1439 1272 propria
1455 1246 1470 1264 a
1485 1246 1514 1265 se
1528 1239 1669 1267 alienando
1691 1248 1797 1274 perver-

1008 1270 1088 1297 sitate
1104 1278 1159 1298 sua}
1171 1273 1315 1299 voluntatis
1334 1279 1472 1306 excusant,
1487 1278 1514 1300 et
1525 1274 1591 1301 bona
1605 1282 1652 1301 sua
1665 1276 1719 1302 suis
1735 1275 1800 1303 viri·

1007 1305 1057 1332 bus
1076 1305 1230 1339 deputando
1253 1307 1412 1341 semetipsos
1436 1309 1548 1343 turpiter
1568 1310 1684 1343 jactant,
1711 1311 1752 1338 isti
1776 1311 1800 1338 si

1007 1348 1058 1374 qua
1076 1346 1183 1374 peccata
1207 1342 1403 1376 commiserint,
1420 1344 1573 1371 voluntarie
1593 1346 1743 1372 contitendo
1757 1353 1799 1374 se-

1007 1377 1136 1409 metipsos
1149 1381 1287 1409 accusant,
1303 1382 1329 1405 et
1343 1379 1432 1404 omnia
1453 1378 1522 1405 bona
1535 1387 1581 1406 sua
1593 1379 1683 1407 divino
1696 1381 1799 1409 muneri

1006 1410 1159 1444 deputando
1169 1432 1175 1443 ,
1204 1411 1287 1438 Deum
1311 1413 1411 1446 Jugiter
1438 1413 1556 1440 laudant.
1582 1414 1750 1449 Quapropter
1773 1416 1796 1442 si

968 1449 974 1453 ·
1006 1445 1089 1472 virtus
1105 1453 1157 1473 non
1174 1446 1274 1472 habitat
1289 1447 1315 1474 in
1331 1446 1421 1473 animo
1437 1447 1545 1482 vitioso,
1560 1450 1684 1482 superbia
1705 1450 1797 1477 humi-

1007 1479 1090 1506 litatis
1105 1488 1155 1507 non
1169 1481 1374 1516 ceditimperio,
1391 1483 1460 1522 quia⁸
1472 1490 1523 1510 non
1540 1484 1636 1518 poterit
1658 1491 1734 1512 mens
1750 1493 1795 1512 re-

156 1523 248 1544 saucta
264 1517 383 1543 Ecclesia
409 1518 531 1544 nostibus
553 1519 626 1549 suis,
652 1523 680 1545 nt
703 1523 852 1545 castrorum
867 1521 951 1553 acies,
966 1526 992 1559 0
1007 1522 1087 1554 gnum
1101 1515 1199 1543 habere
1223 1517 1359 1547 virtutum.
1381 1525 1434 1543 nist
1450 1525 1543 1552 Jugutn
1559 1520 1708 1546 excusserit
1725 1521 1798 1552 prius

155 1559 195 1581 est
209 1553 344 1579 timenda?
359 1553 416 1579 Non
431 1554 501 1579 enim
516 1560 529 1578 a
546 1560 642 1587 niagno
659 1553 794 1580 intellectu
811 1559 888 1580 vacat
900 1555 950 1582 ista

155 1588 330 1621 comparatio,
355 1592 382 1614 et
397 1588 496 1614 idcirco
512 1589 591 1623 281
607 1593 648 1615 est
662 1588 796 1615 subtiliter
810 1589 947 1617 intuenda.

156 1624 272 1654 Scimus.
289 1627 316 1649 et
332 1627 447 1654 constat,
464 1623 525 1656 quia
542 1629 690 1650 castrorum
704 1624 775 1650 acies
791 1628 853 1650 tunc
865 1625 951 1653 hosti-

155 1660 205 1686 bus
220 1659 275 1686 suis
293 1658 420 1685 terribilis
434 1659 595 1691 ostenditur,
612 1658 718 1692 quando
742 1659 776 1685 ita
794 1658 874 1686 suerit
884 1668 950 1687 con-

154 1695 261 1728 stipata,
277 1698 356 1727 atque
371 1693 499 1724 densata,
523 1694 593 1720 utin
618 1694 693 1720 nullo
718 1694 775 1720 loco
800 1695 949 1729 interrupta

156 1730 287 1757 videatur.
305 1729 369 1756 Nam
381 1730 403 1756 si
419 1730 454 1756 ita
470 1730 628 1764 disponitur,
645 1735 674 1756 ut
686 1729 759 1756 locus
775 1737 886 1762 vacuus,
902 1739 949 1765 per

155 1773 233 1799 quem
251 1765 335 1791 hostis
351 1765 434 1798 possit
457 1765 568 1799 ingredi,
580 1765 739 1797 dimittatur,
758 1764 879 1798 profecto
890 1766 947 1800 jam

154 1802 209 1828 suis
235 1801 357 1827 hostibus
381 1800 507 1827 terribilis
528 1808 580 1827 non
605 1805 656 1827 est.
682 1801 714 1826 Et
729 1807 778 1827 nos
793 1807 867 1834 ergo,
885 1809 947 1828 cum

155 1841 247 1862 contra
276 1836 405 1869 malignos
428 1836 536 1869 spiritns
565 1836 590 1862 in
617 1835 764 1869 spiritualis
790 1837 948 1865 certaminis

155 1872 239 1898 aciem
253 1872 387 1904 ponimur,
402 1878 571 1905 summopere
592 1878 701 1898 necesse
716 1875 758 1896 est
774 1874 801 1896 ut
818 1878 865 1904 per
878 1872 947 1898 cha-

155 1906 260 1933 ritatem
272 1913 377 1940 semper
391 1906 456 1932 uniti
468 1924 475 1938 ‚
501 1911 580 1940 atque
600 1906 748 1938 constricti,
768 1910 795 1932 et
810 1914 946 1939 nunquam

155 1942 294 1974 interrupti
309 1949 354 1975 per
374 1941 531 1968 discordiam
547 1942 724 1968 inveniamur.
740 1941 806 1973 Quia
820 1943 948 1974 quaetibet

154 1978 222 2004 bona
238 1977 264 2003 in
280 1977 357 2003 nobis
380 1983 460 2010 opera
485 1977 593 2008 suerint,
618 1976 640 2003 si
655 1977 773 2003 enai-itas
797 1977 876 2008 desit,
900 1985 947 2010 per

155 2014 253 2040 malum
269 2012 409 2038 discordi-te
421 2011 495 2038 locus
520 2012 638 2046 aperitur
652 2011 678 2038 in
693 2011 760 2043 acie,
777 2012 846 2038 unde
859 2012 892 2038 ad
907 2012 946 2039 te·

155 2048 261 2074 riendos
278 2055 326 2074 nos
350 2048 438 2074 valeat
449 2048 532 2074 nostis
548 2048 657 2074 intrare.
674 2047 804 2079 Antiquos
818 2054 882 2073 vero
897 2047 947 2075 ini-

155 2084 240 2110 micos
261 2084 410 2109 castitatem
434 2083 459 2108 in
474 2082 561 2115 nobis,
577 2082 600 2109 si
619 2083 677 2109 sine
701 2083 833 2109 charitate
853 2081 944 2115 suerit,

155 2125 207 2144 non
225 2118 310 2149 timet,
322 2119 382 2151 qnia
400 2118 455 2150 ipse
477 2126 525 2144 uec
546 2125 626 2145 carue
647 2119 786 2151 premitur,
802 2118 869 2144 utin
887 2118 947 2152 ejus

155 2153 257 2179 luxuria
283 2153 452 2178 dissolvatur.
481 2153 675 2179 Abstinentiam
702 2160 756 2178 non
781 2152 866 2184 timet,
883 2153 946 2186 quia

155 2187 211 2221 ipse
226 2187 286 2213 cibo
302 2194 353 2212 non
368 2187 459 2218 utitur,
474 2187 518 2221 qui
533 2188 691 2214 necessitate
702 2188 821 2221 corporis
835 2194 887 2214 non
900 2195 945 2214 ur-

1007 1555 1143 1578 vitiorum.
1159 1551 1232 1578 Tunc
1246 1552 1322 1578 enim
1338 1551 1400 1578 vitia
1415 1552 1529 1580 lidcltter
1543 1561 1575 1580 ex
1591 1558 1698 1587 pectore
1710 1555 1797 1583 disce-

1003 1584 1079 1617 dunt,
1102 1586 1124 1612 si
1142 1587 1283 1613 virtutibus
1298 1586 1410 1616 cedant:
1427 1587 1544 1622 alioquin
1557 1590 1596 1615 vel
1612 1589 1797 1619 subsiduntad

1004 1624 1108 1654 tempus
1123 1621 1220 1655 ejecta,
1237 1621 1277 1649 vel
1291 1622 1413 1655 redeunt,
1435 1623 1486 1649 nisi
1501 1623 1612 1651 virtutes
1627 1623 1653 1650 in
1663 1625 1740 1665 ‘locis
1756 1625 1796 1653 vi-

1002 1655 1100 1682 tiorum
1115 1664 1174 1690 qnae
1188 1655 1293 1683 luerunt
1302 1657 1412 1690 depulsa
1424 1659 1600 1686 successerint
1613 1658 1693 1694 (Vide
1707 1668 1794 1696 supra,

1002 1699 1025 1717 c.
1040 1691 1086 1724 ⁹20,
1101 1696 1124 1718 et
1138 1690 1236 1718 Isidori
1250 1691 1268 1717 l.
1286 1699 1303 1718 n
1321 1692 1408 1724 Sene„
1425 1700 1448 1719 c.
1464 1693 1519 1728 58).

1037 1726 1064 1752 4.
1081 1728 1247 1760 Quapropter
1262 1728 1346 1761 pietas
1360 1727 1387 1753 in
1404 1727 1479 1755 uobis
1498 1728 1650 1756 crudelitati
1675 1731 1794 1764 resistat,

1002 1761 1069 1789 iram
1091 1763 1216 1796 patientia
1231 1762 1341 1788 fundata
1365 1767 1500 1795 coerceat,
1517 1764 1643 1798 pudicitia
1658 1765 1794 1794 libidinem

1001 1797 1101 1829 vincat,
1118 1798 1318 1824 animositatem
1336 1797 1516 1832 tranquillitas
1539 1798 1623 1832 tollat,
1646 1801 1793 1828 verbosita-

1002 1836 1055 1859 tem
1069 1832 1236 1859 taciturnitas
1251 1833 1387 1859 moderata
1410 1838 1571 1867 compescat,
1588 1834 1722 1862 desideria
1735 1843 1794 1864 car-

1000 1867 1069 1893 nalia
1094 1867 1236 1894 delectatio
1263 1868 1408 1902 spiritualis
1436 1867 1576 1896 imminuat
1586 1889 1595 1903 ,
1623 1871 1794 1900 abstineutiae
1826 1893 1832 1896 Α

999 1902 1072 1935 rigor
1100 1903 1208 1929 aculeos
1234 1904 1323 1929 carnis
1346 1903 1486 1936 obtundat,
1509 1904 1656 1932 curiositati
1676 1906 1793 1935 studium
1830 1913 1832 1922 ⁴

998 1937 1137 1971 spirituale
1152 1938 1291 1970 succedat,
1313 1938 1451 1965 sobrietati
1473 1938 1550 1966 cedat
1564 1940 1690 1973 ebrietas,
1715 1949 1792 1969 uian—

999 1972 1135 2000 suetudini
1159 1973 1317 2000 succumbat
1331 1973 1497 2006 immanitas,
1521 1974 1676 2003 dominetur
1690 1976 1792 2005 levitati

998 2008 1150 2035 maturitas.
1162 2008 1210 2035 Dei
1225 2013 1252 2035 et
1264 2009 1376 2042 proximi
1387 2009 1519 2036 charitate
1531 2015 1681 2044 crescente,
1695 2018 1792 2039 consu·
1822 2015 1827 2018 '

998 2048 1086 2070 matur
1098 2044 1189 2070 mundi
1201 2043 1350 2077 cupiditas;
1367 2043 1492 2072 excludat
1506 2044 1622 2079 parcitas
1631 2046 1700 2081 gutae
1714 2046 1791 2074 luxu·
1815 2050 1824 2055 ⁵

999 2079 1083 2111 riam,
1098 2079 1212 2113 castiget
1233 2079 1373 2107 industria
1394 2079 1481 2106 virtus
1501 2080 1644 2114 ignaviam.
1662 2081 1792 2114 reprimat
1815 2095 1821 2113 ·.

999 2113 1135 2140 humilitas
1151 2121 1211 2140 vera
1226 2114 1385 2148 profundam
1398 2115 1565 2148 jactantiam,
1589 2115 1670 2150 pellat
1683 2116 1790 2150 simpli·
1824 2144 1825 2149 ,

998 2148 1064 2175 citas
1085 2156 1149 2182 pura
1163 2150 1328 2183 superbiam,
1346 2157 1399 2176 non
1419 2149 1549 2183 impediat
1571 2150 1686 2179 varietas
1701 2151 1790 2180 fucata
1813 2153 1821 2174 ἔ

997 2184 1186 2216 constantiam,
1194 2184 1391 2212 emendatiores
1401 2184 1703 2219 augeantdiseiptinam;
1715 2184 1798 2213 tran«
1814 2197 1816 2199 ·

155 2228 239 2257 getur.
259 2221 476 2247 Distributiooem
500 2226 665 2248 terrenarum
684 2230 772 2249 rerum
788 2230 840 2249 non
858 2223 943 2254 timet,
959 2213 986 2242 Ῑ)
997 2223 1042 2253 8³²
1065 2220 1234 2247 clementiam
1250 2220 1373 2254 religiosa
1391 2219 1510 2252 Saevfflai
1525 2226 1553 2247 ⁰¹»
1566 2219 1686 2248 sfflldlffls
1700 2221 1790 2248 effidi-
1815 2245 1818 2254 .

155 2258 177 2284 si
194 2257 279 2284 eidem
293 2257 366 2290 operi
382 2256 500 2282 charitas
520 2257 599 2289 desit,
614 2258 676 2290 quia
687 2257 841 2283 divitiarum
856 2258 945 2284 subsi—

155 2293 206 2319 diis
221 2299 269 2318 nec
289 2291 347 2325 ipse
359 2295 419 2324 eget
431 2291 530 2325 (Greq.,
551 2291 578 2317 in
599 2290 706 2323 Eucti..
730 2291 798 2317 hom.
817 2292 843 2323 8,
861 2300 887 2318 n.
903 2293 943 2326 6).

190 2327 217 2353 2.
234 2326 317 2353 Valde
332 2330 420 2353 autem
435 2327 462 2352 in
475 2327 551 2354 uobis
565 2326 723 2353 charitatem
738 2333 840 2358 veram,
852 2326 877 2352 id
891 2332 943 2360 est,

155 2369 273 2390 amorem
290 2361 427 2392 humilem,
444 2369 522 2395 quem
536 2362 612 2389 nobis
625 2361 741 2388 vicissim
753 2361 942 2400 impendimus,

156 2398 241 2430 timet,
256 2402 282 2424 et
297 2396 374 2423 nimis
389 2397 540 2424 concordiae
555 2400 654 2424 nostrae
671 2396 781 2428 invidet,
798 2403 859 2430 quta
876 2397 943 2424 hanc

156 2441 205 2460 nos
218 2438 339 2459 tenemus
358 2432 385 2458 in
401 2435 482 2465 terra,
497 2439 578 2466 quam
592 2433 649 2466 ipse
668 2435 759 2459 tencre
774 2431 867 2458 notens
877 2432 943 2458 ami-

155 2466 189 2494 ᾗι
206 2469 231 2494 ιιι
258 2468 337 2494 coelO.
361 2467 432 2494 Bene
448 2474 510 2501 ergo
533 2474 601 2494 nunc
624 2467 721 2493 dicitur
735 2474 742 2492 ε
767 2465 896 2493 Terribilis
916 2470 943 2493 ιιι

156 2507 296 2530 castrorum
306 2502 371 2528 actes
381 2502 499 2529 ordinata
512 2501 601 2536 (Cant.
615 2509 653 2535 Vt,
668 2501 708 2537 3).
718 2501 786 2535 Quia
798 2502 942 2530 doctorum

156 2538 337 2565 multitudines
355 2545 388 2564 eo
411 2538 519 2572 maligni
534 2538 643 2571 spiritus
660 2537 864 2571 pertimescunt,
889 2543 942 2571 quo

156 2581 202 2600 eos
217 2581 264 2606 per
281 2572 417 2600 eharitatis
441 2573 612 2600 concordiam
626 2573 743 2599 munitos
759 2576 853 2600 contra
872 2578 903 2599 se
915 2575 943 2600 et

155 2609 330 2643 conglobatos
354 2609 495 2642 aspiciunt.
512 2608 616 2641 Quanta
630 2612 718 2635 autem
732 2607 768 2634 sit
785 2607 942 2648 ‘eomordioe

157 2644 240 2670 virtus
251 2643 411 2675 ostenditur,
427 2650 488 2670 cuni
503 2645 562 2670 stne
578 2642 623 2670 itta
643 2643 754 2677 retiquae
767 2646 877 2670 virtutes
887 2649 940 2683 nott

157 2685 215 2704 esse
226 2683 417 2706 monstrantur,
429 2678 522 2712 Magon
535 2678 604 2704 enim
616 2683 657 2705 est
666 2678 750 2705 virtus
759 2677 939 2711 abstinentiam

156 2713 203 2738 sed
218 2714 240 2739 st
252 2714 311 2747 qui·
333 2713 369 2740 ita
383 2712 419 2740 ab
439 2713 572 2740 alimentis
586 2713 722 2746 abstinet,
741 2718 769 2740 ιιι
788 2717 900 2741 eeteros
911 2711 940 2740 tn

156 2747 216 2774 cibo
228 2747 367 2783 dijudicet,
383 2751 410 2775 et
425 2748 550 2776 alimenta
565 2749 658 2776 eadem
671 2755 731 2784 quoe
753 2748 823 2776 Dens
839 2747 940 2775 mevit

156 2780 191 2808 ad
206 2783 408 2816 percipiendum
433 2790 495 2811 eum
514 2784 661 2819 gratiarum
685 2784 792 2812 actione
815 2781 939 2811 fldem

156 2815 237 2844 ettam
250 2816 369 2852 damnet,
401 2817 445 2846 uid
455 2818 518 2846 hoie
529 2818 613 2847 virtus
625 2818 793 2847 abstinentia
806 2818 937 2851 fimum

157 2851 209 2879 nisi
226 2851 337 2884 iaqueus
395 2853 454 2889 pat
468 2853 545 2883 unde
557 2859 666 2892 quoqu
677 2850 938 2884 ramundi-n

996 2259 1039 2281 cet
1060 2254 1166 2282 bonitas
1179 2255 1309 2289 acquisita
1323 2255 1509 2294 malitiam-ut
1530 2254 1687 2294 expulsione
1706 2257 1787 2284 vitio·
1821 2289 1823 2297 ⁴

996 2297 1054 2316 rum
1070 2290 1220 2317 celebretur
1235 2290 1397 2318 introductio
1410 2290 1527 2323 gloriosa
1542 2293 1682 2318 virtutum.

1031 2325 1058 2351 5.
1082 2326 1117 2352 At
1142 2329 1276 2358 utcunque
1298 2324 1354 2358 jzm
1378 2324 1462 2357 patuit
1484 2323 1598 2358 qualiter
1622 2324 1821 2360 intelligatur-⁴

994 2360 1066 2393 quod
1080 2359 1216 2394 Scriptura
1229 2359 1294 2386 dicit
1309 2366 1316 2384 ε
1333 2357 1441 2385 Initium
1451 2358 1533 2385 oniitt’s
1548 2359 1646 2393 peccati
1663 2361 1777 2395 superb'
1798 2363 1805 2395 ⁴,
1818 2364 1823 2377 ¹

1019 2394 1101 2422 Eccn'.
1118 2401 1145 2426 x,
1163 2393 1196 2420 15
1209 2393 1230 2427 ),
1247 2393 1291 2420 hic
1315 2393 1395 2421 etiam
1420 2393 1556 2422 videamus
1581 2394 1654 2430 quod
1677 2399 1752 2426 sanct
1784 2403 1802 2424 ι.

1020 2430 1138 2461 postolos
1151 2429 1236 2455 dicit:
1254 2428 1340 2455 Radix
1352 2429 1464 2455 omnium
1485 2428 1612 2456 matorum
1630 2434 1667 2457 est
1681 2431 1760 2466 cupid
1779 2452 1782 2455 ,

993 2467 1032 2491 ιω
1049 2463 1075 2498 (1
1090 2463 1158 2490 Tim.
1170 2470 1205 2495 vi,
1224 2462 1279 2498 1⁰).
1293 2463 1362 2491 Cum
1381 2468 1491 2493 sauctus
1505 2464 1632 2500 Spiritus,
1648 2465 1695 2499 qui
1706 2466 1780 2494 locu*
1802 2480 1803 2484 =

993 2502 1036 2526 tus
1050 2502 1092 2525 est
1115 2505 1162 2532 per
1176 2499 1346 2532 propnetam,
1365 2506 1412 2534 pet·
1426 2498 1586 2533 Apostolum
1597 2507 1705 2534 quoque
1724 2508 1757 2530 ιι,
1777 2505 1779 2507 ’

993 2533 1096 2560 loeutus
1110 2535 1155 2566 sit,
1170 2540 1205 2560 ne
1219 2534 1269 2561 sibi
1283 2534 1437 2567 possttesse
1447 2533 1580 2568 diversus,
1594 2533 1710 2563 sollicite
1724 2547 1743 2557 ν·

991 2569 1112 2596 siderare
1134 2568 1263 2596 debemus
1287 2576 1370 2603 quare
1387 2569 1433 2598 ille
1454 2568 1556 2597 tautum
1575 2570 1664 2598 omnis
1685 2581 1738 2606 «gg,
1759 2600 1761 2602 v

991 2604 1145 2639 cuparum,
1162 2603 1206 2631 bic
1224 2606 1345 2632 omnium
1369 2604 1501 2635 uitiorum
1513 2611 1547 2639 ρει
1569 2605 1575 2610 “
1594 2605 1682 2632 uatem
1693 2612 1720 2636 ιιι
1738 2622 1740 2626 ,

991 2646 1056 2666 nare
1070 2639 1194 2666 voluerit.
1210 2639 1250 2666 An
1260 2640 1330 2669 ἴοι-ω
1341 2646 1494 2680 sermonen·
1510 2646 1577 2676 prop
1625 2639 1632 2645 ’
1651 2644 1696 2671 um
1707 2635 1728 2666 Ρ
1753 2652 1754 2657 =

989 2674 1032 2701 tus
1045 2676 1193 2709 apostotus.
1209 2679 1238 2703 ut
1251 2675 1332 2708 sotet.
1345 2679 1483 2715 exposuit,-
1619 2673 1709 2705 uidem

990 2709 1093 2737 tuntum
1108 2709 1196 2740 omnis
1217 2710 1332 2744 peccati,
1349 2711 1407 2739 stre
1426 2709 1545 2751 mitem
1640 2717 1700 2746 runt

989 2746 1063 2772 nium
1077 2745 1163 2779 dicas,
1176 2752 1260 2773 unum
1272 2745 1399 2780 memque
1415 2745 1562 2780 sinautem.
1596 2751 1661 2781 om·
1716 2748 1726 2764 ι’

990 2785 1040 2815 tas,
1057 2785 1139 2815 autu·
1156 2780 1324 2815 superbitis
1338 2783 1539 2820 tpntufltmup
1557 2783 1603 2813 0⁸⁸
1704 2792 1714 2798 ‘⁴
1741 2789 1743 2794 ·

989 2823 1039 2843 „2
1149 2815 1566 2885 ...ιιι-ὤ»

986 2849 1288 2889 attenuant-vata,
1651 2895 1653 2899 Α

1064 2926 1068 2929 .
1306 2906 1322 2926 lv
1413 2906 1463 2933 J..1
1486 2909 1495 2933 ⁴.
1507 2901 1653 2938 toitrkf'
