1832 3016
165 179 218 207 ttt't

462 227 575 257 CAPUT
596 227 652 255 XL.

167 282 234 315 Quia
245 281 353 315 hyssopo
365 275 590 304 circumdederunt
604 274 740 308 spongiam
753 276 823 298 aeeto
839 271 951 306 plenam.

202 327 227 353 t.
243 325 307 352 Nam
325 322 395 358 quod
420 322 538 357 hyssopo
558 319 792 347 circumdederunt
819 317 955 352 spongiam

164 375 239 398 aceto
253 369 367 404 plenam,
381 367 408 394 in
437 366 550 394 Psalmis
580 366 680 393 dictum
709 365 815 392 Inerat:
832 365 957 399 Asperqes

164 424 203 442 me
216 415 336 450 hyssopo,
346 418 369 439 et
387 412 529 438 mundabor
544 410 632 445 (Psat.
645 419 670 444 ι,
681 410 720 445 9).
738 410 813 438 Unde
822 409 886 437 etin
899 410 958 444 lege

164 469 211 496 per
225 459 331 494 hyssopi
347 458 500 485 fasciculum
513 457 724 492 aspergebantur
746 457 805 491 agni
818 455 956 490 sanguine,

164 507 207 540 qui
220 505 339 533 mundari
368 503 493 531 volebant
510 503 608 539 (Exod.
626 510 674 534 xii,
690 502 748 538 22),
775 509 827 536 quo
849 501 958 535 signifi-

164 559 270 581 caretur
283 560 330 587 per
345 551 496 586 passionem
513 549 617 576 Domini
634 553 742 582 peccata
767 548 841 575 ablui
855 547 957 575 mundi.

428 597 483 632 49
496 595 607 624 CAPUT
623 595 690 622 xm.

252 644 319 676 Quia
336 642 424 670 titulus
439 643 520 669 crucis
536 643 591 677 ejus
605 646 739 675 corruptus
758 648 807 667 non
823 644 869 667 est.

200 692 225 718 1.
245 690 282 718 De
304 690 382 718 titulo
396 689 483 716 crucis
506 688 631 715 dixerunt
649 687 734 714 Judaei
753 696 758 713 :
774 686 837 713 Noti
852 686 960 713 scribere

164 735 221 764 Rex
234 735 396 767 Judaeorum,
410 740 437 757 ιν·
460 734 503 761 sed
519 735 579 769 quia
599 734 653 768 ipse
666 733 730 760 dixit
747 741 753 759 :
770 732 827 758 Rex
843 740 899 758 sum
911 730 961 758 Ju-

165 782 289 809 daeorum.
300 786 319 821 Ἰ
331 781 363 807 Ει
377 779 513 814 respondit
528 779 628 806 Pilatus
642 788 649 805 :
665 778 740 811 Quod
755 778 855 811 scripsi,
870 777 960 811 scripsi

167 827 257 863 (Joan.
273 834 327 858 xix,
343 826 400 861 21).
416 825 473 853 Jam
487 826 558 853 enim
575 825 600 851 in
614 825 720 851 Psalmo
735 832 776 851 nvi
792 823 878 850 suerat
893 830 960 858 pro-

166 872 302 907 phetatum
321 880 326 898 z
348 871 390 898 Ne
402 879 552 906 corrumpas
568 871 634 897 tituli
649 870 849 904 inscriptionem,
867 869 894 895 in
912 877 959 896 cu-

164 918 206 953 jus
231 918 325 953 psalmi
345 918 415 945 serie
439 925 491 945 non
512 917 597 944 solum
621 918 720 951 passio,
747 916 788 943 vel
808 924 892 949 morS,
912 917 958 944 sed

165 963 246 991 etiam
265 964 426 991 resurrectio
441 967 468 991 et
492 964 615 990 ascensio
630 963 736 990 Domini
753 962 922 997 praedicatur.

460 1008 574 1036 CAPUT
590 1008 671 1036 XLll.

165 1053 200 1083 In
214 1063 287 1082 cruce
306 1055 431 1089 pendens,
450 1054 552 1082 Patrem
567 1063 614 1089 pro
635 1055 746 1082 inimicis
765 1056 817 1082 suis
840 1055 959 1089 depreca-

511 1095 551 1117 tus
565 1095 613 1118 est.

203 1134 228 1162 1.
245 1135 312 1169 Quia
326 1135 351 1162 in
363 1142 443 1163 cruce
457 1135 576 1170 pendens
591 1135 697 1163 Patrem
715 1143 762 1170 pro
778 1136 892 1163 inimicis
905 1136 961 1163 suis

164 1183 322 1218 deprecatus
344 1188 395 1217 est,
419 1184 500 1211 isaias
515 1183 579 1210 dicit
595 1191 601 1210 ε
617 1182 679 1217 Ipse
694 1189 797 1218 peccata
821 1183 962 1211 multorum

162 1228 232 1265 (Alit,
248 1234 271 1256 et
285 1238 331 1264 pro
347 1231 574 1265 transqressoribus
591 1230 673 1256 oravit
686 1229 764 1266 (lsai.
787 1234 844 1264 iliu,
861 1231 915 1266 102).
929 1231 963 1258 Et

164 1274 192 1302 in
207 1274 322 1301 Psalmis
337 1275 376 1302 sie
391 1284 398 1301 ε
415 1275 469 1302 Ρνο
489 1284 528 1309 eo,
545 1276 639 1310 inquit,
661 1277 729 1311 quod
749 1285 791 1304 eos
815 1278 960 1312 diligebam,

164 1324 363 1351 adversabantur
384 1324 463 1356 milti:
479 1333 523 1360 eqo
538 1330 622 1351 autem
634 1326 740 1352 orabam
761 1334 807 1360 pro
822 1327 857 1353 eis
875 1325 959 1360 (Psal.

163 1377 236 1402 cvm,
247 1370 286 1405 15).

201 1415 230 1442 2.
253 1414 318 1442 ltem
341 1415 466 1442 Habncuc
487 1422 547 1442 cum
571 1415 683 1443 dixisset
697 1416 730 1443 de
754 1424 787 1444 eo
803 1426 808 1442 :
825 1416 857 1442 1η
879 1416 961 1443 medio

166 1462 277 1488 duorum
287 1460 439 1487 animalium
452 1461 621 1496 coqnosceris,
634 1461 745 1496 subjecit
763 1470 768 1488 :
785 1461 848 1488 Cum
858 1466 962 1488 contur-

165 1507 225 1534 bata
238 1507 315 1541 suerit
328 1507 414 1534 anima
430 1515 496 1541 mea,
511 1508 538 1534 in
554 1508 592 1534 ira
610 1507 789 1534 misericordiae
804 1512 854 1534 tute
867 1516 961 1534 memor

164 1552 215 1579 cris
228 1551 341 1587 (Habac.
357 1560 397 1585 ni,
413 1552 454 1587 2).
470 1552 652 1587 Praeiiguravit
671 1554 742 1580 enim
762 1553 890 1588 propheta
912 1553 962 1580 sub

166 1597 216 1625 hac
230 1598 361 1625 sententia
376 1598 403 1625 in
417 1599 562 1632 semetipso
578 1597 730 1625 ludaeorum
748 1606 899 1632 personam,
914 1599 960 1633 qui
974 1605 998 1637 c

167 1642 302 1669 Christum
316 1643 369 1678 50
389 1643 516 1670 commoti
540 1643 577 1670 ira
591 1643 791 1671 crucifixerunt.
810 1643 859 1670 Ubi
874 1649 960 1671 tamen

166 1689 223 1722 ille,
239 1698 334 1716 memor
353 1690 533 1717 misericordiae
553 1698 606 1717 succ
632 1691 699 1717 dixit
722 1699 728 1716 ;
753 1691 841 1723 Pater,
862 1691 962 1726 iqnosce

164 1736 228 1770 iltis,
243 1744 304 1770 quta
323 1740 436 1763 nesciunt
447 1737 509 1770 quid
525 1737 623 1771 faciunt
635 1736 712 1771 (Luc.
729 1743 803 1768 xxiii,
820 1735 877 1771 54).

449 1792 562 1820 CAPUT
581 1792 671 1820 XLlll.

317 1829 371 1856 Pro
386 1829 479 1856 nostris
495 1830 604 1863 peccatis
619 1828 757 1862 crucifixus
766 1833 812 1856 est.

204 1876 229 1903 1.
246 1875 278 1903 Et
292 1876 354 1911 quia
370 1883 422 1903 non
438 1883 485 1910 pro
500 1876 567 1908 suis,
584 1875 632 1902 sed
648 1883 698 1910 pro
722 1876 820 1903 nostris
845 1876 961 1910 peccatis

201 1952 265 1979 Cn».
282 1960 336 1979 ιιι.
351 1952 383 1979 Ν.
396 1952 423 1979 1.
440 1952 483 1979 Ne
502 1960 653 1984 corrumpas
670 1953 738 1979 tituli
758 1953 960 1987 inscriptionem.

165 1986 269 2015 Titulus
281 1992 322 2014 est.
334 1987 431 2014 Psalm.
446 1996 499 2020 nvi,
517 1996 602 2022 neque
619 1989 644 2014 in
658 1987 752 2015 Graeco
768 1992 867 2020 tamen,
883 1997 914 2016 ac
928 1997 962 2017 ne

164 2022 192 2049 in
210 2023 333 2050 Editione
347 2023 454 2058 quidem
469 2023 592 2058 Vulgata,
607 2023 654 2050 sed
669 2024 694 2049 in
709 2032 761 2050 uno
773 2028 872 2051 tantuin
887 2025 962 2052 Psal-

166 2058 235 2085 terio
260 2058 403 2092 ttispanico
425 2059 482 2086 lime
504 2060 585 2085 verba
610 2060 715 2092 reperio
740 2068 745 2084 :
770 2058 802 2085 In
824 2060 909 2092 finem,
932 2068 962 2086 ne

164 2100 314 2128 corrumpas
341 2094 424 2120 David
449 2095 474 2120 in
499 2094 566 2120 titutt
586 2095 761 2127 inscriptione.
786 2095 961 2129 Augustinus,

166 2133 311 2155 comment.
327 2129 359 2155 ad
376 2137 436 2155 euin
450 2130 582 2156 Psaltnuni
598 2138 604 2155 z
622 2129 662 2155 Ne
679 2137 830 2165 corrumpas
844 2130 893 2164 ipsi
906 2131 962 2157 Da-

164 2163 205 2189 vid
224 2164 252 2189 ’in
272 2163 341 2189 tituli
361 2165 560 2198 inscriptionem.
579 2164 786 2191 Commentariis
797 2173 856 2199 qnae
869 2166 963 2193 Hiero-

166 2197 240 2232 nymi
263 2197 369 2224 nornine
389 2199 613 2225 circumferuntur
636 2207 643 2225 ε
672 2199 727 2232 Ipsi
748 2200 831 2226 David
851 2201 962 2227 intituli

165 2232 371 2267 inscriptionem.
393 2242 424 2260 ne
442 2234 576 2266 disperdas
588 2253 595 2265 ,
619 2234 666 2259 ltoc
681 2239 716 2260 esi
730 2256 737 2267 ,
760 2243 791 2261 ne
811 2243 961 2270 corrumpas

165 2268 234 2294 titali
250 2268 456 2303 inscriptionem,
471 2277 530 2303 quau
543 2274 604 2295 sunt
617 2269 694 2295 xerba
711 2270 813 2296 isidori.
830 2271 958 2298 tlebraica

166 2313 206 2340 sic
229 2313 327 2341 habent
344 2322 351 2340 :
367 2318 451 2343 nrum
465 2305 537 2343 ἰη-ιι)
550 2316 639 2343 nuum
657 2306 694 2342 ‘ns
709 2314 760 2341 hoc
779 2319 830 2346 est,
855 2323 886 2341 ne
905 2323 961 2342 cor-

166 2368 271 2394 rumpas
288 2359 373 2387 David
390 2360 531 2393 Michtam,
557 2367 616 2394 quae
638 2360 720 2387 dictio
735 2368 748 2387 a
775 2363 908 2389 nonnullis
933 2363 959 2390 in

167 2396 284 2423 aureolae
298 2396 492 2430 significatione
511 2396 634 2422 sumitur.
658 2396 831 2430 Septuaginta
846 2403 873 2424 et
888 2398 958 2424 anti-

168 2432 213 2465 qui
235 2431 328 2458 Patres
342 2431 410 2458 tituli
435 2431 636 2465 inscriptionem
657 2431 807 2466 significare
822 2437 958 2467 putarunt,

168 2471 195 2493 et
217 2467 250 2493 ad
272 2466 371 2493 Christi
396 2474 502 2494 crucem
526 2467 685 2493 retulerunt.
711 2466 844 2502 Pagninus
864 2469 890 2494 in
912 2475 959 2495 sua

169 2501 291 2529 versione
319 2503 446 2529 intactam
472 2501 599 2536 reliquit,
624 2501 779 2536 opinionum
806 2503 960 2531 varietatem

167 2539 279 2564 veritus.
291 2537 363 2564 ΜΛκ.

202 2583 273 2610 Ιὸῑά.
290 2584 395 2618 Altegat
415 2583 580 2611 Sabatierius
602 2583 760 2611 Psalterium
775 2591 789 2611 e
812 2584 860 2612 Ms.
875 2584 960 2613 Vatic.

168 2619 236 2651 apud
261 2618 400 2652 llilarium,
417 2627 449 2646 ne
463 2619 600 2654 disperdas
607 2627 617 2652 ,·
636 2619 683 2646 sed
699 2620 733 2646 ita
754 2623 782 2646 ut
801 2619 917 2648 Hilarius
930 2627 962 2648 ne

167 2660 320 2686 corrumpas
334 2654 460 2689 praeferre
476 2655 607 2682 videatur.
624 2655 711 2681 Ansv.

204 2690 268 2717 Car.
282 2697 347 2716 ιιιι.
362 2689 394 2716 Ν.
410 2690 438 2717 2.
452 2690 507 2722 Al.,
525 2690 588 2717 dum
599 2690 714 2718 dixisset.
730 2689 801 2717 Min.

205 2723 274 2751 Ibid.
288 2725 342 2759 At..
359 2730 513 2752 memoratus
529 2725 711 2752 misericordiae
729 2734 792 2753 suoe.
810 2725 880 2753 Man.

204 2759 268 2790 Car.
285 2767 360 2788 nni.
373 2759 406 2788 N.
422 2761 447 2787 1.
464 2759 498 2786 td
511 2764 549 2787 est
566 2760 720 2794 sacrificium
734 2768 782 2797 pro
795 2761 904 2796 peccatis
914 2769 960 2789 na-

169 2794 239 2821 stris.
254 2794 316 2822 flaeo
329 2795 410 2823 verba
421 2796 448 2822 in
460 2802 514 2823 uno
526 2801 636 2846 ⁴tantum
649 2795 842 2824 Tarraconensi
864 2795 960 2838 minori

527 2909 553 2929 m
601 2909 614 2928 r
686 2920 695 2930 .
778 2921 785 2930 .

679 169 708 198 S.
730 166 856 196 tStnont
875 164 1097 194 fllSPAhENSlS
1114 165 1267 195 EPlSCOPl

969 223 995 253 A
1007 222 1150 250 crucifixus
1171 228 1221 256 est,
1239 224 1319 251 isaias
1341 224 1405 252 dicit
1422 233 1427 250 :
1447 224 1499 251 Pro
1522 223 1697 259 iniquitatibus
1715 223 1804 260 papati

975 2295 1002 2325 ι)
1050 2291 1075 2317 2.
1091 2291 1146 2322 Al..
1158 2295 1185 2318 et
1194 2292 1227 2318 ad
1243 2292 1324 2319 vitam
1336 2293 1419 2320 exire.
1433 2293 1504 2320 Min.

1747 167 1802 197 ⁴88

1006 269 1047 295 sui
1063 269 1154 296 ductus
1170 274 1205 296 est
1222 270 1256 296 ad
1270 275 1386 303 mortem,
1404 270 1468 297 dabo
1491 270 1585 304 impios
1603 278 1650 303 pro
1673 270 1804 305 sepultura

1008 314 1074 349 ejus.
1101 315 1134 341 Et
1156 316 1252 343 iterum
1272 325 1279 343 :
1301 315 1454 343 Vulneratus
1476 320 1512 343 est
1533 321 1636 351 propter
1659 317 1804 351 iniquitates

1008 365 1118 393 nostras,
1130 367 1152 388 ει
1165 363 1267 389 attritus
1277 367 1314 390 est
1324 358 1427 399 propter
1437 363 1532 390 scelera
1544 368 1648 396 nostra,·
1663 363 1740 390 livore
1748 364 1805 400 ejus

1008 407 1094 433 sanati
1107 415 1204 435 sumus.
1221 408 1254 436 Et
1269 410 1366 437 iterum
1383 419 1390 436 ε
1408 401 1503 437 Omnes
1523 417 1580 442 nos,
1595 409 1669 445 quan·
1684 417 1751 443 oves,
1766 406 1832 436 cr-'‘

1009 452 1131 486 ravimus,
1146 455 1319 490 unusquisque
1333 456 1361 482 in
1375 456 1441 482 viam
1462 464 1535 483 sitam
1550 456 1695 489 declinavit,
1710 461 1734 483 et
1751 454 1806 482 Do·

1010 497 1093 524 minus
1108 500 1190 531 posuit
1209 500 1235 526 in
1253 508 1281 526 eo
1302 501 1446 536 iniquitates
1466 503 1579 529 omnium
1596 507 1711 529 nostrum
1728 501 1805 537 (lsai.

1010 551 1067 576 tin,
1088 544 1105 571 5
1125 544 1202 580 seq.).
1225 545 1303 573 Juxta
1320 547 1485 581 Apostolum,
1508 549 1552 582 qui
1566 548 1628 575 dicit
1645 557 1651 574 :
1669 548 1736 580 Quia
1748 543 1819 574 cum'

1010 595 1141 624 peccatum
1163 599 1212 617 non
1231 592 1396 626 coqnovt'sset,
1410 593 1465 628 ipse
1481 601 1527 628 pro
1542 594 1613 620 nobis
1623 598 1754 629 peceatum
1767 594 1808 628 [a-
1824 589 1832 598 “

1010 640 1064 662 ctus
1079 641 1115 663 est
1126 636 1170 670 (ΙΙ
1184 637 1243 665 Cor.
1260 645 1288 671 v,
1303 637 1360 673 21),
1376 639 1401 665 id
1417 644 1468 672 est,
1482 640 1641 667 sacrificium
1653 647 1701 674 pro
1711 646 1807 674 pecca-
1819 662 1832 675 ⁴.

1011 685 1045 707 tis
1060 682 1169 708 nostris.
1186 682 1275 715 Quare
1297 689 1385 710 antem
1406 691 1456 719 pro
1480 686 1556 713 nohis
1578 692 1671 720 passus
1684 689 1735 718 est,
1750 685 1808 714 haec

1011 729 1053 752 est
1067 733 1159 752 causa.

1298 794 1411 823 CAPUT
1431 795 1512 823 XLIV

1280 841 1349 874 Quia
1365 846 1481 868 mortuus
1495 847 1540 871 est,

974 909 999 940 B
1048 897 1074 924 t.
1090 897 1154 925 Post
1168 898 1272 934 flagella
1293 902 1321 926 et
1335 906 1452 931 crucem,
1470 899 1594 934 fellisque
1608 904 1633 927 et
1649 900 1716 928 aceti
1733 905 1810 935 pota-

1013 944 1123 977 tionem,
1139 945 1236 973 deinde
1259 946 1379 981 sequitur
1394 954 1468 973 mors
1492 947 1560 981 ejus.
1581 948 1664 981 Quam
1686 948 1728 975 lex
1753 949 1810 983 ipsa

1014 997 1066 1017 non
1081 991 1164 1024 siluit,
1181 991 1273 1019 dicens
1290 999 1297 1018 ε
1313 991 1448 1018 Recubans
1464 992 1595 1026 dormivit,
1618 998 1645 1019 ut
1667 993 1718 1026 leo,
1739 999 1762 1020 et
1784 998 1810 1021 ut

1012 1035 1113 1062 catulus
1125 1036 1220 1069 leonis;
1232 1037 1288 1072 quis
1299 1037 1431 1063 suscitabit
1444 1042 1501 1064 eun't
1513 1037 1589 1073 (Gen.
1603 1046 1676 1071 xus,
1693 1039 1738 1074 9)?
1750 1039 1810 1066 Cla-

1014 1085 1069 1107 mat
1079 1081 1163 1108 etiam
1179 1082 1300 1109 eamdem
1317 1086 1429 1109 mortem
1452 1083 1509 1117 eJus
1530 1088 1556 1109 et
1577 1091 1649 1110 van
1665 1084 1786 1112 psalmus
1801 1093 1809 1113 :

1013 1125 1082 1153 Deus
1096 1132 1190 1159 noster,
1206 1127 1275 1154 Deus
1288 1129 1371 1155 salvos
1385 1129 1462 1162 saciet
1474 1137 1528 1164 nos,
1544 1134 1567 1157 et
1579 1129 1682 1157 Domini
1694 1140 1773 1165 mors,
1787 1137 1811 1160 et

1014 1171 1118 1198 Domini
1131 1174 1215 1200 exitus
1226 1174 1323 1201 mortis.

1048 1227 1074 1253 2.
1091 1227 1159 1260 Quid
1174 1229 1292 1263 apertius
1307 1229 1460 1256 diceretur?
1477 1230 1607 1258 Dominus
1621 1231 1692 1259 enim
1720 1232 1809 1268 lesus,

1014 1273 1059 1307 qui
1077 1273 1270 1305 interpretatur
1285 1275 1417 1307 Salvator,
1432 1275 1490 1310 ipse
1502 1281 1541 1303 est
1554 1276 1626 1304 Deus
1640 1282 1742 1311 noster,
1758 1271 1818 1306 sal-¹

1014 1325 1062 1346 vos
1078 1319 1178 1347 iaciens
1193 1328 1253 1353 nos,
1268 1328 1348 1355 quem
1365 1320 1417 1356 51
1433 1320 1493 1355 quia
1512 1322 1630 1356 oportuit
1649 1323 1733 1356 nasci,
1754 1329 1780 1351 et
1795 1331 1818 1358 a·

1014 1364 1067 1392 vita
1078 1365 1151 1392 exire
1166 1373 1212 1399 per
1225 1370 1350 1399 mortem,
1366 1367 1427 1394 ideo
1438 1367 1608 1402 subjunctum
1622 1374 1662 1396 est
1680 1377 1686 1396 z
1703 1369 1809 1397 Domini

1013 1417 1092 1442 mors,
1109 1415 1131 1436 et
1154 1410 1259 1437 Domini
1276 1412 1368 1438 exitus.
1389 1412 1454 1439 item
1474 1420 1521 1447 per
1543 1414 1660 1442 lsaiam:
1680 1415 1811 1451 Tanquam

1014 1456 1066 1482 ovis
1089 1456 1122 1482 ad
1145 1457 1297 1484 occisionem
1320 1458 1413 1484 ductus
1437 1464 1484 1492 est,
1499 1464 1524 1486 et
1542 1460 1606 1486 sicut
1628 1469 1710 1495 aquus
1724 1470 1810 1489 coram

1015 1501 1134 1528 tondente
1157 1510 1183 1528 se
1201 1503 1256 1529 sine
1274 1511 1344 1536 voce,
1364 1505 1400 1530 sic
1419 1512 1469 1530 non
1487 1510 1586 1538 aperuit
1602 1513 1628 1532 os
1649 1514 1734 1533 suum.
1755 1499 1819 1534 Pro¹

1015 1549 1125 1582 peccatis
1137 1548 1224 1583 populi
1234 1550 1274 1575 sui
1289 1550 1380 1576 dactus
1391 1555 1427 1577 est
1438 1551 1471 1576 ad
1487 1555 1595 1579 mortem
1606 1551 1681 1587 (lsai.
1696 1560 1754 1587 ιιιι,
1770 1553 1811 1589 7).

1052 1594 1078 1620 5.
1094 1593 1181 1620 Judaei
1200 1600 1289 1621 autem
1314 1595 1460 1629 Christum,
1477 1603 1557 1630 quem
1580 1602 1689 1631 sperant
1711 1604 1811 1626 ventu-

1014 1646 1074 1666 rum
1090 1660 1096 1671 ,
1111 1640 1266 1667 moriturum
1281 1648 1334 1667 non
1348 1647 1467 1675 sperant.
1484 1642 1599 1677 ideoque
1612 1644 1789 1679 respondeant
1800 1634 1818 1673 :¹

1013 1684 1077 1717 Quis
1099 1689 1140 1711 est
1160 1684 1210 1712 iste
1228 1693 1306 1720 quein
1324 1686 1452 1720 propheta
1476 1688 1638 1714 annuntiat?
1659 1688 1723 1716 item
1738 1690 1810 1724 apud

1014 1730 1157 1757 Jeremiam
1172 1731 1209 1758 sic
1223 1731 1287 1758 dicit
1303 1739 1308 1757 :
1326 1730 1457 1758 Inebriaoi
1470 1733 1582 1759 animam
1599 1733 1703 1767 lassam,
1717 1740 1740 1762 ει
1755 1744 1811 1762 orit-

1014 1783 1072 1802 nem
1083 1776 1194 1802 animant
1207 1777 1358 1803 esurientem
1371 1778 1496 1810 saturari,
1512 1778 1568 1805 ideo
1581 1779 1655 1813 quasi
1673 1781 1705 1807 de
1722 1789 1810 1809 somno

1013 1823 1150 1849 suscitatus
1173 1831 1240 1856 sum,
1263 1828 1287 1850 et
1310 1823 1372 1857 vidi,
1395 1827 1418 1850 et
1440 1831 1545 1851 somnus
1565 1832 1634 1852 metu
1654 1826 1811 1856 dutcismttn'

1014 1866 1120 1902 (Jerem.
1138 1875 1216 1901 xxxi,
1229 1868 1287 1903 25).

1048 1962 1114 1990 Cito.
1128 1970 1200 1989 xciv.
1216 1962 1246 1989 N.
1266 1963 1291 1990 1.
1304 1963 1373 1990 Deus
1386 1969 1480 1997 noster,
1494 1964 1562 1992 Deus
1571 1965 1654 1992 salvos
1664 1966 1741 2000 saciet
1751 1964 1820 2001 nos‚.l

1013 2003 1036 2025 et
1052 1997 1155 2025 Domini
1172 2007 1250 2031 mors,
1271 2004 1293 2025 et
1313 1999 1418 2026 Domini
1440 2001 1522 2027 exitus
1539 2001 1637 2027 mortis.
1655 2001 1694 2029 Ex
1709 1994 1822 2030 Psatm!

1014 2041 1097 2067 nvn,
1112 2041 1182 2060 vers.
1203 2034 1250 2068 21,
1267 2042 1331 2061 voce
1347 2036 1435 2062 mortis
1454 2043 1487 2063 ex
1504 2035 1696 2064 Tarraconensi
1712 2037 1826 2066 intimat.

1014 2069 1127 2102 adjecta,
1144 2070 1170 2095 in
1185 2077 1238 2103 quo
1256 2074 1357 2097 tantum
1383 2076 1451 2097 erat.
1466 2071 1548 2105 Cujus
1564 2073 1705 2099 testimonii
1720 2073 1822 2107 piiorat

1015 2106 1121 2138 quidem
1138 2105 1216 2131 verbs
1234 2113 1240 2132 :
1258 2103 1328 2131 Deus
1348 2110 1443 2139 noster,
1464 2106 1532 2133 Dens
1552 2107 1637 2135 salvos
1655 2108 1730 2143 saciet
1751 2117 1822 2143 nos„

1015 2139 1042 2166 in
1064 2147 1116 2166 nno
1135 2139 1265 2167 Psalterio
1289 2141 1432 2174 Hispanico
1455 2141 1557 2176 inveni,
1583 2143 1728 2176 posteriora
1757 2143 1808 2172 hoc

1015 2175 1095 2201 modo
1110 2176 1136 2201 in
1150 2176 1244 2202 eodem
1267 2175 1396 2203 Psalterio
1418 2177 1583 2211 legebantur,
1599 2183 1622 2204 et
1643 2178 1747 2205 Domini
1760 2178 1784 2205 D

1014 2211 1098 2236 esitus
1118 2211 1216 2237 mortis.
1239 2211 1272 2237 Et
1286 2211 1408 2239 fortassis
1429 2214 1463 2238 ita
1483 2213 1623 2246 legendum
1643 2218 1700 2240 erat
1714 2215 1740 2241 in
1761 2213 1796 2242 isi

1014 2245 1092 2278 doro,
1109 2245 1155 2272 sed
1170 2245 1284 2273 Codices
1297 2253 1391 2274 omnes
1405 2246 1601 2281 discrepabant.
1616 2248 1687 2276 Man.

1049 2337 1076 2363 5.
1093 2338 1148 2369 Al..
1161 2342 1197 2364 est
1209 2337 1282 2371 mihi,
1295 2345 1343 2372 pro
1356 2337 1439 2364 dulcis
1449 2338 1521 2365 mihi.
1533 2339 1602 2366 Man.
1830 2366 1832 2371 ,

1049 2371 1118 2398 laid.
1141 2372 1204 2399 Post
1221 2373 1304 2399 verba
1325 2381 1429 2400 somnus
1447 2381 1517 2400 meus
1537 2373 1622 2401 dulcis
1642 2379 1679 2402 est
1702 2375 1765 2403 milti
1778 2376 1811 2404 in
1830 2375 1832 2379 ’

1013 2407 1079 2434 Cod.
1093 2407 1110 2432 2
1125 2406 1197 2434 Flor.
1211 2411 1252 2434 est
1259 2409 1328 2434 ‘satis
1343 2408 1450 2442 longum
1471 2408 1660 2443 fragmentum,
1676 2411 1746 2446 quod
1763 2411 1802 2439 hi

1014 2446 1177 2475 repraesento
1202 2451 1210 2469 z
1229 2451 1238 2467 ι
1258 2443 1290 2469 Et
1313 2443 1420 2476 quidem
1440 2444 1525 2472 dulcis
1543 2451 1665 2479 sonions,
1681 2447 1806 2480 quonia
1830 2460 1832 2462 ·

1013 2484 1047 2503 ex
1061 2477 1106 2503 illa
1123 2477 1245 2511 provenit
1258 2477 1444 2512 inebriatione,
1459 2478 1493 2506 de
1517 2487 1568 2513 qua
1591 2481 1625 2508 ibi
1650 2482 1775 2509 scribitur

1014 2510 1192 2545 Inebriamini,
1211 2512 1365 2540 charissimi.
1387 2514 1446 2546 Qua
1466 2515 1642 2544 inebriatione
1659 2517 1761 2544 inebria
1781 2530 1783 2539 ·
1802 2544 1806 2551 ‚

1014 2546 1170 2581 fuitJoseph
1179 2555 1239 2574 cum
1253 2547 1380 2575 fratribus
1391 2550 1448 2576 suis
1458 2549 1485 2576 in
1500 2551 1610 2578 meridie
1620 2560 1627 2578 ;
1639 2552 1694 2585 hic,
1705 2550 1777 2580 Chri

1014 2586 1107 2610 tenens
1118 2582 1240 2617 figuram,
1252 2583 1368 2611 animam
1377 2585 1473 2612 lassam
1488 2585 1638 2618 inebriavit,
1649 2590 1676 2614 et
1684 2587 1768 2615 esuri

1014 2622 1067 2645 tem
1081 2619 1220 2651 saturavit,
1237 2618 1350 2653 ideoque
1364 2619 1398 2646 de
1419 2627 1515 2648 somno
1531 2621 1684 2649 suscitatus.
1700 2622 1732 2650 Et
1746 2621 1766 2650 i

1013 2652 1120 2688 quidem
1135 2660 1247 2681 somnus
1258 2654 1309 2682 sibi
1325 2659 1352 2682 et
1365 2655 1442 2682 nobis
1456 2655 1556 2690 pariter
1569 2656 1666 2690 dulcis,
1677 2665 1748 2691 quon
1767 2673 1789 2691 κ,

1013 2688 1120 2723 quidem
1142 2689 1169 2716 in
1188 2688 1292 2717 Joanne
1316 2690 1441 2718 seruntur
1454 2692 1526 2725 quod
1544 2690 1674 2720 Dominus
1693 2692 1779 2727 loqu

1014 2723 1153 2758 discipulis
1167 2724 1276 2751 volebat
1289 2725 1414 2759 gaudium
1428 2726 1511 2760 ipsius
1525 2727 1553 2754 in
1562 2727 1602 2755 ei·
1613 2734 1685 2758 σιω.
1698 2733 1726 2755 et
1745 2739 1756 2748 υ
1770 2743 1771 2746 =

1014 2759 1119 2786 diorum
1139 2760 1244 2794 impleri
1258 2760 1368 2793 dehere,
1382 2762 1455 2797 quod
1468 2761 1536 2788 iitin
1554 2761 1594 2790 eis
1608 2761 1653 2797 qni
1671 2766 1731 2797 post

1015 2795 1078 2822 tiam
1092 2794 1190 2822 Christi
1209 2795 1370 2829 quieverunt
1382 2803 1479 2831 sopore
1491 2795 1596 2831 mortis,
1611 2796 1705 2826 mooun
1724 2810 1727 2826 ι
1745 2813 1747 2815 -
1772 2806 1780 2830 1,

1013 2830 1473 2902 {temnentis-3⁸?
1486 2831 1727 2897 “mss
1752 2847 1763 2863 ²
1827 2826 1829 2836 ‘

1012 2905 1074 2928 runt
1095 2896 1122 2927 i'n
1145 2873 1215 2930 ἔξω
1239 2873 1350 2934 recurri..
1369 2901 1396 2928 in
1417 2887 1471 2943 φὶ
1480 2875 1676 2938 'iidetiestsni
1691 2913 1712 2924 ι»
1761 2932 1776 2942 .-
1827 2920 1829 2931 i
