1832 3016
151 145 201 174 185

147 248 216 276 actio
229 252 321 276 cuncta
336 246 434 273 linitur.

460 289 573 317 CAPUT
593 290 625 316 V.

370 335 408 362 De
420 335 581 370 quaternario
596 342 710 362 numero.

181 382 222 409 19.
243 381 310 415 Quid
326 386 436 416 quatuor
451 382 549 414 dicam,
565 382 591 408 in
606 388 660 415 quo
675 388 786 408 numero
811 381 931 408 solidita-

143 430 177 457 tis
187 434 259 457 certa
275 428 402 463 perfectio
429 429 491 455 est?
505 428 571 455 Nam
586 435 620 455 ex
633 427 816 463 longitudine,
828 432 854 456 et
871 427 931 454 lati·

144 475 245 506 tudine,
261 479 287 502 et
304 474 480 509 profunditate
504 474 676 508 componitur
692 474 781 507 decas,
800 482 859 509 quae
874 474 930 508 ple-

142 529 206 548 num
220 521 315 552 eflicit;
331 520 422 547 decem
439 520 509 546 enim
523 527 555 547 ex
571 524 687 554 quatuor
700 520 819 547 numeris
832 520 930 555 grada-

144 566 191 593 tim
215 566 384 600 surgentibus
397 566 555 600 integratur.
571 565 657 593 Unum
673 566 754 599 enim,
777 570 804 593 et
825 566 887 597 duo,
904 570 931 592 et

142 613 203 645 tria,
214 616 241 639 et
253 611 467 646 quatuordecem
481 612 590 638 faciunt.
602 612 732 640 Similiter
743 616 769 639 et
780 617 886 639 centum
896 620 930 639 ex

143 660 223 694 225
237 658 335 685 decade
347 658 519 692 quaternario
534 659 696 691 cumulatus,
712 658 737 685 id
751 662 803 691 est,
818 658 910 685 decem
922 679 928 691 ,

142 705 282 739 etviginti,
292 707 318 731 et
327 704 444 737 triginta,
456 705 673 739 etquadraginta‚
687 704 800 738 quisunt
811 708 928 731 centum.

142 751 206 777 ltem
222 758 253 777 ac
269 752 388 785 quatuor}
399 751 503 777 numeri
517 751 590 778 mille
603 751 717 778 reddunt
731 759 737 783 ;
758 751 783 777 id
795 755 836 777 est
846 758 871 782 c,
886 758 928 783 cc,

140 804 199 828 cce,
214 804 287 824 cccc.
305 797 348 823 Sic
361 798 454 824 decem
466 797 560 830 millia,
573 802 723 831 caeteraque
736 792 831 824 eodem
843 797 930 823 incre-

142 848 232 870 mento
245 844 421 879 complentur.

665 141 694 169 S.
716 138 840 168 tstnottt
859 138 1078 168 lllSPALENSlS
1104 138 1258 168 nPtscoPt

145 202 208 230 anni
223 206 341 237 tempora
355 201 565 234 distinguuntur,
577 202 604 227 et
616 206 706 227 coram
721 197 807 225 tribus
819 196 932 225 testibus
943 205 970 235 Α
983 196 1070 224 titudo
1083 201 1112 225 et
1122 197 1298 231 temperantia
1312 205 1319 231 ;
1337 197 1500 234 totidemque
1513 205 1529 226 e
1541 199 1677 227 contrario
1693 200 1770 236 vitia,

1720 143 1772 173 ¹84

981 243 1127 278 cupiditas,
1143 249 1240 277 metus,
1258 243 1335 271 dolor
1346 248 1373 271 et
1384 244 1521 279 gaudium.

1015 290 1062 318 24.
1082 291 1231 318 Mortalium
1251 299 1357 326 quoque
1378 299 1469 319 rerum
1482 295 1596 326 quatuor
1611 291 1672 319 vitae
1694 296 1767 326 sunt,

981 334 1096 368 initium,
1120 340 1302 371 augmentum,
1326 341 1410 363 status
1433 341 1460 364 et
1483 336 1636 364 declinatio.
1652 336 1772 370 Quatuor
1812 360 1815 361 γ

981 379 1060 407 etiam
1074 388 1173 416 genera
1195 381 1348 409 animalium
1365 382 1392 409 in
1406 382 1507 409 mundo
1523 382 1663 416 habentur,
1681 382 1706 409 id
1719 387 1771 416 est,
1816 396 1820 397 ⁷

981 426 1110 460 coelestia,
1127 428 1282 462 pennigera,
1299 428 1435 463 aquatilia,
1448 429 1505 456 sive
1520 429 1666 457 terrestria.
1682 429 1730 456 lris
1741 434 1772 457 et
1793 448 1797 451 <

980 473 1040 507 ipse
1054 473 1172 501 coelestis
1186 474 1381 509 quadricoloris
1395 475 1539 510 splendore
1551 476 1678 503 variatur.
1701 476 1771 509 Qua·
1814 495 1821 518 ·,

981 523 1041 547 tuot·
1056 527 1161 554 quoque
1175 521 1367 556 quadrantibus
1392 521 1460 549 ratio
1484 522 1599 550 bissexti
1622 522 1770 556 colligitur.
1815 526 1821 563 '-

1294 566 1407 594 CAPUT
1427 567 1472 594 vt.

1174 613 1255 648 226
1270 612 1308 639 De
1321 613 1438 647 quinario
1450 621 1566 641 numero.

1017 657 1064 685 25.
1093 658 1218 693 Sequitur
1244 659 1383 692 Quirtarius
1395 667 1533 691 numeruS,
1559 660 1616 695 qui,
1639 661 1696 688 sive
1710 668 1770 695 eum
1819 661 1822 664 ’

982 704 1041 731 aliis
1068 704 1226 739 imparibus,
1242 705 1300 732 sive
1326 713 1385 732 cum
1402 712 1451 732 suo
1471 713 1569 740 genere
1594 706 1721 738 sociatur,
1745 714 1775 735 se

981 757 1090 784 semper
1105 751 1233 778 ostendit.
1249 751 1315 778 Nam
1331 752 1448 786 quinque
1459 759 1506 786 per
1521 753 1663 788 quinquies
1675 753 1775 782 faciunt
1824 783 1827 786 Α

980 796 1072 831 viginti
1098 797 1224 832 quinque,
1250 802 1277 825 et
1300 798 1442 833 quinquies
1465 799 1532 826 terni
1560 799 1722 834 quindecim,
1748 803 1776 827 et

981 842 1122 876 quinquies
1137 847 1238 877 septem
1257 843 1362 878 triginta
1376 844 1510 878 quinque;
1526 849 1552 872 et
1566 844 1707 880 quinquies
1727 853 1775 873 no·
1826 845 1827 850 ¹

176 889 220 917 ⁶20.
233 890 364 916 Numerus
378 894 465 917 autem
482 889 532 917 iste
543 889 689 924 quadratus
700 889 927 924 evangelistarum
946 891 970 921 Β
982 894 1043 914 vem
1067 887 1244 922 quadraginta
1271 889 1398 923 quinque.
1416 889 1465 917 llic
1494 895 1622 924 praeterea
1648 899 1776 920 numerufl

141 940 254 970 quatuor
269 935 424 970 deputatur,
439 935 485 970 qui
501 936 527 962 in
542 939 655 970 quatuor
669 939 767 970 partes,
785 935 827 961 vel
840 934 866 961 in
883 942 932 960 an-

141 981 217 1015 gulos
239 981 330 1007 mundi
354 981 488 1008 fusisunt.
509 981 665 1015 Quanquam
689 985 715 1007 et
739 984 853 1015 quatuor
870 985 933 1006 sunt

143 1027 259 1061 paradisi
282 1027 402 1059 numina,
421 1034 480 1061 quae
504 1032 587 1054 totum
613 1028 705 1054 orbem
733 1027 930 1054 circumfluunt.

140 1075 209 1100 Arca
236 1072 341 1108 qnoque
356 1074 412 1100 Noe
426 1074 564 1107 quadratis
580 1074 660 1109 lignis
686 1074 860 1100 construitur.
876 1074 927 1101 Te-

140 1118 268 1145 stamenti
279 1119 395 1152 denique
413 1125 475 1146 arca
491 1122 604 1153 quatuor
619 1119 707 1146 aureis
722 1118 830 1145 circulis
852 1118 932 1146 velie-

139 1162 228 1190 batur.

175 1207 220 1234 at.
242 1207 329 1234 Vestis
356 1209 436 1236 etiam
450 1209 626 1236 sacerdotalis
639 1209 665 1236 in
682 1209 740 1244 lege
755 1213 868 1244 quatuor
882 1216 929 1236 co-

139 1253 253 1286 loribus,
277 1254 304 1280 id
329 1259 379 1287 est,
405 1255 559 1290 hyacintho,
577 1256 669 1290 bysso,
689 1263 781 1288 cocco,
799 1262 930 1290 purpura-

139 1306 191 1333 que
203 1307 236 1326 ex
261 1307 326 1326 auro
340 1302 501 1328 contexitur.
532 1301 665 1329 Praeterea
690 1306 716 1328 et
730 1307 844 1336 quatuor
860 1302 930 1329 venti

141 1350 219 1372 terrae
239 1346 265 1372 in
289 1346 433 1374 Ezecltiele
456 1347 584 1381 aspirant,
609 1352 638 1373 ut
660 1347 686 1374 in
702 1348 812 1382 liguram
834 1348 931 1374 suturae

141 1392 344 1419 resurrectionis
367 1392 441 1419 arida
467 1399 529 1419 ossa
553 1398 736 1427 consurgant;
764 1394 929 1428 totidemque

140 1437 213 1464 venti
226 1437 299 1470 coeli,
316 1437 342 1464 id
355 1443 406 1472 est,
419 1438 547 1472 angelicae
562 1442 720 1472 potestates,
738 1440 808 1473 apud
833 1440 930 1466 Danie-

141 1483 195 1510 lem
212 1487 372 1517 pugnantes,
398 1483 503 1510 irruunt
529 1483 556 1511 in
572 1491 645 1510 mare
660 1484 738 1517 buius
759 1483 848 1510 saeculi
874 1491 930 1510 ma-

138 1535 228 1561 gnum.
244 1528 316 1555 ldem
331 1535 436 1563 quoque
448 1528 540 1556 Daniel
555 1533 670 1563 quatuor
682 1536 763 1563 regna
776 1529 867 1556 mundi
879 1530 929 1556 sub

136 1574 250 1601 diversis
265 1575 356 1609 liguris
369 1576 488 1609 exponit.

171 1620 216 1647 22.
233 1620 360 1648 Similiter
373 1621 517 1648 Zacharias
531 1625 646 1655 quatuor
661 1629 760 1649 cornua
785 1629 927 1657 regnorum

137 1666 300 1700 totidemque
337 1666 425 1694 fabros
451 1666 603 1700 describit,
630 1671 657 1694 et
682 1671 795 1702 quatuor
820 1669 928 1703 quadri-

136 1720 181 1746 gas
207 1712 344 1746 Evangelii
358 1733 365 1745 ‚
401 1712 496 1740 missas
525 1714 552 1740 in
579 1717 693 1747 quatuor
721 1713 844 1742 cardines
875 1722 925 1742 coe-

136 1758 162 1784 ti.
189 1757 253 1785 ltem
279 1758 348 1792 apud
370 1758 498 1785 Joannem
524 1763 639 1793 quatuor
677 1759 801 1786 animalia
836 1760 926 1788 vultus

136 1802 184 1829 sibi
199 1802 347 1830 differentis
360 1803 559 1836 describuntur,
576 1803 620 1838 qui
636 1804 662 1831 in
680 1805 753 1831 senis
769 1805 818 1832 alis
834 1813 925 1833 nume-

137 1855 195 1874 rum
210 1848 301 1882 viginti
318 1853 430 1883 quatuor
446 1850 583 1876 seniorum
599 1850 729 1877 elliciunt.
752 1850 780 1877 ln
796 1851 925 1878 creaturis

137 1898 226 1920 autem
242 1901 330 1921 rerum
357 1900 470 1929 quatuor
497 1900 560 1922 sunt
583 1899 662 1923 terrae
688 1902 786 1931 partes,
812 1903 926 1931 quatuor

137 1938 195 1966 eoeli
210 1939 320 1973 frontes,
336 1940 440 1974 Oriens,
458 1940 587 1968 Occidens
598 1963 605 1975 ,
620 1941 783 1976 Septentrio,
797 1943 853 1971 sive
867 1944 924 1971 Me-

136 1985 227 2013 ridies.

170 2031 215 2058 23.
236 2031 355 2064 Quatuor
369 2033 450 2060 etiam
474 2033 565 2061 mundi
581 2034 714 2062 elementa
729 2035 874 2069 habentur,
891 2042 925 2063 ex

136 2077 232 2111 quibus
257 2079 382 2105 universa
409 2080 569 2112 subsistunt,
594 2080 675 2115 ignis,
710 2088 767 2113 aer,
795 2088 873 2116 aqua,
898 2086 925 2109 et

138 2127 220 2150 terra.
236 2124 329 2150 Annus
344 2132 450 2159 quoque
473 2130 587 2159 quatuor
603 2126 767 2160 temporibus
787 2127 903 2154 volvitur
914 2147 923 2161 ‚

139 2168 251 2200 aestatis,
267 2170 397 2202 autumni,
414 2170 508 2197 ltiemis
524 2175 604 2205 atque
621 2171 703 2198 veris.
728 2172 786 2206 lpsa
810 2172 924 2208 denique

138 2212 253 2240 bominis
267 2218 361 2240 natura
373 2222 406 2241 ex
416 2220 531 2249 quatuor
541 2220 582 2243 est
593 2217 734 2244 elementis
745 2223 882 2252 concreta,
891 2226 924 2246 ex

986 934 1036 968 legi
1049 938 1090 961 est
1105 934 1267 967 attributus;
1286 935 1327 962 lex
1347 935 1419 962 enim
1435 936 1552 970 quinque
1565 936 1641 963 libris
1657 938 1776 972 comple-

984 981 1063 1007 ctitur
1086 980 1178 1016 [Forte
1192 981 1452 1017 ‹20:1111ret1enditurJ.
1466 981 1541 1009 Unde
1558 983 1638 1010 etiam
1662 988 1688 1010 ct
1701 984 1775 1018 Apo·
1822 1011 1827 1014 ,

983 1027 1081 1053 stolum
1099 1027 1125 1052 in
1140 1026 1258 1054 Ecclesia
1274 1027 1390 1061 quinque
1410 1027 1491 1054 verba
1512 1027 1584 1062 loqui
1598 1028 1723 1057 delectat.

1018 1071 1064 1100 26.
1085 1072 1139 1099 Sed
1166 1077 1193 1099 et
1218 1073 1334 1107 quinque
1359 1073 1457 1100 cubitis
1485 1074 1569 1101 altare
1595 1074 1621 1101 in
1647 1075 1706 1110 lege
1722 1083 1773 1110 per

985 1117 1117 1151 quadrum
1146 1118 1331 1150 construitur;
1358 1119 1524 1153 totidemque
1550 1119 1629 1147 urbes
1653 1121 1679 1147 in
1707 1121 1774 1150 lsaia

986 1163 1138 1190 Cliananaea
1150 1163 1238 1197 lingua
1255 1164 1409 1198 loquuntur.
1431 1163 1500 1191 Sunt
1522 1169 1548 1191 et
1561 1166 1678 1200 quinque
1693 1166 1774 1201 virgi-

983 1218 1030 1238 nes
1045 1211 1190 1245 prudentes
1207 1212 1233 1238 in
1260 1211 1416 1246 Evangelio,
1442 1216 1504 1239 sunt
1524 1215 1552 1239 et
1574 1212 1633 1239 nltae
1656 1213 1774 1248 quinque

983 1257 1072 1284 l‘atuae.
1103 1257 1189 1284 Panes
1209 1264 1314 1291 quoque
1337 1257 1415 1284 divisi
1440 1257 1539 1292 populo
1553 1258 1678 1292 quinque.
1701 1259 1774 1286 Mnas

983 1307 1112 1337 praeterea
1138 1303 1256 1337 quinque
1281 1306 1307 1329 et
1323 1303 1421 1329 talenta
1446 1303 1573 1337 quinque.
1589 1303 1654 1330 ltem
1678 1311 1774 1332 secun-

981 1349 1044 1376 dum
1071 1349 1164 1376 mundi
1190 1348 1367 1383 philosophos
1390 1356 1465 1376 zonae
1481 1354 1559 1376 terrae
1584 1350 1720 1384 quinque,
1746 1355 1773 1378 et

981 1394 1051 1427 apud
1066 1394 1178 1421 Latinos
1193 1393 1300 1420 vocales
1317 1393 1414 1421 litterae
1431 1395 1559 1429 quinque.

1016 1440 1062 1467 27.
1085 1440 1186 1467 Sensus
1202 1448 1309 1475 quoque
1327 1441 1449 1474 corporis
1465 1441 1593 1476 quinque,
1625 1443 1709 1475 visus,
1725 1450 1772 1470 au·

981 1489 1063 1522 ditus,
1079 1488 1216 1521 odoratus,
1233 1493 1325 1523 gustus
1342 1493 1368 1514 et
1384 1492 1488 1520 tactus3
1513 1489 1676 1524 totidemque
1698 1490 1772 1517 habi-

981 1539 1097 1561 tatorum
1115 1534 1206 1561 mundi
1222 1541 1330 1568 genera,
1348 1534 1374 1561 id
1390 1538 1441 1566 est,
1467 1534 1502 1560 lio
1514 1545 1518 1559 ι
1531 1535 1598 1567 ines,
1620 1535 1771 1570 quadrupe-

941 1572 964 1603 Ε
980 1581 1040 1613 des,
1055 1581 1096 1607 vel
1111 1584 1257 1615 reptantes,
1274 1584 1406 1613 natantes,
1423 1581 1480 1608 sive
1490 1581 1620 1608 volantes.
1637 1581 1770 1611 Praeterea

981 1631 1008 1653 et
1021 1626 1203 1661 quinquennio
1220 1626 1332 1653 lustrum
1349 1625 1458 1660 linitur,
1474 1625 1603 1661 olympias
1617 1626 1769 1661 quinquen-

980 1671 1025 1699 nio
1040 1671 1211 1699 terminatur.

1275 1716 1388 1745 CAPUT
1408 1717 1463 1744 Vll.

1229 1763 1268 1791 De
1281 1764 1383 1791 senario
1406 1772 1520 1791 numero.

1014 1810 1058 1837 28.
1087 1809 1209 1837 Senot-ius
1228 1817 1357 1837 numerus
1385 1810 1488 1844 primus
1517 1814 1543 1837 et
1563 1810 1697 1845 perfectus
1708 1832 1715 1844 ‚
1741 1818 1769 1840 et

979 1855 1101 1891 partibus
1115 1856 1172 1883 suis
1187 1855 1289 1890 primus
1306 1855 1440 1889 impletur.
1453 1855 1518 1883 Nam
1534 1860 1638 1883 sextam
1649 1856 1689 1884 sui
1700 1857 1769 1885 intra

977 1902 1110 1935 continet,
1126 1901 1198 1936 quod
1216 1909 1298 1934 unus;
1316 1902 1421 1929 tertiam
1433 1922 1440 1934 ‚
1468 1902 1546 1937 227
1560 1903 1630 1937 quod
1652 1903 1719 1936 duo;
1741 1907 1768 1931 et

978 1946 1131 1979 dimidium,
1154 1947 1225 1982 quod
1249 1951 1320 1980 tres;
1338 1947 1394 1974 liaec
1416 1947 1488 1974 enim
1514 1955 1616 1975 summa
1633 1949 1659 1975 in
1685 1957 1767 1977 unum

977 1993 1068 2026 ducta,
1091 1993 1117 2020 id
1137 1998 1189 2027 est,
1214 2001 1307 2027 unum,
1323 1997 1351 2021 et
1375 1993 1439 2028 duo,
1458 1999 1485 2021 et
1508 1994 1559 2021 tria
1581 2001 1629 2022 sex
1652 1994 1765 2022 faciunt.

975 2038 1068 2066 Nullus
1079 2043 1167 2066 autem
1181 2043 1243 2066 ante
1258 2038 1394 2066 senarium
1409 2039 1543 2066 invenitur
1559 2040 1602 2074 qui
1615 2040 1672 2067 suis
1685 2040 1767 2073 parti-

977 2084 1036 2117 bus,
1058 2084 1120 2111 dum
1134 2084 1272 2119 dividitur,
1286 2084 1440 2119 impleatur,
1453 2085 1529 2119 cujus
1544 2084 1673 2119 perfectio
1686 2085 1766 2113 etiam

975 2131 1034 2165 ipso
1048 2138 1130 2165 opere
1145 2130 1238 2157 mundi
1249 2130 1385 2158 clarescit.

1009 2176 1055 2203 29.
1071 2175 1123 2203 Sex
1134 2175 1204 2204 enim
1213 2175 1306 2203 diebus
1318 2175 1427 2210 persecit
1435 2175 1505 2203 Deus
1515 2183 1596 2210 opera
1608 2183 1665 2204 sua.
1680 2177 1768 2204 Primo

977 2220 1022 2248 die
1046 2220 1165 2247 condidit
1188 2220 1292 2252 lucem,
1313 2220 1430 2247 secundo
1450 2220 1663 2253 firmamentum,
1686 2221 1764 2248 tet-tio

138 2259 225 2287 calido
238 2264 265 2287 et
287 2259 391 2294 frigido,
406 2260 515 2288 humido
529 2266 609 2296 atque
632 2263 713 2291 sicco.
726 2262 845 2291 virtutes
856 2271 923 2298 quo·
937 2255 963 2286 D
976 2266 1093 2300 speciem
1114 2265 1196 2292 maris
1211 2270 1238 2292 et
1252 2269 1329 2292 terrae
1339 2286 1346 2300 ‚
1358 2270 1453 2299 quarto
1463 2265 1549 2292 sidera
1560 2286 1567 2298 ‚
1578 2267 1670 2300 quinto
1679 2270 1706 2294 et
1714 2267 1768 2301 pis-

137 2312 190 2338 que
196 2306 278 2333 animi
289 2307 574 2342 quatuor25cribuntur,
583 2308 698 2342 iustitia,
707 2309 859 2343 prudentia,
871 2310 926 2338 sor-

174 2398 217 2425 19.
238 2397 266 2425 ln
290 2398 340 2425 Ms.
365 2398 450 2433 magis
465 2398 606 2426 videbatur
626 2398 740 2432 plenam,
766 2407 846 2433 quam
869 2401 925 2434 ple-

138 2441 208 2460 num.
229 2433 356 2460 Fortasse
370 2433 486 2462 lsidorus
497 2435 606 2467 scripsit
619 2434 722 2468 plenam
733 2436 922 2470 perfectionem,

137 2472 164 2495 et
190 2468 269 2500 paulo
291 2473 354 2495 ante
375 2469 552 2503 profunditate
574 2473 598 2495 et
621 2469 787 2497 sublimitate.
815 2470 922 2498 Denarii

135 2503 326 2536 perfectionem
350 2504 502 2538 saepissime
530 2508 639 2532 sanctus
662 2505 826 2539 Augustinus
850 2513 924 2533 com-

137 2538 255 2570 mendat,
270 2546 349 2573 quem
366 2540 392 2566 in
413 2539 464 2566 bac
483 2547 658 2567 numerorum
684 2540 800 2575 mystica
813 2541 924 2575 exposi-

136 2573 208 2600 tione
223 2573 340 2600 Isidorus
355 2574 469 2601 libenter
481 2574 613 2609 sequitur.

170 2607 215 2634 22.
235 2607 264 2634 ln
278 2608 328 2635 Ms.
343 2613 400 2635 erat
408 2608 567 2642 differentia».
590 2609 716 2638 Fortasse
726 2610 844 2637 isidorus
853 2611 923 2638 scri-

138 2642 190 2682 psit
201 2642 272 2669 vultu
287 2643 335 2670 :ibi
349 2643 505 2676 differentia.
527 2644 566 2672 De
580 2644 678 2679 reipsa
696 2645 757 2672 vide
771 2645 923 2680 Apocalyp-

135 2684 187 2708 ειη,
202 2683 260 2707 cap.
276 2685 313 2704 tv.

169 2711 214 2738 24.
236 2711 372 2746 Fortasse,
383 2713 558 2748 quadi-tentori
572 2715 717 2748 splendore.
734 2714 799 2747 lrin,
814 2716 871 2744 sive
882 2723 923 2742 at·-

136 2752 195 2771 cum
211 2747 348 2775 coelestem
361 2749 482 2776 colorum
493 2748 622 2778 familiam
634 2757 741 2778 omnem
755 2757 860 2783 parere.
881 2751 923 2778 ni-

135 2785 184 2812 gro
195 2781 256 2822 albo
276 2789 308 2809 ue
321 2782 454 2811 coloribus
479 2783 610 2818 exceptis,
625 2785 735 2813 tradunt
749 2785 768 2812 ii
787 2785 833 2821 qni
847 2785 921 2821 plm-

136 2819 246 2842 nomem
270 2816 340 2851 nujus
354 2822 475 2846 naturam
491 2825 615 2848 accurate
635 2825 846 2855 expresseruntg
866 2826 919 2855 qua

977 2318 1040 2344 ces,
1053 2315 1080 2338 et
1095 2310 1228 2342 volatilia,
1243 2314 1323 2337 sexto
1338 2309 1491 2342 bominem,
1510 2315 1590 2344 atque
1609 2311 1766 2340 animantia.

977 2400 1124 2435 peculiares
1138 2403 1266 2427 tractatus
1278 2403 1395 2427 exstant.
1413 2400 1530 2428 lsidorus
1545 2400 1659 2428 fortasse
1679 2402 1768 2430 innuit

977 2441 1091 2470 quatuor
1105 2442 1166 2463 esse
1186 2435 1334 2469 praecipuos
1348 2435 1465 2470 colores,
1481 2435 1524 2469 qui
1540 2436 1567 2463 in
1591 2436 1659 2463 iride
1679 2444 1768 2472 appa-

975 2475 1044 2500 rent,
1061 2470 1106 2504 qni
1121 2475 1208 2497 tamen
1221 2471 1291 2496 inter
1305 2476 1335 2496 se
1350 2471 1496 2497 varientur.

1011 2504 1057 2532 25.
1079 2506 1115 2531 Di:
1129 2505 1252 2539 quinario
1268 2511 1379 2531 numero
1391 2510 1499 2533 sanctus
1513 2506 1676 2540 Augustinus
1686 2514 1767 2535 etiar-

976 2544 1027 2567 rat.
1043 2540 1069 2567 in
1086 2540 1181 2574 psalm.
1204 2541 1302 2571 cxtvn,
1318 2548 1345 2566 n.
1361 2540 1406 2574 ¹0,
1421 2544 1449 2567 et
1470 2541 1543 2568 alibi.
1559 2541 1635 2574 Quod
1651 2543 1766 2577 Aposto-

977 2575 1032 2602 lum
1045 2575 1069 2602 in
1082 2574 1197 2602 ecclesia
1211 2575 1329 2610 quinque
1343 2575 1424 2603 verba
1442 2575 1517 2610 loqui
1530 2575 1655 2610 delectet,
1671 2578 1765 2606 nescio
1812 2602 1813 2611 ,

978 2617 1044 2637 sane
1058 2617 1112 2643 quo
1128 2609 1269 2643 pertineat.

1013 2644 1058 2671 28.
1080 2643 1147 2671 infra
1172 2645 1263 2676 etiam.
1278 2651 1351 2672 num.
1367 2644 1402 2672 68
1424 2653 1431 2672 :
1450 2645 1603 2675 Octomrtn
1624 2647 1723 2682 primus
1741 2651 1767 2676 et
1811 2644 1814 2653 '

975 2679 1104 2713 perfectus
1115 2684 1162 2706 eet.
1177 2679 1234 2706 Non
1248 2680 1316 2707 male
1332 2680 1383 2707 hoc
1397 2681 1458 2708 loeo
1469 2685 1562 2709 esset:
1577 2681 1703 2710 scuarin·
1716 2690 1767 2709 nu-

975 2721 1059 2775 tam-⁸
1079 2714 1176 2749 primus
1190 2720 1227 2755 est
1239 2715 1378 2756 perlectus.
1393 2715 1538 2758 Praestaret
1550 2715 1631 2745 etiam
1650 2715 1743 2752 {egero
1756 2725 1766 2744 ε
1790 2760 1796 2764 ι

972 2791 975 2794 -
1003 2753 1315 2814 ’ἑῖἶῦῗέῒίᾛὲῗῖίῖῖ
1329 2754 1596 2816 ’ὥὲἷὲὅῆἳῖἦέᾝίω
1612 2772 1767 2824 stami-

973 2817 1161 2854 ntymotogus,
1173 2820 1200 2848 tn
1213 2820 1344 2849 cni-onte«)
1353 2841 1362 2855 ,
1374 2823 1428 2849 eie.
1443 2819 1638 2857 sentiit-‚tom
1650 2818 1767 2856 torum

137 2846 172 2876 de
182 2854 223 2881 re,
237 2854 334 2884 prater
346 2848 471 2887 'physices
478 2851 508 2881 “et
517 2854 786 2898 optices'ccriptom2
798 2853 920 2906 qouniam
970 2853 1075 2892 lnwsse‘
1083 2861 1138 2884 ⁸⁰¹¹
1151 2859 1194 2885 ⁸⁸¹
1209 2875 1218 2897 a
1231 2855 1298 2907 8¹³⁸
1309 2860 1402 2891 m
1409 2853 1576 2892 mm*
1735 2878 1753 2903 *A

1738 2909 1755 2918 ο
