1832 3016
45 91 95 120 80¹

540 89 584 119 nt:
603 85 881 118 secti-:StAS'rtCts
899 87 1040 118 oFFtctts
1059 89 1124 118 titi.
1143 89 1177 118 ΙΙ.

1621 92 1675 122 8οΞ

44 147 203 183 appetitum.
218 146 288 175 Sane
302 143 432 181 quidquid
447 150 599 173 necessario
614 148 695 171 victui
707 146 832 177 superest
845 142 872 172 A
886 143 928 170 nis
942 146 1067 179 sumpsit,
1084 145 1179 173 dicens
1194 153 1202 171 :
1219 144 1324 172 Idcirco
1338 153 1388 181 eqo
1407 145 1580 179 poem'iemi'iim
1593 146 1621 174 in
1631 147 1676 182 Ῑα-

44 201 76 222 ex
88 194 214 229 operibus
229 199 354 220 manuum
367 196 394 218 et
408 191 548 225 epularum
559 189 743 221 restrictione,
759 192 831 216 tanta

45 247 109 267 cura
123 239 264 273 egentibus
277 236 453 265 distribuitur.
468 241 496 262 ut
512 235 576 262 nibil
591 239 737 267 remaneat,
760 234 831 269 quod

45 286 228 314 abundaverit.
245 284 283 311 Ad
297 282 372 318 cnjus
385 286 484 309 sanctae
495 281 597 308 miltiiae
612 281 778 315 propositum
787 288 833 307 ve-

46 334 121 359 niunt
137 339 189 358 non
203 330 289 357 solum
304 328 384 364 442
409 328 497 361 tiberi„
512 329 559 355 sed
575 327 655 355 etiam
673 328 831 362 plerumque

45 381 72 404 et.
85 384 117 404 ex
133 374 284 403 conditione
309 372 410 405 svrvili,
428 373 474 399 sed
491 377 600 407 propter
619 373 669 399 hoc
684 380 699 399 a
714 372 831 399 dominis

45 422 163 454 liberati,
179 421 220 447 vel
236 423 343 453 propter
365 419 415 446 boi:
430 420 518 454 potius
533 418 673 445 liberandi.

81 467 123 494 ¹6.
143 465 254 492 Veniunt
268 471 373 498 titioque
387 469 414 491 et
433 472 465 492 ex
480 465 533 490 vita
547 464 657 497 rustica,
669 464 703 491 'et
724 471 756 491 ex
772 463 831 498 opi-

45 513 121 541 lictiiii
134 511 325 539 exercitatione
339 516 366 538 et
379 519 411 538 eii
425 511 529 546 plebeio
540 511 640 542 labore,
657 515 730 538 tanto
741 511 832 544 utique

45 559 156 589 telirins,
169 562 268 591 quanto
283 557 377 583 lortius
388 556 505 583 educati.
520 556 596 589 Quod
611 556 634 582 si
656 563 709 582 non
732 555 832 582 admit-

44 608 140 635 tantur,
154 610 236 638 grave
257 602 382 628 delictum
394 606 444 628 est.
459 601 533 628 lllulti
546 601 616 628 enini
629 608 660 628 ex
676 608 709 628 eo
720 608 832 628 numero

43 656 107 676 vere
128 648 215 683 magni
231 648 404 681 imitandique
418 647 588 679 exstiterunt,
607 655 668 674 nain
689 652 831 682 propterea

42 699 68 722 et
82 695 185 722 infirma
207 694 296 721 mnndi
323 694 399 728 elegit
414 693 494 725 Deus,
510 697 539 720 ut
553 693 728 720 confunderet
740 694 829 727 sortia,

41 746 68 767 et
87 741 167 767 stulta
181 740 271 767 mnndi
287 740 375 774 elegii,
393 746 420 766 ut
441 739 618 766 confunderet
635 741 782 773 sapientes,
804 744 832 767 et

41 785 166 821 ignobilia
181 787 281 818 mundi,
305 790 331 812 et
345 793 376 812 ea
389 793 447 820 quae
459 793 510 811 non
525 791 597 819 suni,
615 791 641 811 ui
655 793 687 812 ca
698 794 757 820 quie
769 791 831 812 sunt

885 189 945 216 villa
959 195 983 217 et
999 191 1083 218 cinere
1099 190 1172 226 (Joli.
1189 198 1255 223 nii,
1269 191 1309 226 6).
1325 191 1390 219 Post
1411 192 1482 219 bone
1503 192 1580 221 nobis
1590 192 1674 222 thviit

885 237 1052 269 poeniieniiae
1067 237 1250 271 magisterium
1265 238 1392 271 praebuit,
1405 238 1514 273 quando
1527 239 1602 274 gravi
1616 238 1676 268 vui-

884 289 949 309 nere
959 282 1058 317 lapsus,
1068 284 1131 310 dum
1141 284 1260 310 audisset
1269 292 1284 310 a
1295 285 1424 318 propheta
1437 290 1575 319 peceatum
1583 292 1674 320 sittim,

884 327 1026 354 confestim
1041 329 1174 361 poenituii‚
1188 334 1215 356 et
1226 329 1331 363 culpam
1342 337 1418 356 suam
1435 330 1601 364 poeniieutiae
1610 338 1675 360 coti-

884 371 1000 398 sessione
1015 374 1120 399 sanavit
1136 373 1179 408 (ΙΙ
1193 374 1258 409 Req.
1274 374 1334 410 xii).

919 416 948 443 Ξ.
962 417 1002 444 Sit
1016 417 1139 445 Ninivitae
1151 438 1159 450 ,
1184 424 1211 445 et
1224 420 1270 445 ahi
1285 419 1363 446 mutii
1379 425 1488 453 peccata
1502 428 1548 448 sua
1561 422 1676 450 confessi

884 467 947 489 sunt
961 481 968 494 ‚
992 467 1019 489 et
1047 463 1234 496 poenitentiain
1257 471 1389 498 egerunt,
1405 465 1601 499 displicuerunt
1624 467 1675 494 sibi

884 507 976 542 quales
993 507 1111 541 suerint,
1138 513 1166 536 et
1187 509 1281 543 quales
1298 517 1345 542 per
1363 509 1445 536 Deum
1467 510 1530 538 l‘acti
1551 516 1611 538 suot
1638 511 1675 538 illi

885 553 1042 588 placuerunt
1057 553 1143 587 (Joiioe
1171 555 1223 588 iii).
1250 555 1297 582 Est
1311 559 1400 581 anteiit
1416 556 1571 589 poenitentia
1587 556 1674 583 medi-

884 606 1036 627 cainontum
1053 600 1182 632 vulneris,
1199 608 1260 634 spes
1276 601 1380 633 salotis,
1398 608 1446 635 per
1460 608 1540 635 quani
1551 607 1669 634 peceato·

885 654 928 673 res
951 650 1088 674 salvantur
1100 667 1108 679 ‚
1135 655 1182 680 per
1203 654 1282 680 quani
1309 647 1341 673 ad
1370 647 1579 674 misericordiam
1606 648 1676 676 Deus

885 698 1054 726 provocatur,
1066 701 1127 727 qiiae
1141 701 1193 720 non
1211 698 1330 727 tempore
1344 697 1481 727 pensatur,
1498 694 1545 720 sed
1562 693 1674 728 profun-

884 738 968 766 ditate
993 739 1078 766 lucius
1105 743 1133 766 et
1165 739 1355 774 lacrymarum.
1383 739 1541 766 Paenitentia
1576 747 1673 768 nomen

884 785 997 815 snmusii
1013 793 1026 811 a
1041 792 1128 820 poena,
1146 792 1198 819 qua
1214 785 1301 812 anima
1313 786 1447 812 cruciatur
1462 789 1489 812 et
1504 792 1567 812 caro
1581 785 1675 813 morti-

41 837 214 863 evacnentur,
230 836 257 858 et
270 839 321 858 non
337 832 466 866 glorietur
480 830 568 858 omnis
579 838 744 858 caroeoram
763 831 827 858 Deo.
847 828 869 858 B
885 830 986 858 licaiur.

77 877 122 904 17.
137 877 223 905 Simili
239 885 344 911 quoque
364 877 444 904 inodo
456 882 562 904 exstant
573 882 600 904 et
613 878 734 905 coeoobia
751 878 829 905 semi-

41 931 134 951 narum
151 923 206 950 Deo
221 923 336 951 sollicite
360 929 487 959 casteque
509 924 694 955 servientium,
711 932 770 958 quae
803 913 829 951 iii

42 969 202 998 habitaculis
215 971 272 998 suis
287 975 434 1006 segregatae
449 978 480 998 ac
506 975 616 998 remotae
631 979 645 997 a
662 971 727 997 viris
750 979 830 1006 quani

42 1017 197 1052 longissime
210 1019 250 1052 pia
264 1023 364 1045 tantum
374 1018 521 1045 sanctitatis
532 1019 662 1045 charitate
671 1019 828 1053 junguntur,

42 1068 69 1090 et
83 1063 231 1090 imitatione
242 1064 358 1091 virtutis.
371 1065 410 1090 Ati
424 1071 493 1098 quas
503 1065 628 1097 juveiinin
642 1065 729 1090 nullus
741 1071 831 1091 acces-

41 1117 88 1137 sus
103 1114 154 1142 est,
170 1117 258 1144 neque
278 1109 396 1144 ipsorum
420 1110 543 1143 quamvis
564 1110 783 1144 gravissimorum
803 1115 832 1138 et

41 1154 289 1189 probatis-imorum
305 1161 409 1187 senum.
427 1155 478 1181 nisi
504 1162 589 1188 usque
606 1155 638 1181 ad
669 1155 830 1182 vestibulum

41 1201 191 1229 necessaria
215 1201 359 1235 praebendi,
382 1201 480 1235 quibus
502 1201 619 1236 indigent
631 1223 638 1234 ‚
664 1204 759 1237 gratia.
786 1202 831 1229 llis

44 1250 166 1281 praesunt
179 1246 293 1281 singulae
316 1246 479 1280 gravissima:
494 1254 525 1273 ac
548 1247 752 1282 probatissimae,
778 1257 830 1275 non

42 1296 145 1319 tantum
170 1292 340 1319 instituendis
364 1293 608 1327 componendisque
629 1293 756 1325 moribus,
783 1294 830 1321 sed

40 1337 122 1365 etiam
144 1337 304 1365 instruendis
330 1338 462 1364 mentibus
485 1339 589 1372 peritae,
614 1343 694 1372 :itque
719 1344 828 1373 paralae.

40 1381 168 1412 Lanilicio
191 1383 269 1411 etiam
292 1390 389 1413 cori-us
413 1389 544 1411 exercent
562 1388 642 1417 atque
667 1390 830 1418 sustentant,

41 1436 255 1466 vestesqoeipsas
266 1434 403 1458 monachis
413 1431 529 1466 tradunt,
543 1431 576 1459 ab
588 1431 628 1458 h·s
636 1432 747 1460 invicem
759 1432 830 1468 qnod

40 1477 120 1504 victui
134 1484 200 1511 opus
215 1482 256 1504 est
271 1483 448 1505 resumentes.
463 1478 518 1505 llos
534 1486 632 1511 mores,
651 1478 719 1506 lianc
736 1480 827 1512 vitam,

40 1522 110 1551 hanc
132 1523 324 1551 institutionem
349 1528 441 1551 tencre
464 1524 585 1551 videntur
605 1524 727 1552 coenobia
751 1525 831 1560 virgi-

39 1577 104 1599 num
118 1578 150 1598 ac
164 1570 367 1598 monachorum.

76 1617 120 1645 18.
152 1617 273 1644 monachi
300 1622 388 1644 autem
413 1617 558 1645 secondum
581 1617 758 1645 humilitatem
784 1619 832 1646 eli-

40 1667 149 1698 guntur.
165 1662 261 1690 Multos
277 1663 347 1690 enim
363 1671 395 1690 ex
410 1664 449 1690 eis
462 1664 618 1691 cenodoxia}
634 1665 743 1691 morbus
755 1672 831 1691 coni-

41 1711 167 1742 maculat,
180 1709 278 1736 multos
288 1709 448 1737 abstinentia
462 1710 537 1737 inssat
557 1715 584 1737 et
597 1711 700 1738 extollit
709 1711 830 1739 scientia.

42 1755 152 1783 Faciunt
171 1764 241 1783 enim
256 1764 335 1789 oona,
351 1757 398 1784 sed
411 1762 520 1792 propter
533 1756 643 1789 samam,
657 1766 708 1784 noo
725 1764 833 1792 propter

42 1802 122 1829 vitam
138 1808 275 1834 internam,
288 1802 399 1835 scilicet,
412 1808 441 1830 ut
453 1807 498 1830 aut
511 1803 637 1831 affectent
652 1803 764 1838 gloriam
778 1807 833 1830 lau-

42 1847 93 1879 dis,
105 1853 150 1875 aut
166 1849 322 1882 perveniant
342 1848 374 1875 ad
395 1848 528 1883 fastigium
547 1850 694 1877 desiderati
711 1850 831 1877 nonoris.

43 1893 114 1921 luter
130 1894 178 1920 lios
189 1894 288 1928 saepius
296 1894 431 1921 discordia
445 1895 577 1928 oboritur,
595 1897 754 1931 invidiaeque
766 1897 833 1924 livor

43 1940 77 1968 tle
92 1941 216 1968 fraternis
231 1938 396 1975 profectibus
411 1941 539 1974 gignitur,
555 1949 631 1968 amor
646 1943 831 1976 temporalium

42 1994 132 2014 rerum
146 1990 292 2020 grassatur,
310 1990 453 2020 sequentes
467 1990 588 2014 terrenas
602 1987 833 2021 concupiscentias

43 2037 117 2061 tanto
129 2033 263 2061 inhianter
273 2038 374 2068 quanto
389 2034 488 2068 saepius
503 2040 532 2061 et
547 2041 611 2062 ante
625 2035 754 2063 humanos
770 2043 833 2063 ocu-

0 2076 1 2102 ]
43 2079 84 2107 los
98 2079 275 2113 impudenter.
302 2079 381 2106 Tales
409 2080 498 2114 itaque
513 2088 679 2115 nequaquam
708 2081 833 2108 monachi

43 2124 153 2152 vocandi
165 2129 236 2158 sunt,
248 2125 308 2160 quia
325 2124 378 2152 Deo
389 2125 447 2152 sola
458 2125 635 2160 professione,
650 2134 702 2153 non
714 2127 832 2160 actione,

43 2169 195 2207 iunguntur.
544 2204 546 2206 Ι

271 2206 352 2243 443
371 2206 486 2234 CAPUT
507 2206 586 2234 XVll.

320 2252 360 2279 De
371 2253 561 2288 poeiii'teiiti'lius.

81 2297 106 2325 l.
124 2297 318 2326 Poeniteiitibus
332 2298 383 2326 Job
403 2300 558 2334 exemplum
573 2300 673 2334 primus
688 2300 809 2329 exhibuit
821 2322 829 2335 ,

45 2345 150 2379 quando
171 2349 229 2379 post
249 2344 340 2373 funera
357 2346 398 2374 vel
413 2347 515 2383 flagella
530 2347 617 2375 adbuc
637 2348 664 2375 in
682 2348 724 2375 sui
740 2348 832 2376 redar-

45 2391 153 2424 gutione
166 2391 246 2418 etiam
267 2391 294 2418 in
309 2392 396 2420 cilicio
410 2397 438 2420 et
451 2393 542 2422 cinere
560 2394 675 2422 lamenta
690 2394 834 2428 poeiiitudi-

74 2456 126 2496 ¹¹7.
147 2455 208 2489 Alii,
224 2457 335 2484 cirtioln'a
350 2460 512 2493 sentinarum,
529 2466 582 2490 etc.
600 2462 653 2495 At..
666 2463 779 2490 coenobia
793 2465 834 2499 se-

49 2493 184 2531 ·n'irioruni.
201 2491 248 2518 linc
261 2497 307 2523 ιιι,
321 2495 481 2522 monachales
493 2498 614 2532 virgines,
629 2499 739 2526 sollicite
751 2505 834 2526 cosle-

52 2533 94 2559 μω
109 2530 241 2552 sei-mentes
256 2526 317 2557 Deo.
331 2536 388 2562 qiiae
399 2530 558 2560 habitaculis.
570 2537 621 2559 etc.
642 2532 727 2560 Αιιιῖν.

81 2559 146 2599 Ciir.
162 2567 229 2587 xvii.
244 2560 276 2587 N.
290 2562 318 2588 2.
339 2561 490 2592 Poeiii'teuiia
502 2573 607 2598 tioium,
619 2573 672 2595 etc.
687 2569 742 2602 Al„
755 2571 836 2604 poeni-

47 2597 128 2622 mitui
139 2600 224 2621 uuiem
237 2603 286 2622 noo
301 2598 425 2624 mensium
445 2606 475 2625 oi:
493 2604 634 2635 impsum
654 2611 728 2631 conii
742 2613 835 2640 penta-

47 2634 99 2663 μιν,
114 2630 158 2656 ud
167 2638 241 2666 pieria
249 2638 300 2666 qua
309 2633 394 2658 animo
403 2634 533 2662 cruciatio·
546 2641 569 2662 et
582 2638 752 2673 nii-riificutor
762 2648 832 2668 coro.

45 2663 85 2728 [Δια
111 2672 216 2700 quodue
239 2665 340 2693 invenit
360 2666 507 2702 llittorpiuii
528 2670 555 2697 in
578 2671 663 2699 tribus
686 2673 750 2701 Mus.
766 2675 832 2703 suis.

72 2707 132 2728 sev.

42 2763 50 2769 ,‚
81 2736 110 2764 δ.
129 2734 300 2764 Consuetudo
330 2737 514 2772 poeniiontium
545 2739 646 2773 piei-iim
667 2748 701 2768 ue
724 2747 782 2772 erat
806 2749 836 2774 ut

35 2770 156 2807 ,caisinos
181 2770 342 2812 tonderem,
363 2772 410 2800 sed
427 2780 460 2802 en
480 2781 533 2802 noo
546 2780 642 2810 genera
669 2784 694 2803 ιιι
708 2778 834 2810 obtinuit.

33 2800 113 2837 fuam
134 2809 244 2835 noctus
266 2806 463 2845 Hieronymus,
486 2809 566 2846 epist.
589 2809 636 2840 30.
656 2811 792 2843 Fabiolam
805 2817 834 2846 iii

919 875 945 902 5.
961 876 991 902 lli
1009 883 1073 903 veno
1087 876 1131 910 qui
1147 876 1332 908 poenitentiam
1347 881 1447 911 agunt,
1466 877 1577 911 proinde
1591 877 1677 911 capil-

884 921 925 948 los
938 926 963 948 ei
979 922 1089 948 barbam
1105 921 1236 954 nuti-iiiiii,
1253 923 1473 949 ntdenionsiretit
1484 923 1674 950 abund.·niiaio

883 967 1036 1000 criminum,
1054 967 1150 1002 qubus
1165 973 1245 1002 caput
1259 968 1408 1002 peccatoris
1422 974 1558 1003 gravator.
1580 969 1676 1003 capilli

884 1015 955 1041 enini
969 1023 1015 1048 pro
1030 1014 1101 1040 vitiis
1117 1014 1295 1047 accipiuntur,
1307 1015 1377 1042 sicui
1391 1016 1521 1048 scriptum
1539 1020 1599 1042 est:
1618 1015 1677 1042 Cri*-

884 1059 958 1085 nihii.
984 1064 1147 1093 peccalorum
1165 1068 1270 1086 suorum
1291 1061 1465 1095 unusquisque
1491 1061 1675 1095 constriiiqi'tur

886 1104 976 1140 (Pron.
990 1113 1016 1138 v,
1029 1105 1087 1140 22).
1106 1106 1150 1132 Vir
1158 1107 1251 1141 quippe
1266 1107 1288 1133 si
1302 1115 1399 1133 conium
1414 1108 1522 1141 iiittn'ai,
1536 1108 1678 1142 iqiiomi'nia

884 1153 920 1176 est
933 1150 991 1182 illi,
1016 1155 1044 1176 nt
1059 1151 1095 1177 ait
1124 1152 1267 1185 Apostolus
1290 1151 1326 1186 (1.
1343 1151 1404 1179 Cor.
1428 1153 1475 1187 xi).
1503 1153 1588 1187 ipsam
1612 1162 1677 1189 ergo

885 1196 1056 1229 ignominiam
1074 1198 1224 1232 suscipiunt
1250 1199 1412 1232 poenitentes
1427 1206 1476 1233 pro
1499 1199 1593 1226 merito
1609 1207 1677 1234 pec-

884 1247 1012 1269 calorum.

921 1288 947 1314 4.
972 1289 1047 1321 Quod
1073 1296 1136 1316 vero
1162 1288 1188 1315 in
1204 1289 1294 1316 cilicio
1310 1294 1514 1323 prosternuntur
1527 1310 1536 1324 ‚
1562 1298 1608 1324 per
1622 1291 1679 1317 cili·

887 1334 956 1359 cinin
973 1335 1072 1368 qnippe
1089 1334 1238 1360 recordatio
1250 1339 1291 1361 est
1309 1341 1477 1368 pes-catorum
1496 1340 1604 1369 propter
1620 1336 1678 1364 lioe-

883 1382 931 1405 dos
946 1385 978 1404 au
1002 1379 1138 1405 sinistram
1161 1378 1274 1406 tuturos.
1294 1380 1355 1407 lnde
1382 1387 1446 1415 ergo
1466 1381 1626 1408 confitentes
1648 1382 1675 1409 in

884 1423 972 1452 cilicio
988 1424 1201 1458 prosternimur,
1231 1429 1357 1459 tanquam
1374 1426 1493 1453 dicentes
1509 1435 1516 1454 ι
1541 1426 1623 1462 444
1644 1426 1677 1453 Et

884 1477 1014 1506 peccatam
1041 1480 1124 1498 nieum
1145 1477 1235 1499 conii-11
1250 1480 1289 1498 me
1310 1477 1347 1499 est
1370 1481 1428 1506 sem,
1442 1481 1476 1500 er.
1495 1474 1570 1506 Quod
1586 1477 1675 1500 autem

843 1515 867 1548 C
883 1518 973 1545 cinere
990 1523 1168 1554 asperguntur
1182 1540 1188 1550 ,
1207 1519 1249 1546 vel
1267 1523 1296 1546 ut
1317 1520 1370 1546 sini
1387 1527 1518 1547 memores
1534 1520 1595 1555 qnia
1610 1519 1678 1547 cinis

883 1569 909 1591 et
924 1565 1010 1598 pulvis
1026 1571 1106 1595 sunt;
1136 1565 1176 1591 vel
1202 1564 1262 1598 quia
1280 1564 1374 1598 pulvis,
1390 1565 1414 1591 id
1431 1569 1492 1598 est,
1515 1565 1588 1599 impii
1615 1565 1677 1592 l'acti

883 1616 964 1643 sunt;
981 1610 1051 1637 unde
1067 1614 1094 1637 et
1109 1610 1145 1636 illi
1162 1610 1384 1643 praevaricatores
1400 1611 1479 1644 primi
1495 1610 1620 1637 homines
1636 1617 1678 1638 re-

883 1658 1010 1684 cedentes
1027 1665 1041 1683 a
1059 1657 1113 1684 Deo
1126 1676 1132 1688 ,
1159 1656 1289 1691 malisque
1315 1656 1390 1683 sactis
1405 1656 1572 1684 offendentes
1597 1657 1680 1684 Crea-

885 1708 982 1733 torem.
999 1704 1025 1729 in
1039 1703 1187 1737 pulverem,
1202 1703 1272 1729 unde
1289 1703 1375 1736 prinio
1388 1703 1487 1735 sumpti
1502 1707 1576 1734 sunt,
1592 1702 1680 1731 redie-

884 1753 957 1775 runt.
976 1749 1046 1776 Bene
1061 1756 1124 1783 ergo
1139 1750 1164 1775 in
1180 1748 1281 1780 cilicio,
1296 1752 1323 1775 et
1333 1749 1424 1776 cinere
1436 1749 1569 1783 poenitens
1582 1749 1678 1783 deplo-

885 1802 927 1824 rat
942 1801 1093 1831 peccatnm‚
1108 1796 1168 1831 quia
1186 1796 1210 1822 in
1227 1796 1316 1823 cilicio
1330 1797 1460 1831 asperitas
1475 1801 1528 1828 esi,
1544 1802 1572 1823 et
1587 1803 1678 1830 punc-

886 1842 922 1868 tio
944 1846 1134 1876 peccatoiom,
1159 1841 1185 1867 in
1201 1840 1291 1868 cinere
1315 1845 1404 1868 autem
1421 1841 1506 1876 pulvis
1530 1840 1680 1869 ostenditur

886 1895 1064 1915 mortuorum.

921 1934 948 1961 5.
965 1934 996 1960 Et
1012 1934 1110 1960 idcirco
1125 1933 1149 1960 in
1165 1939 1280 1969 utroque
1301 1933 1486 1967 poenitentiam
1501 1934 1623 1970 agimus,
1652 1939 1681 1962 ut

886 1984 912 2006 et
923 1979 1067 2013 punctione
1074 1979 1156 2006 cilicii
1166 1987 1342 2014 agnoscamus
1353 1980 1430 2013 viiia,
1443 1988 1501 2015 qnae
1514 1988 1560 2014 per
1572 1980 1679 2015 colpam

886 2025 1086 2052 commisimus:
1112 2030 1138 2052 et
1155 2033 1201 2059 per
1216 2025 1334 2052 favillam
1354 2025 1454 2052 cineris
1480 2028 1680 2059 perpendamus

886 2071 980 2098 mortis
995 2072 1175 2103 sententiam,
1200 2071 1232 2097 ad
1247 2078 1325 2104 :iiiam
1342 2071 1479 2105 peccando
1496 2072 1679 2106 pervenimus.

886 2116 1057 2144 Poenitentiae
1078 2122 1166 2143 autem
1183 2117 1332 2144 remedium
1359 2117 1477 2144 Ecclesia
1503 2117 1634 2144 catholico
1653 2117 1680 2144 iii

887 2170 934 2197 spe
949 2163 1121 2197 indulgentia}
1136 2162 1249 2189 tidenter
1259 2163 1349 2197 alligat
1362 2162 1554 2190 exercendum.
1570 2163 1603 2189 Et
1615 2166 1677 2196 post

844 2201 873 2233 Ῐ)
887 2215 967 2235 unum
984 2207 1108 2242 baptismi
1129 2212 1342 2241 sacramentum,
1368 2208 1439 2241 quod
1455 2208 1582 2242 singulari
1598 2207 1681 2235 tradi-

885 2254 958 2281 tione
977 2253 1195 2281 coinmendatuin
1212 2254 1328 2281 sollicite
1353 2253 1478 2288 probibet
1503 2254 1655 2282 liei-:nidum
1667 2272 1676 2286 ‚

886 2299 1040 2327 medicinali
1064 2299 1185 2327 remedio
1202 2300 1367 2334 poeniientiae
1388 2302 1516 2329 subroitai
1538 2298 1679 2327 adiumen-

885 2349 951 2373 tum.

921 2392 947 2419 6.
961 2392 1043 2426 Cujus
1057 2391 1168 2420 remedii
1178 2399 1257 2427 egere
1269 2399 1298 2420 se
1314 2392 1404 2420 cuncti
1419 2397 1568 2427 agnoscere
1580 2390 1680 2418 debent

888 2461 982 2488 ordine
1007 2459 1192 2494 poeuiieritium
1217 2459 1326 2487 stetisse
1340 2459 1376 2486 ait
1398 2467 1490 2491 sparso
1504 2458 1582 2485 crine.
1614 2457 1681 2485 vida

888 2496 1074 2529 Binghamuin,
1090 2500 1153 2521 toni.
1173 2494 1237 2526 vlit,
1252 2502 1278 2528 p.
1296 2494 1358 2526 122,
1374 2493 1436 2521 ¹25.
1458 2494 1527 2521 lteos
1540 2493 1608 2528 apud
1624 2492 1678 2520 Ro·

888 2539 981 2558 manos
995 2537 1098 2557 comam
1114 2530 1186 2556 alere
1209 2530 1304 2556 solitos
1328 2537 1380 2556 noti
1398 2531 1481 2556 semel
1494 2530 1520 2556 iii
1534 2531 1678 2556 comment.

887 2567 921 2594 ad
938 2566 1107 2592 l'ruiteiiiiiun
1121 2564 1248 2597 explicui,
1266 2572 1325 2599 pag.
1342 2563 1405 2598 740.
1419 2563 1482 2596 8⁸5,
1502 2562 1578 2591 1168.
1593 2564 1678 2591 Attev.

924 2602 949 2627 t.
975 2600 1020 2627 Vel
1032 2601 1093 2635 quia
1108 2601 1199 2633 puluis,
1213 2604 1265 2626 etc.
1280 2600 1336 2629 At..
1351 2601 1388 2626 vel
1398 2599 1458 2634 qiii‘a
1473 2608 1489 2626 a
1503 2600 1604 2632 putum
1617 2599 1679 2635 sacti

889 2642 948 2665 sunt
962 2657 968 2668 ,
993 2637 1019 2662 t'd
1033 2640 1069 2662 εει
1079 2655 1086 2666 ,
1115 2634 1187 2669 impii
1209 2634 1271 2668 facti
1285 2639 1353 2661 sitiit.
1379 2635 1438 2669 Quo
1452 2634 1504 2662 ritu
1516 2634 1542 2661 in
1558 2634 1679 2664 Ecclesia

890 2674 1008 2700 lion-:ina
1023 2670 1183 2703 omnitentes
1195 2678 1224 2696 se
1247 2677 1273 2696 m
1287 2674 1386 2697 terram
1401 2670 1565 2704 abjicerent,
1576 2669 1680 2698 descri-

889 2709 926 2736 mi
941 2706 1117 2738 sozomenus,
1131 2705 1177 2731 hh.
1193 2712 1241 2738 vii,
1254 2712 1279 2732 c.
1295 2703 1340 2732 ¹6.
1357 2706 1442 2733 Ansv.

925 2745 951 2769 ti.
985 2741 1084 2768 uorum
1114 2740 1238 2767 duntaxat
1269 2739 1391 2775 dimitiam
1422 2743 1532 2768 mnata.
1561 2740 1678 2770 otendit

889 2777 1018 2815 quasdam
1034 2776 1077 2803 iiie
1100 2775 1174 2803 iocus
1184 2794 1193 2809 ‚
1209 2775 1254 2810 qui
1273 2782 1325 2803 non
1341 2777 1482 2805 advertere
1495 2776 1531 2805 ile
1544 2776 1679 2812 multen-

890 2817 925 2845 ua
937 2813 1042 2850 publica
1066 2810 1138 2846 ioqui
1153 2811 1294 2840 isidorum.
1322 2810 1394 2842 Seni
1407 2815 1498 2842 autem
1510 2811 1594 2842 verli·
1616 2809 1670 2842 Fo-
