1832 3016
136 140 170 167 ⁶5
641 131 672 160 S.
691 129 814 159 lSlDORl
837 129 1057 159 lllSPALENSlS
1077 129 1229 159 EPISCOPI

1718 118 1768 162 ’111
1816 128 1819 129 ’

133 194 263 225 sessione,
291 192 333 220 vel
353 198 369 218 a
389 188 521 218 soliditate
547 186 658 214 dictum.
688 186 789 214 Solium
819 185 917 218 Latini,
934 188 1064 218 Asenex.
1076 186 1190 215 Senecta
1202 190 1292 214 autem
1306 191 1348 214 est
1361 187 1418 222 ipsa
1432 194 1501 220 sors,
1516 186 1572 215 sive
1586 186 1597 223 [
1610 187 1664 222 At„
1675 182 1765 227 atqu‘e]

135 240 218 267 Graeci
243 239 365 265 thronum
391 235 490 262 dicuni.
521 234 605 261 Sedes
629 238 717 260 autem
742 233 837 264 dictze.
859 232 920 266 quia

134 284 202 319 apud
219 288 320 310 veteres
341 281 476 307 Romanos
497 287 550 306 non
573 282 631 306 erat
650 286 712 305 usus
733 277 919 305 accumbendi.

136 329 209 357 Unde
221 332 248 355 et
262 325 406 353 consedere
425 325 533 358 antiquo
548 331 622 351 more
636 323 743 350 dicitur.
760 323 824 349 Nam
847 327 919 350 vete-

133 381 175 400 res
197 372 319 399 sedentes
334 370 518 404 epulabantur.
541 370 649 401 Postea,
667 374 696 396 ut
714 369 751 395 ait
775 368 870 402 Varro,
887 369 922 396 de

133 417 190 444 Vita
209 417 298 451 populi
313 416 435 448 Romani,
451 415 499 442 viri
514 415 683 442 discumbere
698 416 849 450 coep'erunt,
863 422 921 442 mu-

133 463 210 489 lieres
225 462 330 489 sedere.
354 462 419 495 Quia
442 466 518 495 turpe
542 460 594 488 illis
606 465 664 487 erat
679 460 848 487 discumbere
863 468 921 487 mu-

132 508 226 536 lierem
243 508 307 544 [Ab.
323 508 488 535 discumbere
505 506 613 541 visuml.

166 554 227 581 525.
253 554 322 580 lnter
351 552 457 579 Servum
493 556 518 579 et
543 552 681 586 samztlum.
711 552 787 579 Servi
812 557 874 580 sunt
894 553 920 580 in

132 599 202 626 bello
214 599 292 632 capti,
313 599 389 633 quasi
409 598 523 630 servati;
544 599 613 626 sicut
628 599 790 633 mancipium
805 599 839 625 ab
859 599 922 626 lios-

132 645 212 677 tibus,
228 646 302 679 quasi
319 652 396 672 manu
407 649 524 679 captum.
540 643 644 671 Famuli
659 649 747 672 autem
762 651 795 672 ex
808 645 922 679 propriis

132 691 237 719 familiis
254 692 315 719 orti.
544 688 545 691 ¹

168 737 229 764 526.
250 737 320 763 lnter
348 736 500 763 Ser-vitutem
520 740 547 763 et
571 737 709 763 servitium.
738 736 860 764 Servitus
880 741 922 764 est

133 781 249 809 conditio
272 781 416 813 serviendi,
440 781 579 808 servitium
602 788 729 808 numerus
748 781 921 809 servientium

133 828 200 864 [Al.,
216 834 352 854 servorum
365 827 427 862 est].

973 232 1092 259 conditio
1107 234 1237 260 senectuti
1253 232 1395 260 accedens.

1007 277 1070 304 552.
1086 277 1157 305 Inter
1172 277 1272 305 Sanum
1288 282 1316 305 et
1334 278 1454 305 sonitum.
1470 278 1559 306 Sonus
1571 278 1636 314 [At.,
1651 278 1767 315 sonitus]

973 326 1015 350 est
1035 322 1162 358 quidquid
1186 323 1293 350 auditur
1312 323 1451 356 sensibile,
1466 324 1569 351 sonitus
1589 323 1656 359 [At.,
1672 324 1766 360 sonus]

972 374 1036 395 vero
1049 368 1170 396 confusio
1184 368 1250 405 [At.‚
1267 367 1395 403 contusa]
1409 360 1481 397 vocis
1496 370 1632 398 tubarum.

1008 413 1071 441 553.
1092 413 1183 449 Spolia
1209 412 1242 441 ad
1266 414 1463 449 exspoliantes,
1491 415 1590 442 auvioe
1610 415 1643 442 ad
1669 413 1769 451 exspo-

972 459 1060 486 liatos.
1080 465 1082 468 ·
1476 455 1479 457 ’

1009 503 1071 531 554Ᾱ
1083 504 1156 532 Inter
1167 504 1273 532 stillam
1282 509 1309 532 et
1320 509 1419 540 quitum
1430 505 1564 533 Palaemon
1579 508 1770 541 grammaticus

972 550 1007 577 ita
1019 550 1175 585 distinguit:
1189 546 1277 582 Galia,
1291 544 1384 584 inquit,
1396 555 1464 583 που
1477 550 1547 577 stilla
1562 552 1641 579 cadit.

1008 594 1072 622 555.
1094 595 1166 622 lnter
1188 594 1330 622 Stationem
1350 600 1376 623 et
1390 600 1504 631 portum.
1530 595 1617 623 Statio
1641 601 1698 630 est,
1722 598 1770 625 ubi

973 642 1006 668 ad
1029 648 1133 676 tempus
1157 647 1228 670 stant
1250 650 1344 675 naves,
1370 647 1463 677 portus
1485 642 1530 669 ubi
1549 642 1681 684 hiemant.
1702 643 1770 672 Nam

974 692 1067 722 portus
1084 689 1157 715 locus
1185 689 1292 724 ignotus
1315 693 1356 716 est
1378 689 1412 716 ab
1427 695 1537 717 accessu
1552 694 1703 723 ventorum,
1724 690 1770 718 ubi

973 733 1086 761 hiberna
1101 742 1238 768 opponere
1250 735 1349 762 solent.
1506 771 1508 773 Ι

975 786 977 788 ·
1012 780 1073 808 556.
1091 781 1163 807 luter
1185 781 1311 808 Serenum
1325 786 1352 808 et
1365 782 1541 817 tranquillum.
1557 783 1686 810 Serenum
1698 777 1769 811 enirn

974 825 1007 852 ad
1034 826 1131 852 coelum
1153 826 1248 853 referri
1273 831 1370 861 potest,
1392 827 1424 854 ad
1446 823 1520 855 mare
1541 835 1594 855 non
1609 833 1706 864 potest.
1723 829 1772 857 Se-

169 872 232 900 527.
250 873 319 899 lnter
333 873 456 900 Socerum
475 877 502 900 et
516 881 627 900 socrum.
642 873 770 901 Socerum
784 874 870 901 virum
886 873 926 901 di·
938 871 962 900 B
978 878 1071 898 renum
1086 871 1157 898 enim
1173 871 1270 898 coelum
1284 872 1411 905 dicimus,
1430 873 1602 908 tranquillum
1619 881 1702 902 mare.

134 918 230 950 cimus,
247 925 353 945 socrum
367 918 505 945 feminam.

169 964 230 991 528.
247 963 317 991 inter
331 964 529 992 similitudinem
542 970 569 992 et
583 966 702 1000 fiquram.
719 966 871 994 Similitudo
884 970 924 994 est

133 1016 192 1036 cum
213 1010 357 1036 secundum
379 1010 494 1044 aliquam
518 1011 633 1044 speciem
660 1012 743 1038 visam
769 1011 856 1046 imago
874 1008 923 1039 'vel

133 1055 258 1088 pingitur,
275 1056 316 1082 vel
330 1054 470 1082 formatur.
495 1055 591 1090 Figura
611 1061 651 1083 est
673 1064 732 1083 cum
749 1057 924 1090 impressione

132 1099 225 1125 lormae
235 1099 346 1133 alicujus
362 1101 448 1134 imago
462 1101 629 1134 exprimitur,
645 1102 727 1129 veluti
740 1103 763 1130 si
777 1103 802 1129 in
817 1110 879 1130 cera
891 1111 924 1131 ex

132 1143 230 1170 annulo
253 1143 367 1178 effigiem
393 1149 491 1177 sumat,
518 1150 562 1172 aut
586 1146 609 1173 si
634 1146 730 1181 figulus
753 1148 780 1174 in
804 1148 923 1183 argillam

134 1197 240 1216 manum
267 1190 423 1224 vultumque
446 1190 561 1225 aliquem
585 1191 731 1226 imprimat,
753 1198 780 1220 et
800 1193 925 1229 lingendo

134 1235 244 1269 liguram
260 1235 346 1262 faciat.

170 1281 230 1307 529.
253 1281 322 1308 lnter
341 1281 495 1316 sanquinem
528 1287 554 1309 et
585 1291 710 1311 cruorem.
745 1285 859 1320 Sanguis
885 1290 926 1313 est

134 1327 197 1354 dum
216 1328 242 1354 in
256 1334 368 1361 corpore
383 1331 482 1359 manet.
505 1327 604 1354 effusus
615 1336 678 1355 vero
693 1337 773 1356 cruor
788 1330 825 1357 sn.
842 1330 926 1359 Cruor

119 1376 223 1398 —autem
239 1379 254 1397 3
269 1371 401 1398 cruditate
417 1377 536 1404 vocatur,
553 1373 623 1400 uude
638 1378 665 1400 et
681 1374 825 1402 crudelitas
843 1376 925 1408 dicta,

135 1422 163 1444 et
183 1416 290 1443 crudus.
315 1416 367 1443 Alii
397 1417 487 1443 dicunt
515 1425 637 1445 cruorem
661 1419 830 1447 victimarum
855 1428 926 1455 esse,

135 1461 289 1496 sanguinem
305 1461 448 1488 bominum.
467 1462 500 1489 Ut
517 1462 642 1496 Virgilius
658 1463 775 1498 (AEneid.
788 1465 817 1498 u)
836 1474 842 1491 ε

227 1508 350 1539 Sanguine
361 1508 471 1539 placastis
484 1510 577 1539 ventos,
591 1513 617 1534 et
634 1510 727 1539 virgine
739 1516 801 1535 caesa
811 1517 818 1540 ;

136 1548 163 1575 id
177 1553 226 1580 est,
244 1549 371 1583 sanguine
388 1550 496 1584 virginis
512 1550 616 1577 occisae.
763 1554 765 1557 ’

172 1593 232 1621 550.
248 1594 316 1621 lnter
341 1594 432 1622 Sinum
453 1600 480 1622 et
499 1595 631 1629 gremium.
653 1594 747 1622 Sinum
761 1596 874 1624 dicimus
887 1598 925 1625 si-

137 1644 223 1666 nuatae
237 1640 318 1666 vestis
333 1641 542 1674 receptaculum,
556 1642 686 1674 gremium
701 1642 814 1669 interius
830 1650 924 1671 aecur-

140 1688 198 1710 tawe
212 1685 277 1719 [AL.
292 1685 445 1720 accurata-J.

170 1730 224 1764 68
239 1730 299 1757 551.
316 1731 385 1758 luter
405 1731 511 1758 Senium
527 1736 553 1760 et
566 1737 726 1759 senectutem.
739 1734 869 1761 Senectus
885 1740 926 1762 est

136 1775 240 1808 gravior
263 1779 327 1802 :etas
351 1780 409 1809 post
430 1776 597 1809 juventutem
622 1778 791 1811 succedens,
822 1780 925 1807 senium

137 1825 224 1846 autem
249 1820 339 1847 ultima
367 1826 431 1848 :etas
463 1827 521 1856 post
549 1823 704 1857 gravitatem
731 1826 851 1853 veniens.
878 1827 922 1853 Sic

137 1872 219 1892 senex
233 1869 260 1892 et
274 1867 372 1896 senior,
389 1866 453 1894 Nam
467 1868 556 1895 senior
570 1868 657 1896 adhue
678 1869 795 1900 viridior.
813 1871 846 1898 Ut
861 1872 924 1899 illud

140 1911 311 1946 virgilianum
325 1921 332 1939 :

213 1958 265 1983 lam
277 1960 369 1991 senior,
383 1960 427 1985 sed
437 1961 511 1986 cruda
522 1961 569 1986 deo
582 1962 714 1993 viridisque
723 1965 846 1988 senectus,

138 2004 171 2032 Et
185 2005 324 2033 Terentius
342 2015 348 2033 :
369 2007 425 2039 Qno
436 2009 496 2043 jure
516 2017 572 2035 sum
587 2017 647 2036 usus
662 2010 860 2042 adolescentiam
875 2019 926 2038 non

138 2052 221 2085 utique
233 2053 313 2087 magis
328 2052 483 2086 adolescens,
507 2054 550 2081 sed
561 2055 658 2083 minus.
674 2055 706 2083 Ut
722 2057 822 2089 senior,
838 2057 926 2084 minus

172 2107 234 2134 523.
249 2107 396 2142 etymolog.
412 2097 510 2141 lib,'v1‚
524 2117 582 2143 cap.
597 2110 641 2136 19.

174 2141 235 2168 524.
254 2142 400 2177 Etymolog.
418 2143 462 2170 lib.
476 2152 521 2176 xx,
534 2151 591 2176 cap.
610 2146 652 2171 ll.

172 2190 208 2195 —
222 2177 333 2203 Solium.
347 2177 436 2210 Serv.,
458 2179 491 2205 ad
514 2179 578 2205 illud
598 2186 606 2205 1
627 2179 690 2206 AEn.
708 2187 714 2206 :
732 2179 851 2215 Solioque
877 2181 928 2209 alte
943 2184 968 2214 Ι)

138 2211 244 2238 subnixa
254 2212 355 2238 resedit.
770 2241 772 2244 ,

155 2262 157 2265 ψ
175 2260 211 2266 -
225 2246 303 2272 Sedes
318 2250 400 2272 autem
412 2248 497 2274 unius.
510 2247 616 2277 isidor..
633 2249 752 2282 proxime
765 2250 844 2276 citato
858 2250 932 2278 loco:

175 2280 237 2308 525.
254 2281 402 2316 Etymolog.
419 2282 463 2309 lib.
480 2290 536 2314 vm,
550 2290 608 2317 cap.
623 2283 649 2311 t.

175 2315 238 2343 526.
253 2316 291 2342 Ex
306 2316 442 2349 Sosiputro
457 2316 543 2349 Caris.

177 2351 239 2377 5⁴29.
256 2350 406 2385 Etymolog.
422 2353 466 2379 lib.
484 2361 522 2384 xi,
535 2360 594 2387 cap.
611 2354 634 2379 l.

173 2400 208 2405 ·--
221 2385 314 2412 Cruor.
334 2385 425 2420 Serv.‚
446 2387 479 2414 ad
506 2388 568 2414 illud
591 2396 638 2416 vm
657 2388 721 2416 AEn.
741 2388 929 2428 :lTept'clusque

139 2423 297 2482 :ruffinis-aaa
299 2421 475 2484 1311111116τῖ2ῗῆ
485 2461 544 2484 erat
555 2466 630 2485 cruor
641 2459 813 2492 victimarum,
825 2466 872 2493 per
884 2466 929 2487 et·—

140 2497 242 2523 rorcm,
259 2494 286 2517 ut
298 2496 376 2524 puto,
389 2499 437 2532 pro
450 2500 576 2520 cruorem.
587 2493 672 2521 Annv.

122 2538 126 2591 ξ
175 2525 276 2587 ῗιειὲ
271 2527 377 2601 :ey-133⁰
391 2527 608 2602 &issbiessssr’nfffiss
617 2528 652 2590 {¹1
662 2563 743 2591 citato
754 2563 934 2598 tocolsidori,

141 2594 185 2620 red
200 2603 256 2622 sene
271 2603 352 2622 mitius
366 2600 403 2622 eat
414 2603 507 2623 semor.

174 2643 208 2648 —
221 2628 281 2656 Iam
295 2630 389 2657 senior.
403 2630 464 2658 vid.
479 2631 567 2664 serm,
577 2632 686 2667 ibidem,
701 2633 806 2661 AEneid.
818 2642 856 2662 vt.

164 2662 246 2691 -uvid,
269 2664 304 2691 De
313 2666 394 2694 variis
408 2666 494 2693 aetatis
503 2667 629 2701 grauibus
640 2669 714 2702 plura
726 2669 780 2696 dixi
795 2669 822 2696 in
834 2669 943 2710 prola,

143 2699 313 2731 gomenisjd
334 2700 517 2734 Dracontium.
534 2709 593 2737 pag.
616 2703 662 2730 2¹.
685 2703 812 2747 lut-extu
832 2704 926 2733 Grialii

142 2737 219 2759 erat:
234 2733 278 2761 stc
289 2741 359 2762 cene·
373 2742 421 2769 pro
434 2736 469 2763 tic
478 2744 565 2764 senez.
578 2737 673 2765 Anam·

144 2807 249 2864 mffl?
252 2806 296 2865 ⁸1⁴3¹
307 2837 411 2874 Servio,
422 2820 510 2871 edili}
526 2841 686 2873 tt'AEneid.-:
696 2843 782 2872 Statio
792 2836 927 2881 ff‘ffl

1011 916 1082 948 537„
1097 916 1169 943 lnter
1181 916 1253 944 Saxa
1269 921 1295 944 et
1309 918 1418 952 lapides.
1443 918 1513 945 Saxa
1537 923 1638 946 tantum
1660 919 1772 956 durissi-

975 969 1030 994 ma,
1045 970 1105 989 nam
1121 963 1187 996 lapis
1203 967 1230 990 et
1244 963 1310 989 dura
1326 963 1456 991 'etinollis
1473 968 1514 991 est
1528 969 1614 999 petra.

1011 1008 1074 1036 558.
1101 1009 1172 1036 lnter
1194 1009 1307 1044 Specum
1331 1014 1358 1036 et
1380 1015 1492 1036 antrum.
1526 1009 1640 1044 Specum
1673 1010 1770 1045 Latini,

976 1048 1062 1080 Graeci
1082 1058 1188 1080 antrum
1206 1054 1309 1081 dicunt.
1335 1054 1403 1082 Sunt
1425 1060 1513 1082 autem
1537 1056 1595 1083 loca
1622 1063 1655 1083 ex
1675 1056 1772 1091 quibus

976 1107 1141 1134 repercussae
1155 1108 1235 1127 voces
1250 1101 1394 1134 imaginem
1410 1101 1540 1129 referunt.

978 1144 982 1146 “
1011 1144 1073 1172 559.
1086 1145 1156 1172 lnter
1167 1145 1301 1178 Semnum,
1317 1146 1408 1173 callem
1420 1151 1446 1174 et
1461 1148 1598 1174 tramitem.
1609 1147 1709 1175 Semita
1724 1148 1772 1176 lio-

977 1190 1077 1217 minum
1088 1196 1139 1223 est,
1153 1191 1230 1218 callis
1241 1199 1305 1218 vero
1314 1199 1441 1226 pecorum
1457 1193 1497 1220 vel
1508 1193 1623 1220 serarum
1633 1193 1772 1221 est.Callis

977 1236 1056 1262 etiam
1077 1235 1175 1263 dicitur
1196 1237 1237 1263 via
1258 1237 1361 1269 stricta,
1384 1246 1398 1264 a
1413 1238 1467 1274 69
1482 1238 1611 1266 calcando
1631 1239 1666 1266 113
1688 1239 1770 1267 dicta.

976 1278 1110 1309 Tramites
1125 1289 1190 1309 vero
1206 1283 1362 1309 transversa
1373 1288 1435 1310 sunt
1452 1284 1479 1310 in
1495 1285 1565 1318 agris
1581 1285 1693 1318 itinera,
1711 1292 1773 1320 pro·

978 1326 1034 1359 prie
1045 1333 1108 1359 ergo
1123 1326 1198 1353 callis
1209 1327 1304 1354 semita
1327 1328 1425 1360 tenuis,
1446 1329 1514 1355 callo
1526 1336 1652 1363 pecorum
1668 1330 1773 1363 proedu-

978 1375 1045 1397 rata.
1063 1371 1165 1398 Semita
1176 1365 1264 1399 autem
1278 1372 1353 1406 quasi
1381 1373 1461 1400 semis
1485 1374 1538 1401 via.
1565 1374 1771 1409 Semitafidicta,

978 1424 1030 1450 qua
1053 1421 1141 1450 potest
1161 1417 1199 1443 ire
1219 1418 1300 1444 unu'm
1314 1418 1474 1445 vehiculum.
1498 1418 1581 1452 nujus
1604 1418 1669 1454 [At.,
1684 1418 1772 1455 cujus]

979 1462 1075 1497 duplex
1097 1468 1174 1489 actus
1187 1468 1316 1491 vocatur:
1330 1468 1469 1498 propterea
1485 1464 1555 1499 quod
1570 1464 1623 1491 duo
1633 1465 1713 1499 capit,
1730 1465 1773 1492 vel

980 1513 1087 1541 propter
1097 1509 1216 1535 euntium
1229 1512 1255 1535 et
1264 1509 1427 1536 venientium
1438 1509 1620 1537 vehiculorum
1633 1517 1771 1538 occursus.

942 1557 964 1588 C
1015 1553 1077 1580 540.
1108 1554 1254 1588 Succiperc
1274 1558 1326 1586 cst,
1347 1556 1381 1582 de
1401 1555 1533 1589 superiori
1558 1555 1657 1590 aliquid
1674 1556 1772 1584 cadens

977 1601 1128 1634 corporale,
1151 1601 1289 1635 suscipere
1307 1608 1415 1628 causam
1440 1602 1655 1636 incorporaliter.
1678 1598 1772 1638 Suspi-

978 1654 1039 1674 cere
1051 1653 1157 1673 sursum
1175 1648 1305 1681 aspicere,
1319 1652 1364 1675 ant
1379 1649 1511 1675 venerari.
1768 1684 1770 1686 .

1014 1690 1076 1719 541.
1098 1692 1169 1719 luter
1194 1692 1323 1720 Simulare
1348 1698 1375 1721 et
1393 1685 1566 1721 dissimulare.
1591 1694 1642 1728 Qui
1666 1695 1771 1722 simulat

978 1737 1036 1763 vult
1051 1738 1134 1764 videri
1157 1738 1244 1765 lacere
1265 1746 1324 1773 quae
1340 1746 1392 1765 non
1407 1739 1480 1772 facit,
1494 1740 1539 1773 qui
1555 1739 1706 1767 dissimulat
1718 1746 1771 1768 non

979 1783 1036 1809 vult
1049 1783 1132 1810 videri
1149 1783 1237 1811 tacere
1250 1791 1310 1818 qute
1329 1784 1400 1811 lacit.
1681 1820 1683 1822 ‚

1016 1827 1078 1855 542.
1108 1829 1180 1856 lnter
1209 1829 1335 1856 Somnum
1359 1834 1386 1856 et
1410 1830 1544 1858 somnium.
1575 1829 1691 1857 Somnus
1718 1837 1772 1865 quo

980 1873 1138 1906 dormimus,
1155 1877 1289 1902 somnium
1304 1876 1376 1910 quod
1392 1876 1559 1904 dormientes
1571 1877 1704 1905 videmus.
1769 1910 1772 1912 ,

1017 1920 1077 1948 545.
1104 1922 1173 1948 luter
1190 1922 1255 1949 Sum
1270 1927 1296 1950 et
1314 1930 1399 1950 suum.
1414 1923 1479 1950 Sum
1496 1923 1605 1951 verbum
1622 1927 1678 1956 est,
1694 1930 1771 1952 suum

979 1974 1125 2001 pronomen
1146 1972 1195 1994 est.

1015 2013 1077 2041 544.
1099 2015 1171 2042 Inter
1196 2015 1276 2043 Soevit
1296 2021 1323 2043 et
1342 2020 1417 2045 sevit.
1434 2017 1526 2050 Saevit.
1542 2018 1683 2052 irascitur;
1703 2018 1772 2047 sevit

979 2064 1095 2087 satorem
1111 2061 1184 2088 dicit.

980 2115 1090 2149 eminis,-
1105 2121 1132 2144 et
1143 2117 1181 2144 ill.
1195 2125 1211 2144 x
1226 2125 1232 2143 :

1074 2171 1209 2203 Frangere,
1220 2178 1266 2197 nec
1277 2173 1317 2197 tali
1330 2179 1425 2205 puppes
1433 2174 1538 2200 statione
1549 2180 1646 2200 recuso.

1015 2235 1051 2241 -
1062 2220 1140 2283 Fortg
1157 2222 1260 2256 legend.
1274 2224 1343 2251 locus
1358 2229 1480 2257 remotus,
1496 2232 1528 2252 ex
1547 2224 1697 2261 Etymotog.
1720 2226 1769 2255 lib.-

981 2263 1034 2287 xiv,
1050 2263 1108 2288 cap.
1142 2278 1149 2283 .
1543 2273 1554 2278 ω
1768 2266 1774 2282 2

1016 2290 1076 2317 536.
1091 2291 1135 2318 Sic
1143 2292 1228 2326 Virg.,
1240 2293 1337 2327 Georg.
1351 2293 1450 2321 1:Coelo
1459 2294 1620 2328 properanda
1627 2303 1732 2329 serem,-
1742 2301 1770 2325 et

982 2324 1084 2352 memes
1101 2332 1185 2360 optate
1196 2335 1313 2359 serenan
1327 2333 1355 2356 et
1367 2329 1429 2355 alibi
1444 2337 1453 2356 ε
1472 2329 1545 2356 Unde
1555 2337 1657 2357 serenas
1672 2330 1777 2359 Ventus*

979 2366 1037 2394 aqat
1053 2361 1151 2395 πεύθῃ·
1165 2366 1193 2388 et
1206 2370 1277 2397 swpe
1291 2363 1368 2390 alias.
1427 2389 1431 2391 ,
1544 2379 1547 2387 κ

1014 2410 1050 2416 -
1065 2395 1251 2432 Tranquillum.
1267 2397 1421 2433 Tranquillo
1431 2407 1476 2434 per
1487 2399 1552 2426 alta.
1568 2407 1587 2426 11
1598 2399 1704 2429 AEneid.

1014 2429 1306 2466 tiss-Agnoscitetiam
1322 2433 1392 2460 ltatic
1402 2441 1496 2461 ‚vocem
1509 2439 1586 2462 vetus
1596 2435 1767 2469 glossarium.

1014 2463 1078 2494 559.
1094 2466 1132 2493 Ex
1148 2467 1238 2499 Serv..
1257 2467 1291 2494 ad
1304 2468 1342 2495 ill.
1358 2475 1383 2495 tv
1395 2468 1503 2496 AEneid.
1517 2469 1686 2497 :convectam
1701 2471 1779 2499 calle·
1828 2463 1832 2496 'J

979 2505 1104 2535 anqusto;
1114 2505 1142 2527 et
1155 2501 1212 2535 ipse
1226 2502 1375 2538 Etymolog.
1390 2503 1438 2532 lib.
1453 2511 1497 2538 xv,
1508 2511 1567 2538 cap.
1582 2505 1624 2533 16.

1013 2550 1050 2555 -
1062 2535 1146 2563 Semi:
1159 2537 1209 2564 via.
1218 2537 1315 2570 ·Varr.‚
1330 2545 1356 2567 tr
1369 2538 1405 2566 de
1418 2538 1494 2574 Ling.
1510 2539 1568 2567 Lat.
1586 2548 1594 2568 :
1613 2540 1692 2573 Quasi
1703 2541 1768 2573 senti

939 2592 942 2604 2
978 2568 1037 2599 it'er.
1049 2570 1107 2604 lpse
1120 2571 1271 2608 Etymolog.
1288 2573 1438 2607 lib.eitnto‚
1452 2582 1468 2601 a
1483 2576 1544 2601 renni
1557 2575 1604 2603 itu.
1625 2585 1627 2588 ’

1013 2620 1048 2625 -
1061 2605 1160 2634 Semita
1173 2607 1251 2635 dicta.
1266 2607 1439 2642 Lege-:uma
1447 2610 1527 2644 dicta,
1540 2617 1626 2645 neque
1635 2610 1706 2638 enim
1722 2617 1780 2639 se·-

979 2640 1043 2673 mita>
1053 2641 1213 2677 vehiculum,
1228 2643 1276 2670 sed
1287 2643 1331 2671 via
1343 2644 1426 2678 capit.
1457 2667 1460 2670 ⁴
1502 2662 1505 2666 ·
1547 2655 1550 2660 ·
1662 2661 1665 2666 -
1712 2656 1717 2659 ·
1732 2656 1736 2658 ·
1758 2676 1761 2677 ⁷

1011 2689 1048 2709 —‚
1057 2676 1135 2704 Actus
1148 2681 1262 2705 uocatur.
1275 2678 1382 2711 Paulus,
1397 2679 1430 2707 ad
1451 2680 1571 2714 Festum,
1585 2679 1661 2710 dtu:
1673 2679 1778 2710 Actum*

978 2709 1068 2744 Varr..
1078 2718 1107 2738 iv
1116 2711 1151 2739 de
1161 2712 1238 2748 Ling.
1247 2713 1318 2746 Lat„
1329 2714 1433 2742 duobus
1443 2715 1518 2744 locis.
1529 2715 1762 2752 ltnesstymologq
1774 2724 1778 2732 ·

179 2766 291 2796 &mlix
311 2767 343 2797 C.
368 2769 495 2806 Fronte,
509 2772 555 2807 qui
569 2773 852 2818 tamen-Pammenem
873 2765 946 2810 non*
977 2745 1088 2780 Hb'n'
1102 2754 1135 2774 ω
1156 2769 1165 2776 ’
1182 2749 1225 2776 ’δ’
1246 2767 1248 2769 ’

1011 2778 1075 2809 542.
1088 2780 1129 2810 nx
1187 2790 1225 2817 v..
1233 2784 1267 2811 aa
1275 2772 1338 2814 fluv
1344 2783 1409 2814 AEn.
1419 2794 1428 2812 ι
1438 2785 1495 2814 riu
1503 2770 1763 2822 'imum-tam-

977 2819 1048 2852 tam,
1056 2817 1104 2854 qui
1117 2822 1206 2847 tamen
1213 2827 1228 2846 ι»
1233 2818 1384 2855 somnium
1389 2821 1462 2857 qaod
1468 2820 1627 2850 fidenatium
1632 2819 1764 2849 eunom.
