1832 3016
167 201 210 225 sto
230 202 278 230 per
299 192 466 228 baptismum,
489 188 565 224 quasi
584 196 600 216 a
613 189 727 216 mortuis
741 193 910 216 transeuntes
921 188 954 216 ad
967 191 995 221 Α

165 243 227 271 vitae
242 239 402 268 nativitatem
413 245 421 269 ;
435 235 496 270 quid
510 236 537 262 in
550 235 708 263 Pentecoste
720 239 831 270 propter
843 234 955 269 gratiam

165 287 280 320 Spiritus
299 283 383 310 sancti
398 286 426 309 et
439 281 631 315 indulgentiam
646 279 814 308 remissionis
831 285 955 314 peccato-

166 338 239 360 rum:
255 329 318 365 quid
332 329 358 356 in
374 326 514 355 neomenia
527 326 627 353 mensis
641 326 767 360 septimi;
788 324 852 360 quid
871 325 898 352 in
911 325 954 360 J'e-

163 377 239 412 J'unio
264 375 382 410 eJusdem
406 373 506 401 mensis
520 372 626 400 decimo
648 372 710 405 die;
731 372 792 407 quid
811 373 837 399 in
860 379 955 399 sceno-

164 422 251 458 pegia,
277 421 383 456 quando
406 420 521 454 figuntur
542 418 711 446 tabernacula
734 418 826 453 quinto
848 417 953 445 decimo

166 467 210 495 die
227 466 370 501 supradicti
383 465 493 491 mensis.

204 514 247 540 14.
270 512 371 539 Dehinc
385 510 482 537 texitur
506 509 606 537 bellum
626 513 719 536 contra
742 509 914 543 Humanitas,
928 513 956 537 et

167 565 240 586 mors
252 557 332 585 divini
353 556 469 588 Balaam,
485 556 512 582 in
526 554 603 590 cujus
617 562 685 583 nece
700 562 776 582 error
791 554 910 589 perfidiae
921 555 954 581 li-

167 611 220 638 gno
235 603 322 629 crucis
338 601 506 634 interficitur,
523 599 604 635 fitque
624 599 720 628 deinde
739 600 866 628 Amalech
882 607 955 635 proe-

169 649 209 676 ‹1ae
224 649 332 681 divisio,
349 653 376 676 et
390 647 493 676 oblatio
510 654 543 675 ex
562 654 595 675 ea
613 647 764 675 animarum
787 647 960 675 tabernaculo

165 696 223 724 Dei.

203 763 246 791 tt.
265 763 352 790 Dii-ini
373 762 491 790 Balaam.
513 761 591 797 Saepe
607 769 660 789 vox
678 762 759 789 divini
781 762 808 789 in
822 761 958 796 Scriptura

167 799 281 827 sumitur
295 806 342 832 pro
356 806 466 833 augure,
482 798 576 830 ariolo,
589 798 716 832 pythone.
729 797 817 825 Anav.

203 835 247 861 15.
275 835 341 866 Quia
353 842 414 869 quo:
428 833 517 860 nsandi
531 833 661 867 implicant
673 840 757 867 usque
768 832 800 859 ad
813 832 958 859 desiderant

692 134 723 162 ό.
743 129 867 161 lstoont
886 129 1106 162 tttsrstttrtSts
1126 130 1277 162 Evtscom

1043 189 1088 217 15.
1103 189 1168 218 Post
1179 189 1235 217 inec
1247 189 1295 217 lilii
1310 188 1404 216 Ruben
1419 191 1448 216 et
1459 186 1528 222 Gad,
1543 191 1572 217 et
1584 187 1695 217 dimidia
1709 189 1796 220 tribus

1007 235 1146 270 Manassae,
1156 235 1276 271 iumenta
1288 236 1402 270 plurima
1417 235 1558 268 habentes.
1569 235 1636 263 citra
1647 235 1802 266 Jordaueut

1007 283 1204 316 possessionem
1227 282 1371 317 accipiunt,
1386 286 1414 309 et
1434 281 1462 309 in
1483 281 1701 316 repromissionis
1724 286 1795 311 tem

1006 327 1194 356 haereditatem
1218 328 1318 356 habere
1342 328 1447 362 nolunt,
1474 328 1619 362 figurantes
1641 328 1704 362 quia
1728 335 1795 363 quos

1006 374 1099 401 mundi
1121 374 1323 409 implicamenta·
1330 378 1471 408 occupant,
1500 373 1691 402 habitationem
1703 374 1795 408 ‚ooele-

1008 420 1057 447 Stis
1071 420 1164 455 patriae
1178 427 1346 455 nequaquam
1358 420 1524 447 desiderantz

1045 464 1088 492 ¹0.
1109 465 1209 493 Dehinc
1226 466 1339 500 populus
1354 465 1522 498 admonetur,
1536 470 1565 493 ut
1579 465 1606 493 in
1622 470 1690 493 terra
1704 468 1794 492 sancta
1824 468 1832 494 2⁷

1009 512 1081 539 idola
1106 511 1258 546 destruant,
1272 516 1299 539 et
1317 512 1404 539 nullus
1424 512 1458 539 de
1480 512 1614 546 prioribus
1638 509 1796 538 habitatori-
1823 504 1832 540 ξ

1009 558 1059 585 bus
1081 562 1214 590 servetur,
1234 557 1268 584 ad
1290 557 1504 592 significandum,
1518 562 1548 584 ut
1569 557 1632 584 dum
1655 557 1682 583 in
1697 560 1806 586 terram,
1822 566 1832 591 ·,

1011 608 1111 630 sanctae
1126 602 1341 637 repromissionis
1362 610 1410 636 per
1429 602 1509 629 tidem
1524 601 1698 636 ingredimur,
1716 601 1797 628 simul

1011 657 1071 676 cum
1083 648 1234 676 idololatria
1246 648 1334 676 omnia
1349 647 1430 676 etiam
1440 647 1505 675 vitia
1515 647 1727 682 exstinguamus.

1013 759 1092 787 verba
1109 763 1172 786 sunt
1187 758 1268 792 Greg.
1282 757 1472 789 xxv11M0ral.,
1485 764 1544 792 cap.
1561 757 1587 783 7.
1600 756 1696 784 Gaui..

1011 830 1034 857 Α
1036 793 1118 856 11¹2de
1145 793 1215 821 Citra
1243 793 1396 820 Jordanem.
1426 793 1486 820 Alb.
1496 812 1505 825 ,
1531 797 1620 819 contra
1646 790 1799 818 Iordanen.

1287 915 1355 922 .—

648 986 710 1027 ΙΝ
747 982 1311 1026 DEUTERONOMIUM.

437 1110 519 1146 460
537 1110 652 1138 CAPUT
672 1110 692 1138 1.

227 1155 281 1182 Cur
294 1155 519 1182 Deuteronomium
533 1156 651 1182 undecim
668 1156 756 1183 diebus
771 1157 902 1191 scriptum.

208 1204 234 1230 l.
247 1204 327 1231 Liber
339 1204 539 1231 Deuteronomii
557 1204 681 1239 repetitio
695 1209 736 1231 est
750 1204 959 1238 praecedentium

170 1253 285 1284 quatuor
299 1249 425 1276 librorum
441 1250 517 1284 legis.
532 1248 598 1276 Nam
612 1249 675 1277 dum
698 1249 735 1276 illi
752 1249 778 1277 in
795 1256 823 1277 se
839 1249 960 1284 proprias

171 1295 326 1323 contineant
347 1301 451 1326 causas,
468 1295 517 1322 iste
533 1299 620 1322 tamen
632 1295 744 1329 replicat
758 1295 889 1322 omnium.
905 1294 959 1321 lla-

171 1341 217 1369 bet
237 1347 325 1368 autem
340 1346 368 1369 et
383 1341 439 1376 ipse
455 1342 562 1376 propria
587 1342 728 1369 innumera
751 1345 929 1374 sacramenta,
944 1347 960 1368 e

171 1388 267 1422 quibus
286 1394 371 1422 pauca
394 1394 443 1422 pro
465 1387 593 1415 exercitio
614 1387 724 1414 lectoris
743 1387 833 1414 studui
859 1393 960 1413 memo-

171 1433 265 1460 randa.

207 1479 233 1505 -2-
249 1479 484 1506 Deuteronomiutn
500 1482 589 1505 autem
604 1478 721 1505 secunda
736 1478 802 1512 legis
813 1478 877 1504 latio
892 1477 960 1504 dici-

173 1530 228 1558 tur,
250 1525 319 1560 quod
341 1525 474 1559 significat
490 1524 672 1559 Evangelium.
687 1524 716 1551 ln
734 1523 810 1558 cujus
831 1523 961 1557 principio

171 1571 317 1599 notandum
328 1575 369 1598 est
381 1571 443 1605 quid
456 1570 556 1597 indicet
566 1570 635 1604 quod
646 1569 768 1596 undecim
783 1569 878 1596 diebus
889 1568 961 1595 idem

175 1616 409 1644 Deuteronomium
435 1623 450 1642 a
470 1615 562 1650 Moyse
585 1615 729 1647 scribitur;
746 1614 878 1649 significat
898 1620 962 1640 vero

173 1662 290 1690 ludaicae
306 1662 393 1697 plebis
414 1663 516 1695 lapsum
541 1662 567 1688 in
591 1660 736 1696 Evangelio
750 1668 797 1695 per
813 1665 962 1695 transgres-

173 1708 276 1736 sionem
290 1708 415 1743 Decalogi
427 1708 622 1735 mandatorum.

193 1798 230 1826 De
241 1798 408 1833 quadraqima
419 1757 604 1830 artni52eligrili,
615 1757 646 1823 ξι
654 1796 760 1823 vestibus
772 1804 823 1823 non
836 1796 939 1823 attritis.
975 1796 999 1827 C

209 1845 236 1872 ¹.
260 1844 327 1878 Quid
357 1849 444 1870 autem
474 1843 689 1877 significaverunt
721 1842 759 1869 illi
786 1841 959 1876 quadraginta

173 1892 247 1923 anni,
265 1890 360 1925 quibus
372 1889 505 1917 laboriose
519 1889 646 1923 peractis,
661 1888 707 1914 lilii
724 1887 804 1914 lsrael
819 1887 852 1913 ad
868 1892 962 1919 repro-

172 1938 307 1965 missionis
330 1941 428 1964 terram
450 1936 631 1963 transierunt?
648 1935 699 1962 Per
718 1934 768 1961 hos
787 1933 960 1968 quadraginta

173 1991 257 2010 annos
273 1988 358 2010 totum
374 1982 464 2010 saeculi
480 1986 585 2016 tempus
600 1980 776 2015 significatur,
794 1979 821 2006 in
834 1986 886 2013 quo
898 1978 962 2005 vivit

174 2029 293 2056 Ecclesia
310 2029 360 2056 sub
379 2029 514 2056 laboribus
534 2032 561 2055 et
588 2026 744 2061 periculosis
761 2024 960 2056 tentationibus,

171 2075 304 2108 sperando
319 2075 389 2108 quod
406 2081 458 2101 uon
479 2073 546 2100 vidit
569 2081 616 2107 per
638 2071 805 2107 patientiam,
823 2076 961 2104 quousque

172 2120 205 2145 ad
227 2119 386 2153 promissam
410 2123 519 2147 oeternae
540 2118 676 2145 felicitatis
698 2117 835 2152 perveniat
849 2115 960 2151 patriam

171 2164 278 2199 (Manli.
295 2165 342 2199 tv).

205 2209 286 2244 461
307 2210 335 2236 Ξ.
351 2209 413 2236 ldeo
428 2215 453 2237 et
468 2210 597 2236 Dominus
612 2208 786 2243 quadraginta
809 2207 902 2234 diebus
916 2205 956 2240 je-

170 2254 276 2289 junavit
294 2258 322 2282 et
341 2255 515 2289 quadraginta
533 2254 668 2286 noctibus,
699 2258 726 2280 et
742 2257 858 2280 tentatus
872 2257 913 2279 est
934 2252 960 2279 in

172 2307 274 2327 eremo.
290 2300 392 2334 Corpus
403 2300 473 2326 enim
486 2299 553 2333 ejus,
566 2298 637 2333 quod
650 2302 693 2325 est
704 2297 835 2329 Ecclesia,
851 2303 961 2324 necesse

172 2349 214 2372 est
229 2345 389 2373 tentationes
411 2345 570 2378 laboresque
594 2343 710 2378 patiatur
726 2343 752 2369 in
778 2342 829 2368 hoc
850 2341 959 2373 saeculo.

171 2390 258 2424 quoad
274 2397 356 2425 usque
378 2390 468 2417 veniat
484 2389 548 2416 illud
569 2394 675 2423 tempus
696 2387 739 2415 ubi
755 2392 815 2422 post
838 2386 962 2414 tentatio-

171 2442 220 2462 ncs
232 2435 344 2469 accipiat
357 2435 565 2462 consolationes.

208 2482 235 2508 5.
250 2481 333 2508 Porro
347 2481 418 2517 quod
430 2481 513 2509 vestis
524 2480 607 2508 lsrael
623 2487 671 2515 per
682 2483 721 2507 tot
734 2485 820 2506 annos
830 2477 857 2505 in
869 2483 961 2505 eremo
973 2481 999 2511 1)

208 2570 272 2598 Cn.
287 2578 318 2599 ιι.
338 2570 370 2598 N.
386 2571 413 2597 5.
426 2570 509 2597 Porro
521 2570 589 2605 quad
604 2569 689 2602 vestis,
701 2575 786 2602 usque
800 2567 835 2595 atl
848 2565 958 2593 duravit.

173 2603 257 2633 Porro
270 2606 337 2640 quod
347 2606 503 2638 vestimenta,
514 2609 558 2631 aut
569 2606 741 2631 calceamenta
753 2603 866 2637 filioram
877 2600 960 2628 Israel

172 2648 218 2675 per
230 2646 266 2668 tot
279 2649 360 2668 annos
373 2641 399 2668 in
413 2647 497 2668 eremo
510 2640 630 2667 indetrita
640 2644 664 2666 et
673 2639 790 2666 absoluta
802 2639 960 2668 numerat,

172 2676 294 2711 nullaque.
317 2680 439 2703 vetustate
462 2679 611 2710 consumpta
632 2680 702 2707 sunt,
723 2673 782 2701 Vat.
805 2677 832 2700 et
853 2670 959 2705 Compl-

173 2709 278 2751 Reliqui
290 2715 318 2738 et
330 2710 402 2738 Beda
415 2714 444 2738 ut
452 2710 596 2737 edidimus.
614 2708 712 2736 Gaui..

209 2744 279 2772 Ibut.
296 2746 370 2778 Alb..
384 2753 445 2773 cum
461 2745 520 2772 Val.
536 2751 563 2772 et
577 2744 683 2779 Gompl.
699 2744 785 2771 Porro
796 2743 865 2778 quod

173 2785 270 2812 muca,
282 2786 347 2814 etc„
361 2781 410 2808 sed
421 2780 542 2808 obvoluta
557 2787 606 2815 pro
616 2780 746 2808 absoluta.
760 2778 848 2807 Aur.

209 2814 276 2842 Car.
294 2823 333 2843 ιιι.
354 2816 387 2845 Ν.
399 2816 426 2843 ί.
445 2815 507 2843 Non
525 2814 665 2850 pua-tabia,
682 2818 736 2843 em.
759 2812 828 2842 Cod-
840 2811 960 2844 Botion..

176 2852 238 2884 post
250 2848 329 2877 tinem
339 2850 435 2886 capitis
448 2849 578 2886 praeced„
593 2850 625 2886 in.
634 2854 698 2880 nota
710 2848 842 2885 niminis
849 2846 962 2877 interio-

881 2740 961 2769 vuli-

975 1112 1000 1142 Β
1014 1109 1087 1137 nulla
1100 1111 1231 1135 vetustate
1252 1111 1377 1140 corrupta
1392 1110 1442 1138 est,
1456 1109 1483 1133 et
1498 1104 1636 1132 morticina
1651 1104 1727 1142 pellis
1741 1103 1799 1132 cal-

1014 1158 1214 1182 ceamentorum
1231 1152 1320 1179 tandiu
1341 1153 1398 1179 sine
1417 1151 1476 1178 labe
1497 1151 1613 1183 duravit,
1630 1153 1716 1184 potest
1731 1149 1798 1184 ligu-

1014 1208 1076 1229 rare
1091 1201 1206 1228 suturam
1229 1199 1507 1234 incorruptibilitatem
1523 1206 1665 1233 corporum
1679 1218 1687 1231 ,
1708 1197 1753 1225 ubi
1768 1204 1800 1225 ea
1831 1231 1832 1234 Ἰ

1014 1254 1074 1282 quae
1094 1245 1278 1281 corruptibilia
1293 1251 1355 1273 sunt
1369 1246 1427 1273 sine
1446 1245 1614 1280 corruptione
1626 1244 1679 1272 ulla
1693 1250 1801 1278 perma-

1011 1294 1123 1322 nebunt.

1319 1348 1431 1376 CAPUT
1451 1347 1496 1376 ΙΙΙ,

1143 1408 1178 1435 De
1193 1415 1243 1434 mm
1259 1406 1400 1442 plantando
1413 1405 1483 1441 liqna
1492 1407 1571 1440 juxta
1585 1405 1676 1432 altare.

1048 1454 1074 1481 ¹1.
1092 1453 1154 1480 Non
1175 1452 1303 1488 plantabis
1322 1459 1395 1478 omne
1419 1451 1516 1485 lignum
1533 1452 1611 1485 Juxta
1634 1451 1715 1477 altare
1740 1449 1801 1485 Dei,
1831 1449 1832 1486 J

1012 1508 1059 1527 nec
1090 1500 1168 1535 faciet
1192 1507 1279 1526 nemus
1304 1499 1330 1524 in
1357 1503 1435 1524 terra.
1461 1497 1629 1524 lnterdicitur
1649 1497 1745 1531 quippe
1768 1503 1802 1524 ne
1831 1517 1832 1525 1

1013 1553 1107 1573 nemus
1132 1545 1326 1579 complantetur
1345 1544 1371 1571 in
1389 1544 1499 1577 templo.
1524 1543 1624 1570 Nemus
1648 1543 1801 1570 frondentes
1831 1532 1832 1541 ¹

1013 1590 1126 1618 arbores
1137 1594 1164 1617 et
1175 1590 1348 1616 infructuosae
1361 1593 1434 1622 sunt,
1448 1588 1534 1615 solum
1546 1588 1579 1615 ad
1593 1587 1800 1615 delectationem
1831 1583 1832 1616 ξ

1013 1636 1087 1663 visus
1109 1636 1243 1670 plantatae.
1257 1635 1334 1662 Tales
1349 1638 1410 1661 sunt
1423 1638 1451 1661 et
1464 1634 1586 1668 gentiles,
1600 1634 1644 1666 qui
1670 1633 1799 1660 rationem
1831 1632 1832 1668 ᾖ

1013 1689 1090 1710 suam
1111 1681 1254 1708 verborum
1271 1680 1368 1707 decore
1385 1684 1560 1714 componunt,
1576 1684 1606 1706 ut
1620 1685 1672 1706 non
1687 1685 1802 1705 conver·
1831 1673 1832 1684 ³

1013 1731 1069 1754 tant
1082 1733 1097 1753 a
1113 1726 1197 1759 vitiis,
1212 1725 1260 1753 sed
1275 1725 1429 1758 delectent,
1451 1729 1531 1759 atque
1550 1724 1701 1752 istiusmodi
1721 1723 1800 1751 sedu-
1831 1716 1832 1722 ¹

1013 1773 1103 1800 ctione
1117 1771 1303 1806 persuadeant.

1049 1819 1076 1846 2.
1093 1818 1147 1845 Nos
1166 1822 1256 1845 autem
1277 1817 1423 1845 secundum
1446 1821 1607 1851 praeceptum
1625 1816 1700 1851 juxta
1717 1816 1801 1843 altare

1013 1864 1060 1891 Dei
1077 1870 1170 1890 nemus
1185 1870 1238 1889 non
1250 1862 1412 1896 plantamus,
1423 1861 1446 1888 si
1459 1861 1530 1888 circa
1547 1860 1708 1887 dominicam
1720 1860 1800 1888 iidem

1013 1910 1079 1936 nihil
1090 1909 1117 1936 in
1129 1909 1218 1936 verbis
1230 1906 1436 1939 infructuosum,
1448 1906 1514 1933 nibil
1526 1905 1669 1932 audientiae
1679 1903 1800 1933 saeculari

1012 1955 1200 1982 illecebrosum
1215 1954 1410 1988 componimus,
1424 1952 1470 1979 sed
1485 1952 1540 1978 sola
1555 1951 1669 1986 puritate
1680 1951 1800 1979 veritatis

1013 2000 1150 2027 scientiam
1162 1998 1358 2033 paerdicationis
1376 2002 1506 2024 tenemus.
1519 1996 1574 2023 Hoc
1587 2003 1682 2023 nemus
1691 1995 1718 2022 in
1732 2002 1800 2030 prae·

1013 2046 1145 2074 dicatione
1160 2045 1299 2080 sapientiae
1315 2045 1434 2078 plantare
1455 2043 1555 2070 vitabat
1568 2042 1722 2077 Apostolus,
1738 2046 1799 2068 cum
1816 2067 1819 2070 ,

1013 2092 1117 2118 dicebat
1134 2100 1142 2120 t
1158 2090 1299 2126 Loquimur
1314 2098 1364 2116 non
1381 2091 1408 2116 in
1436 2089 1518 2116 doctis
1538 2089 1655 2115 humnnoe
1668 2087 1800 2122 sapientia
1816 2102 1826 2108 -

1017 2136 1118 2169 Verbis,
1141 2137 1185 2163 sed
1200 2136 1228 2162 in
1246 2135 1363 2162 doctrina
1378 2135 1499 2170 spiritus,
1512 2138 1535 2161 et
1544 2134 1636 2160 virtute
1643 2131 1672 2181 gl
1684 2131 1743 2160 Cor.
1754 2131 1799 2167 ιι).

1269 2191 1349 2228 462
1370 2190 1481 2218 CAPUT
1502 2190 1545 2217 tv.

1130 2246 1169 2273 De
1181 2246 1318 2279 auferendo
1333 2245 1456 2280 praeptttio
1468 2244 1532 2279 liqm'
1544 2243 1670 2278 pomiferi.

1049 2291 1075 2318 l.
1093 2291 1201 2324 Quando
1215 2290 1322 2325 ingressi
1337 2290 1436 2324 [ueritis
1446 2289 1473 2315 in
1485 2293 1589 2320 terram,
1601 2291 1626 2314 et
1645 2286 1802 2322 ptamqvert-
1816 2302 1817 2307 =

1013 2339 1043 2364 tis
1062 2338 1088 2365 in
1100 2345 1131 2364 ea
1155 2338 1226 2372 liqna
1246 2335 1384 2370 pomifera,
1410 2335 1529 2369 auferetis
1550 2333 1677 2369 praeputia
1697 2338 1799 2367 eorum,
1815 2352 1820 2365 ,

1013 2390 1194 2419 pomorumque
1209 2382 1323 2418 qen-mina
1336 2380 1469 2408 immunda
1483 2385 1556 2408 erum
1566 2379 1646 2412 vobis,
1662 2387 1708 2406 nec
1719 2371 1824 2414 edetis}

1013 2438 1044 2457 es
1065 2431 1100 2457 eis
1112 2429 1205 2464 (Levit-
1219 2435 1279 2460 xix,
1294 2427 1352 2462 23).
1366 2427 1448 2462 Ligna
1468 2427 1565 2461 quippe
1585 2425 1715 2460 pomifera
1739 2424 1827 2463 suun

1011 2482 1095 2510 opera
1110 2473 1251 2503 virtutibus
1266 2473 1390 2501 fecunda.
1405 2472 1538 2507 Praeputia
1549 2472 1682 2507 lignorum
1695 2468 1827 2515 anseri-eg

1013 2563 1061 2596 ris,
1083 2571 1117 2591 ex
1141 2562 1270 2603 Originali
1295 2561 1403 2602 lsidori,
1416 2561 1456 2588 sic
1471 2560 1558 2602 .¹¹²¹³?¹
1572 2569 1582 2602 ³.
1596 2559 1776 2601 permanebunt
1826 2556 1827 2560 ’

1013 2596 1510 2674 1325s‘3‘5.“5552m.153f⁹',‘555”ss;33135
1523 2594 1754 2666 lawr&

1015 2674 1079 2695 citur
1094 2676 1104 2695 :
1120 2667 1181 2694 Non
1203 2667 1328 2702 plmntalns
1347 2675 1420 2694 omne
1440 2665 1537 2702 aqum
1553 2666 1631 2700 §una
1651 2665 1733 2692 alm
1773 2688 1775 2690 .

1014 2702 1265 2766 &ignizzo-plumes
1278 2709 1366 2729 nemu
1377 2702 1405 2729 in
1418 2706 1497 2729 tenu.
1511 2697 1682 2745 'titensheim
1694 2699 1739 2736 qu!
