1832 3016
61 141 112 171 305

754 143 919 173 zrtSTOLA
940 145 997 174 vlt.

1648 141 1704 180 so'c

61 201 120 229 vina
135 210 142 229 :
159 202 335 244 Qui'tetr'qerit
360 204 450 240 picem,
470 204 643 239 inquinabitur
662 203 694 230 at·
717 203 850 239 eaOEccli.
867 209 892 236 Α
906 205 1045 233 consuevit
1064 213 1130 242 aqua
1144 207 1276 241 adhiberi,
1289 208 1350 243 quia
1363 207 1443 245 571
1454 212 1599 245 utrumque
1607 209 1643 238 de
1665 210 1707 239 la·

61 255 118 280 xttt,
133 248 171 283 l).
196 248 266 277 Cave
289 249 377 284 igitur,
399 249 572 277 dilectissime
596 250 643 282 lili,
658 253 686 276 ut
700 249 762 284 qnia
781 250 854 276 Deus

60 294 265 328 triumphalibus
276 294 403 328 trophaeis
417 301 553 322 armorum
568 295 727 322 strenuitate
739 301 856 330 prostra-

61 339 93 365 tis
106 339 221 367 inimicis
234 344 258 367 te
270 339 334 367 fecit
344 339 528 373 victoriosum,
541 341 673 368 litereticis
685 342 855 369 suasionibus

59 385 235 418 ignominiose
247 393 280 412 ne
295 385 381 412 victus
396 387 574 420 sitrcumbas;
590 391 615 413 te
629 387 700 414 enim
718 387 855 415 laborante

58 437 106 457 eos
130 431 164 457 ab
187 437 278 458 errore
303 431 397 459 mortis
422 439 526 465 eruere,
557 432 606 466 ipsi
627 433 767 468 invigilant
781 438 808 460 te
828 434 854 460 in

59 475 233 510 praecipitium
247 477 346 503 erroris
369 477 526 512 demergere
538 499 546 511 ‚
564 485 578 504 a
593 486 706 512 quorum
728 479 855 506 contabu-

59 521 159 549 latione
175 521 216 548 vel
230 522 326 549 solatio
341 524 488 558 quemlibet
513 524 712 556 Christicolam,
727 529 854 559 tanquam

57 573 73 593 a
87 558 221 594 lethifero
242 575 357 601 veneno,
383 570 434 596 sub
448 570 628 597 obtestatione
654 570 737 597 divini
760 570 854 605 judicii

57 612 228 647 praecipimus
243 614 389 647 abstinere,
406 616 457 643 nisi
474 616 589 643 fueritin
601 617 698 644 divinis
714 618 854 652 praeceptis

76 659 222 693 xperientia
253 667 364 694 operum
396 663 524 697 probatus
536 684 543 696 ,
572 667 600 690 ct
626 665 710 691 sacris
733 664 854 692 eruditus

57 703 214 738 Scripturis.

55 746 58 747 ⁷
93 748 137 775 ¹2.
151 749 292 777 Testamur
303 751 382 785 igitur
393 759 482 779 coram
494 752 560 786 Deo,
576 760 728 787 monemus,
741 759 767 782 et
778 755 854 789 qnid-

57 792 121 828 quid
134 801 288 830 possumus,
305 797 436 824 hortando
447 798 628 832 praecipimus,
640 804 666 827 ut
682 808 761 835 quam
775 801 853 828 citius

56 845 114 871 eos,
131 840 217 867 zelum
232 841 279 868 Dei
296 841 362 876 legis
378 843 458 879 570
472 851 611 877 exercens,
629 846 679 872 nisi
694 847 853 874 catholicam

57 884 170 918 professi
185 886 282 914 luerint
298 889 450 922 veritatem,
466 897 479 915 a
498 893 522 917 te
536 891 660 925 repellas,
686 896 766 927 atque
781 893 853 920 dicta

55 937 147 958 eorum
162 936 190 958 et
214 932 379 967 objectiones
402 935 478 961 nobis
500 936 642 963 scribendo
670 937 775 965 mittere
799 946 851 965 non

57 977 181 1004 moreris.
200 978 255 1005 Deo
281 982 348 1007 teste
363 979 556 1008 fraternitatem
572 982 723 1010 dilectionis
747 989 797 1011 tuae
825 985 852 1011 in

55 1021 204 1050 visceribus
218 1023 282 1051 Jesu
298 1025 396 1052 Christi
411 1026 600 1060 amplectimur
614 1028 739 1061 charius;
755 1034 781 1056 et
797 1030 852 1056 sin-

54 1068 127 1103 gula,
142 1074 268 1103 quantum
295 1071 364 1098 Deus
385 1072 500 1103 dederit.
525 1074 557 1100 ad
574 1075 687 1101 salutem
710 1076 806 1103 animae
826 1082 853 1104 et

56 1115 93 1141 tui
109 1116 230 1149 corporis
256 1116 423 1144 honestatem
450 1119 698 1151 determinabimus.
721 1123 805 1148 sacris
819 1130 851 1149 ea

53 1159 191 1188 fulciendo
203 1162 418 1197 auctoritatibus,
435 1167 464 1190 ut
475 1164 574 1191 falsitas
592 1165 697 1192 veritati
721 1168 809 1199 cedat,
824 1172 851 1194 et

55 1205 185 1234 Ecclesiae
200 1208 297 1234 Cbristi
312 1208 397 1241 gloria
406 1210 556 1242 roboretur,
570 1216 596 1237 et
608 1216 720 1238 crescat.
733 1212 851 1239 Memen-

54 1255 83 1280 to
97 1254 247 1280 communis
270 1257 353 1282 nostri
377 1255 493 1283 doctoris
516 1256 642 1289 Leandri,
658 1261 684 1284 et
699 1257 756 1292 rjus
769 1258 848 1286 tideus

53 1303 133 1333 atque
153 1299 302 1327 doctrinam
319 1308 366 1335 pro
382 1301 481 1328 viribus
508 1302 622 1335 imitare,
638 1309 666 1330 ut
682 1303 708 1330 in
725 1306 848 1338 praesvnti

52 1343 130 1371 bottis
144 1346 254 1379 pertrui,
271 1351 298 1373 et
313 1347 338 1373 in
356 1347 444 1373 tuturo
465 1347 613 1374 coelestium
631 1348 760 1374 bonorum
785 1357 847 1383 par-

53 1390 235 1425 ticipationem
250 1392 340 1419 valeas
356 1392 478 1426 adipisci.
494 1393 590 1420 Amen.
604 1392 655 1420 Ora
671 1401 719 1427 pro
732 1394 847 1426 tne;do-

52 1441 98 1464 net
114 1437 242 1465 Dominus
257 1443 286 1465 ut
297 1439 402 1471 animm,
419 1440 549 1474 eorporis,
564 1439 624 1466 lidei
636 1444 663 1466 et
676 1439 786 1466 honoris
798 1440 846 1467 tibi

50 1489 157 1510 servata
174 1484 333 1519 integritate,
351 1493 456 1512 merear
473 1490 499 1513 te
519 1486 612 1513 videre
634 1486 668 1513 de
682 1491 792 1520 caetero,
809 1486 846 1513 mi

49 1527 163 1559 Domine
177 1535 203 1559 et
217 1531 374 1559 charissime
390 1532 436 1559 lili.

323 1599 490 1627 EPlSTOLA
510 1600 562 1627 Vll.

206 1651 300 1672 tstnotu
320 1653 459 1672 nsoeuwro
478 1653 680 1674 sncutntscoso.

84 1701 187 1729 Dilecto
201 1701 255 1729 lilio
271 1703 298 1730 in
322 1702 430 1730 Christo
453 1703 601 1738 Redempto
616 1703 807 1731 archidiacono

380 1739 507 1766 isidorus.

82 1793 109 1820 l.
131 1793 220 1820 Multis
245 1801 297 1821 non
324 1794 404 1821 modo
428 1795 627 1829 ecclesiasticis,
655 1803 745 1823 verum
761 1796 842 1823 etiam

46 1839 125 1874 hujus
140 1840 249 1874 perituri
265 1842 339 1875 regni
354 1842 514 1876 praepeditus
534 1843 658 1877 negotiis,
672 1847 751 1877 prout
763 1847 841 1876 opta-

47 1893 117 1917 mus,
134 1889 185 1912 tuae
199 1886 338 1914 charitatis
353 1888 545 1921 qttaestiottibus
557 1888 590 1915 ad
605 1895 722 1922 praesens
737 1888 839 1915 satista-

46 1938 108 1958 cere
122 1939 174 1958 non
187 1931 317 1959 valemus.
329 1931 439 1964 Verum,
452 1933 524 1968 quia,
537 1934 688 1968 impellente
700 1935 839 1969 charitate,

47 1977 170 2004 omnibus
183 1985 276 2004 sumus
301 1978 448 2011 debitores,
464 1986 495 2006 ex
513 1985 588 2014 parte
602 1988 653 2014 qua
669 1980 745 2007 valeo
761 1988 841 2014 pareo

46 2022 182 2049 dilectioni
199 2027 260 2055 tuae,
277 2023 309 2050 ad
327 2024 449 2058 inquisita
467 2025 659 2059 compendiose
677 2025 841 2058 respondere

46 2072 165 2102 paratus.
183 2068 324 2096 lnnotnisti
336 2070 434 2103 quippe
449 2070 537 2102 nobis,
562 2071 587 2097 in
613 2071 703 2097 animo
719 2070 765 2096 tibi
780 2078 841 2098 ver-

46 2113 99 2140 sat-i
114 2113 278 2147 scrupulum,
303 2121 337 2140 eo
361 2114 432 2147 (pind
458 2115 595 2141 orientalis
608 2114 707 2142 Christi
722 2115 841 2142 Ecclesia

46 2165 79 2185 ex
95 2158 254 2185 fermentato
270 2166 348 2193 pane,
365 2159 540 2186 occidentalis
552 2168 585 2187 ex
605 2168 700 2196 azymo
715 2161 841 2187 sacratis-

45 2202 106 2231 simi
119 2204 240 2238 corporis
264 2210 464 2231 sactamentum
486 2206 620 2232 conticere
641 2206 797 2239 consuevit;
813 2211 840 2234 et

45 2248 106 2284 quia
121 2249 170 2283 ipsi
186 2249 335 2277 Orientales
352 2251 461 2277 Latinos
477 2258 556 2285 super
572 2251 621 2278 hoc
642 2251 838 2286 reprehendere

909 255 966 279 tere
978 252 1085 285 Christi,
1104 254 1237 287 videlicet,
1252 256 1359 290 sangnis
1373 261 1400 283 et
1410 264 1479 291 aqua
1496 257 1633 290 profluxit.
1645 257 1706 286 Cae-

909 301 965 324 tera
975 306 1039 326 vero
1051 301 1186 334 pertinent
1196 301 1229 328 ad
1241 301 1366 330 decorem
1375 305 1546 336 sacramenti,
1556 304 1707 333 futurorum

906 345 1073 379 exemplum,
1091 347 1124 373 ad
1152 351 1271 375 nostram
1302 354 1328 375 et
1353 356 1446 376 eorum
1476 350 1707 384 humiliationem.

907 394 988 423 atque
1011 390 1039 418 in
1054 391 1102 418 Dei
1124 393 1203 420 laude
1219 395 1453 428 exercitationem,
1470 400 1497 423 et
1521 403 1581 424 cum
1607 397 1706 432 praedi-

906 439 1010 462 ctorum
1023 437 1091 463 sacta
1104 437 1183 465 inerit
1193 441 1372 472 consecratio,
1381 449 1445 474 non,
1455 445 1484 468 ut
1493 441 1600 476 quidam
1614 448 1707 476 putant

907 481 1017 514 indocti,
1026 483 1076 509 snb
1088 484 1165 517 panis
1177 485 1267 519 specie
1279 486 1335 512 sola
1350 494 1414 514 caro
1424 487 1534 520 Christi,
1545 489 1608 515 etin
1623 489 1708 516 calice

906 530 1095 556 tantummodo
1111 531 1228 558 sumitur
1244 532 1370 566 sanguis;
1394 533 1440 560 sed
1457 533 1482 559 in
1504 539 1617 568 utroque
1630 535 1706 571 ,Deus

906 579 933 601 et
945 574 1036 607 homo,
1064 576 1089 602 in
1101 583 1216 611 corpore
1228 577 1380 612 glorilieato
1394 583 1464 605 totus
1478 583 1504 606 et
1518 580 1620 615 integer
1630 583 1706 611 Cltri-

907 625 973 653 stus,
988 621 1090 656 integer
1105 622 1230 650 Cbristus
1256 625 1282 650 in
1305 624 1399 657 calice,
1416 626 1494 660 panis
1510 626 1596 659 vivttS,
1614 629 1658 663 qui
1674 629 1706 658 de

906 667 976 694 coelo
991 667 1143 701 descendit,
1157 673 1228 696 totus
1242 673 1284 696 est
1298 670 1324 696 iu
1347 674 1471 705 utroque.

943 713 968 739 5.
992 714 1050 748 lpse
1065 718 1108 741 est
1123 715 1199 747 panis
1210 716 1252 750 qui
1266 715 1362 750 reiicit,
1381 724 1433 743 non
1448 717 1556 751 delicit;
1573 721 1649 754 panis
1661 722 1705 756 qui

907 764 979 786 totus
992 767 1007 787 a
1021 760 1134 794 singulis
1148 762 1275 794 sumitur,
1290 766 1317 789 et
1333 763 1358 789 in
1372 764 1443 790 nulla
1460 765 1501 791 sni
1517 770 1594 798 parte
1609 768 1705 796 minui-

908 808 951 831 tur
964 813 971 837 ;
986 804 1099 832 visibilis
1114 807 1227 840 angelis.
1242 807 1294 834 lide
1309 815 1362 834 non
1374 808 1453 835 dubia
1468 811 1587 838 creditur
1600 820 1613 839 a
1628 814 1704 842 nobis

908 851 1069 878 miraculose
1095 856 1122 878 ct
1146 852 1316 880 invisibiliter
1331 858 1402 881 totus
1418 855 1443 882 in
1460 858 1630 886 sumentibus
1650 861 1703 887 sin-

869 905 893 934 B
907 897 986 932 gulis,
1001 901 1028 924 et
1044 897 1147 932 integra
1161 898 1202 925 sui
1218 899 1335 926 essentia
1352 900 1494 929 visibiliter
1509 907 1581 932 totus
1597 912 1703 940 semper

908 948 1002 978 regnat
1025 944 1050 970 in
1073 945 1168 977 coelis;
1185 946 1245 980 quia
1263 954 1327 973 vero
1338 947 1490 976 Orientales
1507 950 1702 987 Romanorum,

905 988 964 1015 sive
985 993 1092 1016 nostras
1114 990 1326 1018 consuetudines
1341 992 1513 1027 impudenter
1526 996 1703 1026 obtrectando

905 1033 1123 1066 reprehensionis
1147 1036 1293 1063 abolitione
1319 1038 1477 1073 impugnare
1501 1041 1623 1070 nituntur
1633 1064 1640 1075 ‚
1669 1045 1703 1071 ad

904 1085 977 1104 arma
987 1079 1070 1106 divini
1083 1081 1183 1107 oraculi
1195 1088 1387 1110 concurrentes
1400 1092 1459 1117 nos,
1471 1092 1597 1120 quantum
1611 1094 1701 1123 potue-

903 1123 999 1157 rimus,
1011 1126 1119 1152 easdem
1130 1126 1275 1155 defendere
1288 1130 1401 1157 veritate
1411 1132 1508 1165 praevia
1522 1134 1701 1169 insurgemus.

937 1183 965 1209 4.
988 1182 1117 1211 Dominus
1140 1184 1210 1212 enim
1233 1190 1324 1213 noster
1338 1187 1423 1225 :lesus
1437 1189 1571 1224 Christus,
1593 1195 1701 1226 quando

903 1227 1042 1263 discipulis
1065 1231 1187 1264 corporis
1202 1231 1243 1258 sui
1261 1233 1418 1267 mysterium
1431 1235 1562 1268 agendum
1579 1238 1698 1273 tradidit,

901 1282 954 1301 non
977 1275 1073 1310 legitur
1094 1278 1233 1310 accepisse
1248 1285 1344 1311 panem
1361 1279 1560 1313 fermentatum,
1580 1284 1620 1310 vel
1636 1292 1700 1322 azy-

902 1327 985 1352 mum,
1012 1321 1061 1348 sed
1084 1323 1186 1356 accepit
1210 1330 1317 1356 panem,
1345 1328 1371 1351 et
1384 1325 1458 1352 dedit
1473 1327 1613 1362 discipulis
1629 1331 1697 1365 suis,

900 1364 1012 1392 dicens:
1030 1366 1089 1393 Hoc
1110 1373 1147 1394 ese
1170 1376 1263 1402 corpus
1288 1378 1391 1402 meum,·
1414 1371 1461 1397 ltoc
1482 1374 1569 1407 facite,
1586 1378 1698 1410 quoties-

899 1418 1000 1446 cunque
1024 1413 1140 1446 sumitis,
1167 1414 1193 1440 t'n
1218 1423 1300 1441 meam
1325 1421 1590 1447 commemorationem
1617 1423 1696 1458 (Luc.

899 1462 964 1488 xxti,
980 1456 1035 1491 19).
1051 1457 1159 1492 Legitur
1175 1464 1263 1486 tamen
1280 1463 1440 1496 praecepisse
1452 1464 1594 1494 Dominum
1610 1469 1696 1505 Moysi

898 1507 927 1528 ut
939 1503 1035 1537 pascha
1050 1511 1111 1531 cum
1125 1506 1227 1540 azymis
1245 1508 1358 1540 panibus
1373 1514 1400 1536 et
1415 1510 1526 1538 lactucis
1541 1516 1696 1549 agrestibus

897 1549 1080 1583 manderetur,
1097 1555 1125 1578 et
1139 1552 1208 1585 apud
1228 1561 1416 1589 quemcunque
1435 1556 1611 1587 Hebraeorum
1635 1562 1694 1589 ser-

859 1598 882 1630 G
899 1598 1034 1622 mentatus
1061 1596 1138 1629 panis
1163 1605 1211 1631 per
1233 1603 1337 1632 septem
1362 1600 1420 1627 dies
1447 1603 1553 1635 paschae
1579 1605 1694 1635 inveniri

897 1645 1000 1675 posset,
1025 1642 1193 1670 occideretur
1213 1643 1312 1679 (Exod.
1328 1645 1387 1680 xit).
1405 1646 1533 1676 Dominus
1549 1650 1629 1685 igitur
1644 1660 1694 1680 no-

896 1691 952 1714 ster
968 1688 1066 1722 pascha
1078 1690 1226 1717 secundum
1252 1691 1338 1726 legem
1364 1693 1521 1728 celebravit,
1536 1702 1562 1724 et
1577 1698 1601 1724 in
1613 1706 1692 1729 coena

895 1740 973 1761 suum
985 1742 1083 1769 corpus
1095 1736 1145 1762 sub
1158 1737 1233 1770 panis
1245 1742 1273 1764 et
1286 1738 1339 1765 vini
1354 1740 1443 1773 specie
1455 1741 1593 1776 discipulis
1607 1745 1691 1773 eden-

895 1779 958 1806 dum
984 1781 1103 1813 tradidit,
1127 1786 1154 1808 et
1177 1783 1217 1809 eis
1239 1784 1363 1811 eumdem
1393 1787 1554 1815 conlieiendi
1580 1791 1691 1818 tradidit

895 1830 1065 1859 potestatem,
1092 1832 1171 1861 atque
1195 1835 1290 1862 panem
1312 1837 1434 1865 azymum
1449 1839 1508 1859 cum
1524 1841 1576 1868 quo
1590 1836 1689 1869 pascha

894 1871 1022 1904 agebatur
1034 1872 1141 1898 obtulit.

930 1917 956 1943 5.
978 1916 1108 1943 Similiter
1123 1919 1333 1946 sacratissimum
1346 1928 1444 1956 cerpus
1455 1923 1513 1956 ejus
1526 1931 1578 1951 non
1593 1925 1690 1959 legitur

894 1961 989 1995 pannis
1012 1962 1116 1995 sericis,
1134 1963 1176 1989 vel
1192 1964 1286 1996 laneis,
1302 1966 1349 1992 scd
1365 1968 1471 1994 mundis
1488 1968 1689 1999 linteaminibus

894 2007 921 2033 in
938 2008 1072 2041 sepultura
1095 2009 1242 2036 involutum
1258 2010 1349 2039 tuisse.
1376 2013 1456 2047 Ergo,
1483 2014 1559 2049 cujus
1585 2021 1688 2051 tnyste-

894 2053 962 2079 rium
986 2054 1118 2088 passionis
1143 2060 1169 2081 et
1190 2056 1344 2090 sepulturae,
1368 2065 1429 2084 eum
1446 2060 1566 2093 quotidie
1592 2061 1688 2089 immo-

894 2099 983 2131 lando,
997 2100 1099 2134 geritur
1115 2103 1141 2127 in
1157 2102 1250 2134 altare,
1269 2110 1283 2129 a
1300 2104 1407 2130 tramite
1423 2110 1497 2131 recto
1513 2105 1620 2133 deviare
1635 2114 1688 2135 non

894 2151 1015 2178 possunt,
1031 2146 1075 2180 qui
1092 2146 1118 2172 in
1136 2154 1204 2180 patte
1215 2155 1321 2182 azymo,
1340 2149 1401 2175 vino
1416 2154 1442 2175 et
1456 2156 1535 2184 aqua,
1552 2151 1648 2180 additis
1661 2157 1688 2180 et

891 2192 1009 2224 mundis,
1023 2193 1176 2227 sanctisque
1190 2194 1401 2227 linteaminibus,
1415 2196 1561 2223 secundum
1573 2205 1687 2227 consue-

892 2237 1009 2264 tudinem
1026 2237 1151 2264 Ecclesia¹
1167 2238 1294 2266 Romnum
1309 2241 1430 2275 corporis
1444 2247 1469 2268 et
1482 2243 1620 2277 sanguinis
1635 2245 1688 2271 Do-

45 2303 99 2324 non
111 2302 248 2328 veremur·
264 2297 331 2324 mad
347 2298 428 2324 enam
454 2299 545 2325 animo
568 2302 613 2325 mo
641 2298 748 2331 insedi„
767 2299 839 2333 quod
855 2292 879 2321 ῃ
893 2284 958 2311 mini
985 2290 1187 2313 sacrosanctum
1217 2288 1380 2314 sacrificium
1407 2289 1516 2316 student
1540 2291 1685 2318 conticere.

47 2341 85 2369 illl
98 2342 198 2369 sericos
211 2349 327 2376 pannos,
341 2350 391 2370 nos
402 2348 491 2370 antem
504 2344 600 2376 lineos,
613 2351 681 2378 quos
696 2345 841 2378 corporalia

47 2387 172 2421 dicimus,
187 2389 223 2417 ad
236 2395 391 2418 ornamenta
414 2391 480 2418 tanti
498 2392 620 2419 sacriticii
635 2392 802 2420 exhibemus.

83 2432 112 2461 2.
131 2433 206 2461 Scias
220 2434 309 2470 itaque
322 2443 415 2463 eorum
435 2437 491 2470 jam
505 2437 586 2464 dictis
600 2437 839 2465 consuetudinibus

49 2478 159 2507 minime
179 2487 229 2507 nos
256 2487 392 2515 opponere
417 2482 635 2516 reprehensionis
658 2483 836 2518 obstaculum,

47 2524 166 2560 quandiu
180 2531 226 2552 eas
252 2524 372 2554 Romana
399 2526 516 2555 Ecclesia
541 2528 647 2556 duxerit
672 2529 835 2563 tolerandas,

47 2570 165 2598 maxime
187 2577 248 2598 eum
273 2575 329 2598 non
353 2571 408 2598 sint.
420 2571 454 2599 de
468 2573 595 2606 essentia,
619 2573 676 2600 sive
688 2573 836 2602 substantia

47 2615 218 2643 sacramenti.
245 2614 282 2643 De
295 2615 442 2643 substantia
452 2618 612 2645 saei-antemi
623 2623 685 2646 sunt.
695 2620 774 2646 verba
789 2619 836 2647 Dei

47 2667 65 2690 ι
79 2660 220 2689 sacerdote
232 2660 259 2688 in
273 2667 350 2688 sacro
364 2662 466 2695 prolata
480 2662 640 2697 ministerio,
655 2665 767 2697 scilieet,
779 2665 837 2693 1100

47 2710 86 2735 m
99 2714 191 2743 eorpus
214 2714 310 2740 meum,
335 2706 463 2742 panisque
489 2707 617 2736 frumenti
634 2714 663 2737 et
677 2709 778 2743 vinum,
793 2711 837 2740 cui

81 2784 171 2814 Ειηιτ.
193 2793 240 2814 vtt.
267 2785 331 2814 ttaee
356 2786 467 2821 epistola
489 2787 523 2815 ad
548 2788 726 2824 Redemptum
751 2791 835 2821 multo

47 2819 132 2858 pagis
144 2826 267 2856 suspecta
283 2821 417 2857 plerisque
429 2823 543 2850 videtur.
562 2823 589 2852 ln
605 2824 768 2861 lsidnrisnis,
780 2827 832 2856 loe.

37 2852 107 2893 ff·-
119 2863 151 2884 ea
165 2856 255 2884 omnis
270 2857 368 2892 protuli
382 2865 442 2892 qnae
451 2858 485 2885 ad
500 2865 559 2886 eam
574 2859 757 2891 illustrandam
772 2869 834 2898 per-

45 2901 56 2921 ·
248 2903 381 2934 tvm-nm„
406 2903 581 2936 Lxxxttt.

894 2331 1004 2359 Videtur
1013 2333 1092 2359 etiam
1108 2333 1236 2360 Dominus
1247 2333 1324 2360 nobis
1337 2334 1425 2362 lavere
1437 2336 1462 2362 in
1477 2336 1568 2362 Exodo
1577 2337 1686 2367 dicens:

892 2378 954 2406 Nou
969 2380 1049 2415 572
1062 2379 1215 2412 immolabis,
1233 2380 1328 2414 inquit,
1345 2388 1420 2414 super
1436 2382 1560 2415 [et-mento
1583 2383 1688 2416 sanqui-

891 2433 948 2452 nem
964 2427 1053 2452 hostloe
1066 2434 1126 2452 mem

929 2482 956 2509 6.
977 2481 1054 2514 Quod
1070 2482 1149 2508 etiam
1167 2481 1202 2508 de
1215 2488 1278 2509 vase
1299 2482 1387 2517 agitur
1412 2482 1500 2517 ligneo
1531 2483 1614 2517 fictili,
1644 2485 1687 2513 vel

893 2527 1043 2559 metallino,
1063 2534 1117 2560 quo
1133 2527 1221 2561 agitur
1233 2527 1382 2554 immolatio
1397 2528 1534 2562 sacrificii,
1549 2531 1610 2564 quia
1627 2531 1687 2559 nul-

892 2573 933 2601 lus
949 2572 1174 2607 evangelistarum
1190 2580 1317 2607 expresse
1330 2574 1448 2601 ostendit
1460 2575 1612 2609 cujusmodi
1627 2576 1686 2604 sue.

891 2621 936 2652 rit.
953 2620 985 2646 ad
1001 2620 1067 2654 legis
1079 2618 1183 2646 videtur
1206 2619 1398 2647 recurrendum
1424 2621 1512 2654 potius
1536 2622 1685 2650 auctorita-

891 2670 956 2698 tem,
980 2666 1041 2700 quia
1058 2664 1084 2692 in
1099 2665 1250 2692 ministerio
1264 2665 1442 2698 tabernaculi,
1465 2669 1512 2693 aut
1525 2666 1622 2695 domus
1635 2666 1685 2696 Dei

890 2712 965 2740 nulla
988 2718 1051 2739 vasa
1072 2718 1156 2738 sacrae
1180 2711 1315 2739 unctionis
1335 2711 1397 2740 oleo
1420 2712 1538 2740 delibuta
1559 2713 1686 2747 leguntur

888 2794 984 2835 tinent,
998 2792 1168 2855 rnigpesque
1192 2791 1319 2827 proposui
1345 2790 1444 2826 quibus
1473 2791 1574 2821 lsitloro
1598 2791 1684 2827 pontt

886 2837 1006 2858 assere·
1080 2845 1089 2855 .

1424 2907 1464 2942 29
