1832 3016
155 172 204 202 550

455 223 567 252 CAPUT
587 223 635 251 Xl.

460 271 498 298 Be
513 270 624 299 homine.

185 322 210 348 t.
231 318 323 347 Omnia
341 318 392 346 sub
406 318 476 346 coelo
492 322 602 352 propter
626 317 763 346 hominem
783 317 851 345 iacta
869 322 943 352 sunt,

149 367 229 394 homo
250 370 338 393 autem
360 369 470 400 propter
492 371 522 391 se
539 364 624 398 ipsum
639 373 646 397 ς
659 363 721 392 inde
742 368 770 391 et
784 363 874 392 omnia
894 371 943 398 per

147 413 260 447 liguram
283 411 317 439 ad
335 410 393 445 eius
406 409 608 438 similitudinem
627 410 794 438 referuntur.
815 410 942 438 Commu-

152 458 195 485 nia
211 457 313 484 homini
327 457 417 485 omnia
439 455 569 483 naturalia
584 463 646 484 esse
667 464 727 484 eum
742 456 867 485 omnibus
882 464 942 492 quae

147 508 281 535 constant,
296 507 324 530 et
338 503 364 529 in
380 502 489 530 homine
503 502 594 529 omnia
608 503 754 536 contineri,
772 507 851 538 atque
866 503 892 529 in
908 510 941 530 eo

147 549 264 576 omnium
281 555 370 575 rerum
385 551 508 574 naturam
519 547 669 576 consistere
680 547 788 582 (patet).
803 547 942 575 Universi-

146 596 208 622 tatis
230 598 360 622 creaturae
386 593 466 621 homo
491 600 585 628 magna
610 593 734 628 quaedam
763 594 851 628 portio
876 598 938 627 est;

146 647 274 676 tantoque
298 640 382 676 gradu
415 645 457 668 est
490 641 594 668 caeteris
619 640 815 673 excellentior,
841 645 940 674 quanto

145 687 255 723 imagini
271 685 370 714 divinae
382 685 505 713 vicinior.
523 685 656 719 Quantum
678 685 793 713 caeteris
809 686 940 713 creaturis

116 734 121 773 J
145 736 254 767 praestat
280 731 360 760 bomo
376 731 504 766 dignitate
515 731 633 765 virtutis,
650 739 686 760 ex
706 731 765 767 ipsa
783 727 935 760 reverentia

144 824 325 852 Macedoniam
340 823 454 858 rogavit.
473 823 623 858 Aliquando
639 822 812 857 imaginibus,
828 826 856 850 et
869 827 931 850 ante

144 867 288 894 corporeos
309 859 401 886 oculos
422 858 455 885 ad
472 864 577 892 tempus
597 866 630 886 ex
643 866 706 886 aere
720 859 865 892 assumptis
885 866 932 891 per

143 896 252 930 angelos
274 894 391 928 loquitur
415 893 495 925 Deus,
520 894 589 921 sicut
606 894 741 921 Abraham
767 901 818 920 non
845 893 930 920 solum

146 937 199 958 tres
214 931 285 958 viros
299 929 391 957 videre
412 928 498 963 potuit
514 928 589 963 (Gen.
613 929 701 964 xviii),
717 928 764 956 sed
784 929 864 956 etiam
885 933 931 955 ter-

143 974 210 994 reno
225 965 375 992 habitaculo
396 964 550 998 suscipere;
567 969 593 991 et
613 972 664 991 non
681 964 768 991 solum
783 963 929 997 suscipere,

143 1004 189 1029 sed
211 1008 302 1027 corum
327 1000 419 1026 usibus
443 1000 523 1026 etiam
545 1000 619 1026 cibos
635 999 771 1026 adbibere.
789 999 846 1026 Nisi
861 999 930 1025 enim

143 1037 229 1071 angeli
244 1035 366 1070 quaedam
389 1034 465 1061 nobis
477 1035 503 1061 in
516 1040 586 1061 terra
598 1036 763 1067 nuntiantes,
780 1034 813 1061 ad
827 1039 931 1067 tempus

144 1081 176 1100 ex
205 1079 267 1098 acre
295 1078 406 1103 corpora
432 1075 586 1100 sumerent:
613 1069 791 1097 exterioribus
813 1070 932 1103 prolecto

144 1107 241 1134 nostris
261 1105 398 1132 obtutibus
426 1113 478 1132 non
504 1110 674 1140 apparerent,
701 1113 750 1132 nec
774 1104 848 1132 eibos
871 1112 931 1131 cuin

144 1142 278 1169 Abrabam
295 1145 432 1174 caperent,
448 1141 498 1167 nisi
518 1145 626 1174 propter
642 1148 690 1167 nos
704 1141 819 1167 solidum
833 1139 934 1173 aliquid

143 1187 175 1205 ex
191 1177 294 1204 coelesti
312 1177 445 1203 elemento
467 1180 613 1210 gestarent.
629 1176 683 1203 Nec
695 1177 805 1208 mirum,
817 1175 888 1209 quod
902 1175 934 1202 il-

143 1213 178 1240 lie
193 1213 253 1246 ipsi,
270 1213 314 1245 qui
331 1212 447 1245 suscepti
462 1217 534 1244 sunt,
558 1211 637 1238 modo
662 1211 759 1245 angeli,
774 1211 853 1237 modo
879 1210 933 1237 Do-

143 1249 230 1274 minus
242 1252 380 1278 vocantur,
390 1247 451 1280 quia
465 1247 617 1280 angelorum
631 1247 762 1274 vocabulo
775 1245 933 1280 exprimun-

144 1289 197 1316 tur,
211 1283 257 1318 qui
276 1282 393 1309 exterius
412 1282 616 1314 ministrabant;
643 1287 671 1309 et
686 1282 865 1316 appellatione
882 1281 934 1307 Do-

143 1320 207 1346 mini
221 1317 381 1348 ostenditur,
399 1317 443 1350 qui
457 1317 496 1343 eis
511 1317 624 1344 interius
639 1321 762 1350 praeerat,
775 1322 803 1343 ut
819 1324 865 1351 per
882 1317 932 1344 lioc

143 1353 311 1388 praesidentis
327 1353 479 1385 imperium.
506 1357 532 1379 et
548 1360 594 1386 per
610 1352 673 1379 illud
689 1353 851 1379 claresceret
872 1351 931 1378 olli-

143 1390 212 1416 cium
229 1387 447 1415 ministrantium.
465 1388 613 1421 Aliquando
635 1387 790 1414 coelestibus
805 1388 930 1414 substan-

143 1425 188 1452 tiis
203 1432 250 1459 per
271 1423 379 1457 angelos
396 1423 512 1456 loquitur
534 1422 614 1456 Deus,
641 1423 711 1449 sicut
725 1422 858 1456 baptizato
877 1422 929 1449 Do-

143 1461 215 1487 mino
237 1459 364 1492 scriptum
387 1462 428 1484 est
450 1456 554 1491 (ΜαιιΙι.
572 1465 611 1489 ιιι,
626 1458 709 1492 xxm:
726 1457 795 1491 Quia
815 1458 846 1483 de
865 1458 931 1484 nube

143 1504 191 1522 vox
209 1495 294 1521 sonuit
315 1493 421 1519 dicens:
441 1493 489 1519 Hic
510 1498 546 1519 est
564 1492 649 1519 Filius
673 1501 743 1519 meus
769 1491 884 1522 dilectus.
903 1494 929 1519 in

142 1539 192 1565 quo
214 1530 276 1556 mihi
300 1529 455 1561 complacui.
472 1528 621 1561 Aliquando
641 1529 755 1555 terrenis
772 1529 929 1556 substantiis

143 1574 189 1595 per
203 1565 311 1599 angelos
323 1563 441 1597 loquitur
457 1564 542 1596 Deus;
560 1564 628 1590 sicut
644 1571 705 1590 cum
721 1563 826 1590 Balaam
843 1565 929 1590 corri-

143 1601 199 1634 puit
218 1600 313 1635 (Num.
330 1600 413 1632 xxit),
426 1599 453 1625 in
473 1606 520 1625 ore
543 1598 626 1625 asinae
642 1599 757 1626 bumana
779 1599 859 1625 verba
877 1599 930 1626 sor-

143 1636 235 1663 mavit.
252 1633 401 1669 Aliquando
417 1634 496 1661 simul
518 1635 632 1661 terrenis
646 1638 674 1661 et
690 1634 845 1661 coelestibus
866 1635 930 1661 sub-

142 1671 246 1698 stantiis
258 1678 305 1704 per
320 1670 430 1704 angelos
449 1671 566 1704 loquitur
586 1670 655 1696 Deus
668 1677 675 1702 ;
690 1670 760 1696 sicut
772 1670 805 1696 ad
820 1670 931 1703 Moysen

142 1706 168 1733 in
191 1711 282 1733 monte
294 1705 392 1739 (Exeat.
409 1705 655 1739 in)cumjussionis
670 1713 725 1731 suae
744 1706 826 1731 verba
846 1706 930 1738 dedit,

143 1749 230 1776 ignem
259 1741 406 1775 rubumque
433 1740 559 1773 sociavit;
586 1747 666 1774 atque
695 1740 765 1767 aliud
795 1742 930 1774 superius,

143 1778 214 1804 aliud
230 1776 339 1803 inferius
349 1776 438 1809 junxit
451 1784 457 1803 ε
469 1776 541 1810 quod
558 1781 645 1802 tamen
658 1780 722 1802 tnnc
735 1775 821 1802 solum
833 1776 931 1809 agitur,

143 1819 204 1839 mm
220 1819 251 1839 ex
265 1811 322 1846 ipsa
334 1811 435 1844 aliquid
450 1811 638 1845 conjunctione
652 1811 780 1845 signatur.
802 1811 867 1837 Nam
885 1819 932 1845 per

143 1855 300 1874 succensum
330 1846 426 1873 rubum
452 1847 561 1881 Moysen
588 1847 742 1881 alloquens,
768 1846 832 1880 quid
860 1846 932 1874 aliud

142 1883 269 1913 ostendit,
287 1882 336 1908 nisi
352 1882 422 1916 quod
439 1882 495 1916 ejus
512 1882 602 1916 populi
624 1883 718 1909 ductor
734 1882 821 1915 lieret,
837 1882 883 1915 qui
905 1888 932 1909 et

142 1917 208 1952 legis
229 1918 363 1944 ssaininam
377 1917 540 1951 perciperet,
560 1922 586 1944 et
603 1922 691 1944 tamen
707 1918 808 1951 peceati
824 1924 930 1950 poenam

143 1960 310 1988 nequaquam
325 1953 440 1979 vitaret?
458 1952 506 1980 Vel
522 1953 593 1987 quod
609 1961 641 1980 ex
656 1953 701 1979 illo
722 1953 819 1987 populo
832 1954 927 1985 exiret,

142 1989 186 2022 qui
208 1990 268 2024 igne
282 1988 399 2020 deitatis,
417 1988 506 2015 carnis
530 1993 628 2015 nostrae
644 1993 763 2022 peccata,
778 1989 853 2022 quasi
870 1988 930 2015 rubi

142 2024 234 2058 spinas
247 2023 410 2057 absumeret,
428 2027 456 2050 et
470 2024 681 2057 inconsumptam
695 2023 867 2050 humanitatis
881 2031 930 2050 no-

143 2065 205 2086 strae
222 2058 408 2091 substantiam,
424 2059 503 2086 etiam
519 2059 546 2085 in
569 2059 626 2092 ipsa
651 2058 799 2085 divinitatis
821 2058 928 2086 flamma

143 2094 276 2120 servaret?
291 2094 485 2128 Nonnunquam
501 2101 565 2120 vero
577 2093 699 2121 immanis
710 2094 834 2121 cordibus
849 2093 929 2121 etiam

143 2136 191 2162 per
205 2129 313 2162 angelos
329 2128 398 2155 Deus
410 2133 515 2155 secreta
529 2136 620 2155 eorum
642 2129 786 2163 praesentia
801 2129 927 2156 virtutem

143 2170 199 2190 suae
210 2164 379 2197 aspirationis
392 2163 517 2190 inlundit.
534 2163 611 2190 Unde
626 2164 767 2191 Zacharias
780 2166 818 2191 ait
833 2163 926 2199 (Zach.

143 2199 162 2234 ι)
176 2206 184 2225 :
196 2197 271 2225 Dixit
285 2199 319 2223 ad
334 2206 373 2224 me
389 2198 495 2232 angelus
516 2198 566 2232 qui,
580 2199 729 2232 loquebatur
749 2200 777 2225 in
797 2207 846 2226 me.
862 2199 930 2226 Dum

143 2234 176 2261 ad
191 2241 220 2260 se
235 2233 355 2268 quidem,
369 2233 417 2261 sed
433 2239 520 2260 tamen
539 2234 565 2264 in
582 2241 612 2260 se
627 2234 698 2268 loqui
714 2235 838 2269 angelum
853 2234 926 2268 dicit,

142 2270 244 2303 liquido
255 2268 374 2295 ostendit
388 2268 459 2302 quod
470 2267 492 2294 is
503 2268 548 2302 qui
568 2269 602 2295 ad
625 2269 711 2302 ipsum
726 2269 809 2296 verba
828 2269 928 2297 fecerat
940 2269 968 2299 D
980 2270 1041 2296 tiam
1053 2272 1130 2298 simul
1143 2275 1234 2297 cuncta
1249 2275 1333 2296 creata
1346 2274 1416 2302 aaut,
1431 2269 1571 2295 secundum
1582 2269 1770 2296 distinctionem
1791 2277 1793 2283 ·

143 2311 194 2339 per
205 2311 362 2338 corpoream
383 2303 512 2337 speciem,
536 2308 611 2330 extra
633 2311 688 2330 non
707 2308 789 2330 esset.
811 2303 887 2331 Unde
902 2310 929 2332 et

142 2340 222 2374 paulo
234 2343 295 2374 post
315 2338 433 2366 subdidit
446 2337 499 2365 :Et
516 2346 572 2365 ecce
585 2340 701 2373 anqestcs,
716 2339 760 2372 qui
781 2338 929 2371 loquebatur

143 2376 170 2401 in
184 2383 234 2408 me,
256 2374 442 2409 egrediebatur.
460 2374 539 2409 Saepe
549 2375 621 2401 enim
636 2381 690 2400 non
704 2373 820 2400 exterius
841 2381 928 2408 appa-

144 2408 214 2444 rent,
235 2410 282 2437 sed
299 2410 369 2436 sicut
381 2409 492 2444 angelici
506 2409 616 2443 spiritus
627 2409 791 2436 voluntatem
807 2407 855 2435 Dei
867 2416 928 2442 pro-

144 2447 284 2479 phetarum
295 2444 419 2472 sensibus
431 2444 611 2477 innotescunt,
626 2450 706 2478 atque
718 2444 752 2470 ita
771 2450 818 2470 eos
833 2444 867 2470 ad
879 2451 926 2471 su-

143 2482 236 2508 blimia
251 2480 402 2513 sublevant,
416 2483 444 2507 et
455 2487 569 2515 quaeque
580 2480 606 2506 in
620 2479 700 2506 rebus
713 2478 801 2506 sutura
813 2484 886 2512 sunt,
900 2480 927 2506 in

144 2516 231 2543 causis
249 2515 423 2550 originalibus
443 2515 587 2549 praesentia
609 2514 803 2542 demonstrant.
823 2513 925 2541 liuma-

144 2559 208 2579 num
223 2558 338 2586 namque
351 2558 399 2579 cos
411 2551 500 2586 ipsum
510 2550 598 2578 carnis
613 2549 792 2585 corruptibilis
807 2549 926 2584 pondere

143 2591 291 2622 gravatum,
312 2586 381 2614 banc
394 2586 480 2621 ipsam
492 2585 683 2620 corpulentiam
693 2592 768 2613 suam
781 2583 926 2620 quasiobi-

144 2630 203 2650 cem
216 2623 361 2654 sustinens,
375 2622 480 2649 interna
494 2629 547 2651 non
563 2625 694 2655 penetrat,
709 2626 736 2648 et
755 2627 839 2655 grave
853 2625 925 2648 exte-

144 2658 200 2684 rius
214 2657 294 2691 'aeet,
309 2658 371 2691 qnia
381 2658 516 2684 ievantem
534 2663 644 2684 manum
671 2656 782 2684 interius
804 2662 856 2683 non
871 2656 925 2683 Ιιιι-

144 2692 200 2720 bet.
236 2692 289 2720 nde
302 2692 343 2726 fit,
356 2692 426 2720 sicut
439 2692 539 2719 dietum
551 2696 603 2725 est,
614 2696 642 2719 ιιι
656 2693 846 2726 prophetarum
860 2699 923 2718 sen·

144 2727 218 2756 sibus
231 2729 300 2764 ipsa,
314 2732 344 2755 ut
355 2731 407 2761 est,
429 2728 561 2755 subtilitas
581 2726 710 2762 angelica
722 2727 828 2755 virtutis
843 2733 925 2761 appa-

145 2767 212 2796 reat.
238 2770 385 2798 eorumque
404 2770 481 2791 mens
506 2770 560 2798 quo
582 2762 675 2791 subtili
693 2761 789 2797 spiritu
809 2762 925 2798 tangitur

145 2797 260 2830 levetur,
273 2802 301 2825 ct
313 2805 367 2826 non
378 2796 435 2834 iam
447 2797 531 2834 pigra,
543 2803 706 2834 torpensque
715 2798 747 2826 in
759 2797 814 2826 ima
822 2795 924 2832 iaceat,

146 2832 194 2858 sed
208 2833 309 2872 repleta
317 2833 419 2860 intimis
429 2833 573 2867 afflatibus,
581 2832 617 2861 ad
625 2840 740 2869 superna
751 2834 924 2867 commeat,

145 2871 226 2901 atque
239 2867 302 2895 inde
312 2867 390 2902 qnasi
397 2867 432 2895 de
440 2867 555 2902 quodam
568 2875 658 2896 rernm
665 2869 776 2902 vertice,
786 2875 846 2904 quae
856 2866 926 2896 infra

147 2905 294 2931 seveutura
306 2906 377 2936 sunt,
389 2901 487 2931 videat.
494 2902 546 2932 Per
552 2902 694 2933 Domitium
705 2909 827 2934 nostrum
834 2903 925 2932 sesnin

687 168 717 197 S.
738 167 862 197 tstnmtt
882 167 1102 199 sslSPALENSlS
1122 170 1276 200 Episcopi

957 227 983 258 Α
993 227 1106 255 discitur
1117 229 1274 261 creationis,
1289 227 1353 255 dum
1369 235 1415 261 per
1425 227 1514 255 omnia
1529 227 1598 255 dixit
1612 227 1682 256 Deus
1695 235 1702 255 :
1714 227 1786 261 Fiat,

1732 167 1784 203 atto

996 272 1099 307 eesacta
1121 274 1196 306 sant',
1225 280 1317 300 creare
1341 279 1404 300 vero
1429 272 1565 300 hominem
1580 273 1650 309 'eum
1673 269 1785 308 quadarn

995 317 1089 344 aeterni
1103 318 1208 346 consilii
1222 318 1416 346 deliberatione
1428 318 1554 351 voluerit,
1566 317 1678 346 dicens:
1694 317 1783 345 Facia-

994 370 1051 389 mus
1064 362 1191 390 hominem
1206 363 1240 390 ad
1260 364 1396 398 imaginem
1418 368 1441 390 el
1452 364 1648 391 similitudinem
1661 368 1784 392 noueram.
1817 383 1825 394 -,

1028 407 1057 435 2.
1077 407 1144 440 Quia
1157 409 1229 436 enim
1245 409 1308 437 boui
1322 416 1415 436 sumus
1430 409 1588 437 naturaliter
1603 409 1714 443 conditi,
1730 409 1786 437 cnl-

993 460 1034 488 pae
1046 453 1162 488 quodam
1185 453 1265 483 modo
1291 455 1387 483 merito
1405 459 1500 483 contra
1515 460 1638 484 naturam
1659 456 1723 484 matt
1741 463 1787 484 su·
1824 455 1825 458 ’

992 505 1052 526 mus
1064 498 1163 526 effecti.

1030 544 1058 571 5.
1079 544 1154 572 Sicut
1179 545 1314 579 praescivit
1347 545 1416 574 Deus
1436 546 1572 575 hominem
1597 551 1785 582 peccaturum,

994 589 1030 617 ita
1045 595 1070 617 et
1084 590 1219 625 praescivit
1246 590 1324 626 142
1344 587 1457 626 qualiter
1472 591 1548 619 illum
1564 599 1613 627 per
1631 600 1706 620 suam
1728 600 1788 627 gra-

995 638 1057 665 tiam
1074 641 1220 672 repararet,
1237 638 1281 672 qui
1297 645 1345 664 suo
1360 637 1471 665 arbitrio
1485 637 1611 672 deperire
1625 638 1764 673 potuisset.
1816 636 1819 644 ’

1029 683 1056 710 4.
1077 683 1248 718 Originaliter
1270 683 1354 710 Adam
1379 688 1406 711 et
1431 683 1485 711 Eva
1509 684 1588 712 simul
1615 685 1699 712 creati
1713 689 1786 719 sunt,

991 730 1143 765 specialiter
1164 738 1228 758 vero
1258 734 1352 765 postea
1380 730 1476 758 mulier
1502 730 1536 759 de
1556 731 1639 759 latere
1659 732 1709 760 viri
1732 732 1786 760 sor-

990 820 1138 853 Ghristum‚
1154 820 1198 855 qui
1221 826 1282 847 eum
1299 819 1387 852 Patre,
1403 823 1430 846 et
1443 818 1544 853 Spiritu
1563 823 1667 852 sancto,
1683 820 1746 846 vivit
1759 824 1786 847 et

985 862 1080 919 ἔξιθι
1109 856 1136 883 ιιι
1169 856 1266 883 saeeula
1299 855 1468 882 saeculorum.
1505 855 1601 882 Amen.
1628 854 1752 890 Explicit.
1771 864 1782 882 ι

949 915 968 943 Β
1019 927 1082 954 Cn.
1093 926 1209 954 >th—N.
1220 927 1244 953 ¹.
1255 926 1414 954 Communia.
1427 925 1464 952 lta
1475 925 1566 953 Sancti
1578 926 1785 960 interpretantur

986 962 1051 989 illud
1063 962 1206 996 Sapientiae
1219 970 1225 991 ι
1239 971 1245 987 ι
1259 961 1317 988 Ηοι·
1331 962 1397 996 quod
1412 962 1522 988 continet
1547 962 1634 988 onmia
1654 963 1786 990 scientiam

985 997 1057 1024 habet
1069 999 1144 1024 vocis.
1165 998 1196 1024 Et
1218 997 1281 1024 illud
1297 997 1391 1024 Mattli.
1407 997 1518 1023 ultimo:
1535 995 1682 1023 Proezlicute
1698 997 1784 1025 Evan-

986 1034 1081 1068 ῃειὶιιιιι
1092 1033 1161 1059 omni
1172 1038 1306 1065 ‹si-eatam,
1314 1032 1454 1059 utnomine
1467 1032 1554 1058 omnis
1566 1036 1694 1059 creaturae
1705 1033 1785 1060 bomo

988 1069 1163 1102 intelligatur;
1181 1067 1328 1101 praesertim
1345 1066 1499 1100 Gregorius,
1518 1067 1612 1093 uomit.
1631 1067 1676 1099 29,
1692 1067 1718 1094 ιιι
1735 1072 1785 1096 As-

987 1104 1111 1130 censione
1129 1102 1243 1135 Domini,
1259 1108 1285 1129 et
1301 1102 1347 1130 lib.
1361 1109 1388 1129 vi
1403 1101 1508 1136 Moral.‚
1525 1108 1584 1136 cap.
1601 1101 1678 1130 7.De
1691 1101 1741 1130 hac
1753 1110 1784 1131 re

987 1146 1077 1172 supra,
1094 1146 1153 1172 cap.
1172 1138 1215 1165 10.
1233 1138 1342 1165 Losiss.

1022 1173 1091 1200 ibid.
1106 1173 1220 1200 Coeteris.
1242 1172 1368 1208 Gregor.‚
1388 1173 1434 1200 lib.
1449 1172 1542 1200 Moral.
1559 1180 1595 1205 tx,
1621 1179 1681 1206 cap.
1696 1173 1740 1207 56,
1755 1178 1783 1202 et

987 1209 1100 1243 August.
1116 1216 1195 1242 super
1211 1208 1291 1241 Gen„
1310 1210 1337 1235 in
1352 1209 1398 1235 lib.
1417 1208 1583 1242 lmperl'ecto.
1601 1208 1708 1236 Lostsa.

1026 1244 1092 1271 ibid.
1119 1244 1262 1271 Vezzosius
1283 1244 1415 1271 celebrem
1437 1251 1497 1271 esse
1519 1244 1707 1271 animadvertit
1721 1252 1783 1273 sen-

986 1281 1095 1307 tentiam
1113 1280 1198 1306 saneti
1220 1279 1353 1314 Gregorii,
1370 1279 1503 1306 bominem
1519 1286 1662 1307 commune
1681 1280 1780 1315 aliquid

987 1316 1084 1342 babere
1099 1322 1159 1341 cum
1184 1316 1307 1341 omnibus
1324 1314 1464 1341 creaturis.
1480 1316 1567 1342 Ani-zv.

1021 1350 1047 1377 4.
1064 1350 1147 1377 Simul
1163 1351 1240 1376 creati
1256 1355 1324 1376 sunt.
1338 1350 1364 1376 ld
1378 1355 1449 1384 patet
1460 1357 1493 1376 ex
1508 1351 1554 1377 illo
1569 1350 1665 1377 Genes.
1683 1358 1709 1378 t:
1727 1351 1781 1378 Fa-

985 1386 1082 1413 ciamus
1092 1386 1219 1412 hominem
1230 1386 1263 1412 ad
1275 1385 1443 1420 iutayinentet
1455 1385 1647 1412 similitudinem
1658 1391 1780 1415 nostrum.

986 1422 1071 1448 llomo
1088 1422 1160 1448 cuim
1177 1426 1319 1455 utrumque
1348 1428 1440 1447 sexum
1466 1421 1679 1454 comprehendit.
1707 1422 1781 1450 Unde

985 1457 1039 1484 Eva
1056 1461 1165 1483 vocatur
1180 1457 1282 1491 virago,
1299 1461 1326 1483 et
1344 1456 1431 1490 imago
1445 1456 1506 1488 viri,
1524 1457 1604 1482 bomo
1617 1464 1679 1482 vero
1694 1457 1781 1492 imago
1829 1482 1832 1483 ι

985 1497 1012 1519 et
1024 1492 1108 1526 gloria
1125 1492 1184 1523 Dei,
1196 1499 1210 1518 a
1223 1492 1314 1525 Paulo,
1328 1492 1337 1518 l
1350 1492 1411 1518 Cor.
1425 1499 1460 1518 ιιι.
1476 1492 1513 1518 lta
1528 1492 1716 1525 interpretatur
1727 1495 1781 1519 Au-

983 1533 1067 1562 gust.‚
1078 1527 1123 1553 lib.
1135 1527 1169 1553 de
1180 1526 1275 1554 Triuit.
1286 1535 1334 1558 ιιιι,
1346 1534 1405 1560 cap.
1417 1527 1431 1552 7
1442 1535 1449 1558 ;
1459 1531 1485 1553 et
1494 1526 1563 1553 Gen.
1576 1535 1590 1552 v
1601 1527 1697 1554 dicitur
1709 1535 1716 1553 ε
1729 1527 1780 1554 Hic

984 1567 1021 1589 est
1032 1563 1092 1589 liber
1103 1562 1273 1597 ymen-ationis
1286 1562 1378 1593 Adam.
1392 1561 1404 1587 1
1409 1570 1424 1588 ιι
1436 1562 1476 1588 die
1486 1570 1538 1596 qua
1548 1563 1639 1588 creavit
1651 1562 1721 1589 Deus
1732 1563 1780 1589 ho-

986 1599 1089 1630 minem,
1098 1598 1131 1623 ad
1137 1597 1330 1624 similitudinem
1339 1597 1386 1623 Dei
1399 1597 1457 1632 fecit
1468 1597 1551 1630 illum,
1559 1597 1701 1624 masculum
1712 1603 1735 1624 et
1746 1599 1780 1633 se-

986 1634 1082 1660 minam
1091 1634 1184 1659 creavit
1198 1641 1250 1659 eos.
1262 1634 1292 1660 Et
1305 1633 1412 1664 Paulus
1426 1632 1434 1658 l
1449 1632 1481 1659 ad
1493 1634 1555 1659 Cor.
1566 1640 1602 1666 xi,
1613 1641 1673 1659 cum
1687 1633 1778 1661 dicat:

985 1669 1060 1697 Sicut
1073 1669 1165 1694 mulier
1176 1669 1207 1695 de
1218 1668 1327 1700 viro,ita
1335 1673 1357 1694 et
1367 1668 1404 1694 vir
1417 1676 1462 1702 per
1476 1668 1615 1700 mutierem,
1625 1668 1778 1696 concludit:
1826 1693 1832 1695 .

987 1704 1080 1731 Omnia
1091 1708 1175 1730 autem
1186 1712 1217 1731 ex
1231 1703 1295 1730 Deo.
1312 1704 1450 1736 Ambros.,
1466 1703 1501 1729 ibi
1516 1712 1522 1729 z
1537 1703 1616 1730 Ambo
1630 1711 1708 1730 unum
1719 1708 1778 1731 sum

985 1740 1011 1766 in
1025 1745 1126 1766 natura.
1145 1739 1172 1766 ld
1186 1744 1261 1766 vocat
1286 1738 1402 1765 lsidorus
1419 1739 1582 1771 originaliter
1598 1746 1659 1765 esse
1683 1746 1778 1772 unum,
1823 1743 1832 1746 ·

985 1775 1137 1809 specialiter
1152 1782 1215 1801 vero
1233 1779 1326 1809 postea
1341 1774 1437 1801 mulier
1449 1774 1483 1801 de
1496 1775 1579 1801 latere
1600 1774 1647 1800 viri
1664 1774 1776 1802 formata

986 1815 1037 1838 est.
1062 1811 1135 1837 llanc
1159 1810 1326 1837 Sententiam
1350 1810 1446 1843 probat
1472 1808 1618 1843 Gregorius
1631 1809 1678 1836 lib.
1692 1817 1777 1838 xuni
1830 1835 1832 1843 ,

982 1845 1090 1879 Moral.,
1117 1853 1177 1879 cap.
1200 1845 1363 1872 10:13erum
1387 1845 1490 1879 quippe,
1516 1845 1611 1879 inquit,
1633 1845 1776 1872 substantia
1830 1851 1832 1863 ¹

983 1881 1060 1908 simul
1085 1885 1170 1907 creata
1202 1885 1253 1913 ειμ-
1279 1880 1325 1906 sed
1353 1880 1430 1906 simut
1464 1881 1557 1914 species
1584 1882 1694 1915 [ot-mata
1724 1888 1776 1908 non
1816 1890 1827 1910 ς·

983 1921 1032 1951 est,
1048 1921 1101 1943 etc.
1118 1916 1236 1944 Observa
1261 1916 1348 1943 obiter
1374 1917 1550 1950 Augustinum
1573 1920 1600 1942 et
1618 1915 1775 1950 Gregorium

982 1952 1009 1979 iu
1035 1959 1125 1979 rerum
1151 1951 1312 1979 lormatione
1340 1951 1483 1978 dissentire
1493 1972 1501 1985 ‚
1525 1959 1585 1979 cum
1613 1952 1775 1985 Augustinus

982 1988 1074 2014 multis
1091 1989 1116 2014 in
1131 1986 1198 2014 locis
1211 1994 1292 2020 super
1307 1986 1433 2014 Genesim
1449 1986 1544 2021 probet
1562 1987 1650 2013 omnia
1663 1994 1722 2014 esse
1732 1986 1774 2013 sa-

983 2028 1025 2050 cta
1040 2023 1120 2050 simul
1142 2023 1288 2050 secundum
1304 2022 1492 2054 substantiam,
1508 2026 1536 2049 et
1549 2022 1695 2049 secundum
1712 2029 1773 2056 spo-
1814 2038 1818 2039 ν

983 2058 1064 2091 ciem,
1088 2059 1236 2093 praesertim
1258 2058 1304 2084 lib.
1319 2065 1345 2084 ιν
1360 2065 1440 2091 super
1467 2057 1564 2084 Genes.
1591 2057 1626 2084 ad
1645 2059 1772 2091 litteram,
1811 2066 1822 2083 r

983 2101 1043 2128 cap.
1054 2095 1098 2121 54.
1109 2094 1253 2129 Gregorius
1267 2100 1331 2120 vero
1344 2093 1418 2126 dicit,
1428 2093 1454 2120 in
1469 2093 1617 2120 substantia
1631 2099 1690 2119 esse
1703 2093 1787 2125 facta-1
1808 2100 1817 2112 v

983 2130 1073 2162 simul,
1091 2129 1138 2157 sed
1152 2138 1205 2156 non
1219 2129 1246 2155 in
1261 2130 1360 2163 specie.
1378 2128 1405 2155 Ιιι
1420 2135 1471 2163 qua
1486 2128 1619 2156 sententia
1633 2132 1675 2155 est
1688 2128 1787 2155 Iside-a
1808 2154 1812 2159 ,

983 2172 1030 2191 rus
1044 2166 1098 2198 liic,
1115 2169 1142 2191 et
1161 2164 1208 2192 lib.
1226 2172 1244 2191 ιι
1266 2163 1491 2197 Differentiarum,
1509 2171 1568 2198 cap.
1585 2163 1630 2190 10.
1645 2162 1678 2189 In
1699 2169 1791 2198 crea-3
1805 2159 1820 2187 Γ

983 2200 1060 2233 tione,
1075 2201 1168 2235 inquit,
1186 2200 1275 2227 nitendi
1285 2204 1309 2226 et
1322 2199 1484 2233 formatione,
1499 2199 1526 2225 in
1543 2207 1592 2232 qua
1607 2199 1659 2225 hoec
1669 2203 1706 2226 est
1719 2189 1819 2245 dis-‚tt

982 2235 1099 2268 ferentia,
1113 2236 1181 2271 quod
1193 2235 1351 2270 originaliter
1371 2237 1513 2261 secundum
1528 2234 1640 2260 ”iuterim
1651 2234 1770 2263 substan·
1781 2252 1791 2263 .
1815 2237 1817 2244 ’

980 2313 1038 2332 vero
1049 2315 1134 2333 reram
1143 2314 1188 2340 per
1202 2313 1246 2331 sex
1257 2305 1355 2331 dierum
1369 2304 1564 2334 alternationem
1574 2304 1685 2338 [oratam
1697 2308 1775 2338 sunit.
1810 2317 1815 2326 =

981 2340 1069 2374 Pliilo,
1086 2342 1131 2368 lib.
1146 2348 1156 2367 ι
1172 2340 1239 2375 legis
1260 2339 1465 2373 Atlegoriarum,
1486 2339 1628 2366 rusticanae
1642 2338 1758 2373 simplici

981 2376 1043 2402 tatis
1054 2384 1113 2403 esse
1128 2376 1215 2409 inquit
1233 2379 1326 2408 putare
1340 2380 1387 2400 sex
1401 2373 1504 2406 diebus,
1525 2376 1571 2400 aut
1585 2373 1675 2409 utique
1689 2380 1766 2403 certo
1813 2382 1818 2391 ·

981 2414 1111 2445 tempore,
1137 2409 1264 2438 mundum
1287 2409 1432 2436 conditum.
1455 2408 1564 2436 Rel'ellit
1585 2408 1629 2436 bic
1650 2409 1759 2438 lsidoru

980 2447 1142 2472 sententiam
1166 2452 1260 2472 eorum
1285 2445 1330 2479 qui
1354 2443 1447 2471 dicunt
1469 2445 1639 2480 androgynos
1661 2450 1770 2474 creato·-
1812 2456 1816 2474 ι

979 2479 1063 2507 Adam
1077 2486 1103 2507 et
1125 2481 1219 2514 Evam,
1233 2480 1260 2506 id
1281 2484 1332 2512 est,
1355 2479 1489 2506 bominem
1512 2480 1539 2506 iu
1562 2487 1615 2515 quo
1639 2480 1693 2507 duo
1712 2481 1773 2512 sin

980 2522 1094 2550 corpora
1114 2516 1196 2542 maris
1221 2515 1322 2542 scilicet
1336 2519 1363 2542 et
1376 2515 1481 2542 teminae
1501 2515 1572 2542 circa
1592 2515 1700 2543 dorsum
1741 2528 1744 2539 ι

980 2552 1095 2584 putatos,
1112 2552 1148 2578 ita
1163 2555 1192 2577 ut
1214 2554 1288 2578 esset
1313 2550 1393 2577 bomo
1405 2558 1420 2577 a
1437 2550 1568 2585 principio
1587 2553 1720 2586 geminus,
1735 2556 1766 2580 tt?
1809 2552 1814 2562 “

979 2585 1065 2619 Plato,
1081 2587 1108 2613 in
1123 2586 1263 2618 Convivio,
1287 2593 1335 2613 seu
1349 2585 1383 2612 de
1400 2585 1508 2619 Amore,
1533 2586 1658 2620 asseruit,
1671 2594 1719 2628 pos
1732 2604 1746 2619 »μ

979 2628 1043 2648 vero
1056 2627 1157 2654 sectus,
1174 2627 1202 2648 ut
1225 2629 1259 2648 ex
1273 2623 1387 2648 adverso
1407 2620 1440 2648 ad
1459 2621 1540 2655 prolis
1551 2628 1718 2656 procreationi
1725 2636 1735 2644 «ν
1750 2634 1751 2639 ι

978 2657 1223 2691 conjunget-entem
1248 2664 1264 2684 e
1288 2656 1372 2683 latere
1388 2655 1459 2683 enim
1483 2656 1635 2691 protoplasti
1669 2664 1723 2686 non

978 2696 1052 2719 costa
1077 2693 1214 2720 mulierem
1227 2690 1371 2719 formatam
1384 2691 1527 2726 affirmant,
1549 2699 1616 2720 vooe
1638 2676 1710 2726 hebr
1741 2699 1755 2730 j

977 2727 1044 2760 zela,
1055 2727 1124 2755 latus
1148 2731 1176 2755 et
1199 2732 1300 2756 costam
1323 2726 1499 2762 significante.
1516 2728 1543 2754 ln
1561 2725 1613 2755 hae
1629 2735 1679 2761 sen
1696 2738 1716 2750 :-

977 2762 1025 2790 l'uit
1039 2762 1198 2791 Franciscus
1213 2762 1353 2798 Georgius.
1371 2762 1468 2794 Verum
1481 2762 1558 2790 divus
1571 2762 1684 2798 August,

977 2798 1080 2826 tunicos
1092 2799 1249 2832 insectatur,
1264 2798 1311 2826 lio.
1321 2804 1351 2825 ιιι
1364 2796 1399 2825 de
1412 2796 1512 2826 Genea.
1525 2797 1561 2825 ad
1573 2797 1629 2834 lit„
1639 2797 1701 2833 esp,

977 2833 1098 2868 inquiens
1113 2833 1244 2868 :Raram
1269 2841 1301 2861 ιιι
1321 2832 1350 2860 ιιι
1366 2833 1469 2861 nemim
1485 2837 1591 2869 umque
1602 2839 1705 2869 twa.
1729 2838 1734 2863 ἰ

977 2873 1121 2902 putaretur,
1131 2870 1196 2896 sieut
1205 2869 1238 2896 iu
1247 2867 1288 2895 Ιιίι
1300 2874 1365 2903 qm
1376 2867 1660 2909 mmm,
1682 2883 1684 2887 ν
1707 2899 1709 2901 ,
1738 2897 1744 2903 ,

978 2903 1034 2932 {iter
1048 2904 1162 2939 subjecta
1175 2904 1319 2932 manuum
1333 2906 1357 2931 ιι
1371 2902 1493 2938 [mm
1504 2905 1599 2932 amit
1607 2909 1662 2932 m.
1677 2904 1708 2933 t..
1784 2934 1785 2941 ἵ
