1832 3016
149 144 201 173 207

149 251 173 274 st
186 254 245 273 caro
255 245 286 272 de
297 251 372 271 carne
386 249 452 268 mea.

415 284 576 319 QUAESTto
595 284 652 313 XL.

183 336 227 363 54.
247 334 295 362 Die
313 332 398 366 mihi,
419 331 507 359 inians
532 331 657 366 parvulus
684 333 796 365 quantas
823 329 937 358 virtutes

147 380 244 410 habet?
271 378 419 412 Respondit
434 386 441 404 :
456 385 481 404 iv
506 376 589 404 :Non
611 376 690 403 laesus
718 374 856 408 metninit;
883 383 936 403 non

146 429 298 461 perseverat
321 425 348 453 in
362 425 415 457 ira;
440 432 493 451 non
515 423 664 450 delectatur
687 421 796 456 pulchra
822 421 936 456 remina;

145 479 199 500 non
211 471 284 499 aliud
297 471 395 506 cogitat
407 469 449 497 vel
461 468 532 496 aliud
553 469 681 503 loquitur.

660 135 691 163 S.
710 132 836 163 lstnottl
855 132 1081 162 lllSPALENSlS
1101 134 1253 162 EPlSCOPl

149 200 233 231 Atiam
245 219 252 233 ‚
275 197 381 234 quando
403 195 469 224 dixit
481 202 489 221 ε
501 193 560 222 Hoc
573 201 641 221 nunc
654 202 682 222 os
697 201 730 221 ex
743 192 840 220 ossibus
862 199 934 227 mas,
950 190 976 226 Α

1723 135 1779 165 208
1827 125 1832 178 ζ

1263 184 1423 226 QUAEsrio
1443 191 1511 220 xm.

1023 237 1068 265 55.
1089 237 1136 265 Dic
1159 237 1241 271 mihi,
1266 246 1350 274 quare
1376 239 1425 267 suit
1441 239 1569 267 diluvium
1594 245 1674 274 super
1689 240 1781 268 tem?

989 281 1158 317 Respondit:
1176 282 1236 311 Filii
1259 283 1306 312 Dei
1326 289 1488 319 acceperunt
1501 284 1569 312 filias
1592 284 1732 313 hominum
1744 293 1782 314 ex

989 328 1113 357 omnibus
1136 337 1203 365 quas
1226 330 1278 358 sibl
1300 331 1453 366 elegerant;
1479 332 1588 366 natique
1611 337 1674 359 sunt
1694 339 1725 359 ex
1741 333 1782 360 eis

991 374 1049 402 filit.
1063 375 1102 402 11Ιί
1116 375 1224 403 suerunt
1237 376 1369 412 gigantes,
1399 381 1426 404 et
1441 377 1522 404 multa
1538 377 1607 404 mals
1622 376 1742 405 recerunt
1756 378 1784 405 in

990 425 1062 448 terra
1072 441 1080 454 ,
1095 426 1122 449 et
1132 430 1185 449 non
1200 422 1300 457 placuit
1314 422 1438 451 Domino.
1463 423 1608 458 Propterea
1622 422 1723 450 delevit
1736 430 1784 451 eos

991 467 1121 496 Dominus
1134 476 1182 503 per
1195 476 1277 503 aquas
1288 468 1391 496 diluvii.

611 606 952 664 sanun
990 604 1337 662 lsmolu

780 719 987 746 HlSPALENSlS
1004 719 1148 745 EPISCOPI

281 798 648 878 hirsutorum
701 797 1104 877 utroslrlmtrs
1145 796 1649 876 §AGRAMlNroRIJM

307 1005 739 1071 QUAESTIONES
769 1004 837 1056 IN
863 1003 1079 1056 VETUS
1100 1002 1618 1056 TESTAMENTUM.

789 1151 847 1192 IN
888 1147 1163 1191 GENESIN.

923 1229 1003 1236 -——

442 1276 635 1306 PRAEFATto.

180 1326 262 1363 259
276 1324 300 1351 l.
316 1323 431 1352 Historia
447 1330 530 1350 sacrm
546 1322 613 1357 legis
630 1328 682 1348 non
697 1322 754 1348 sine
769 1320 855 1355 aliqua
871 1327 939 1354 prae·

145 1374 312 1403 nuntiatione
326 1372 475 1399 futurorum
487 1373 562 1404 gesta
569 1373 648 1403 atque
659 1368 808 1401 conscripta
816 1371 865 1394 est.
884 1366 938 1393 Nisi

144 1420 291 1455 pertineret
300 1418 331 1445 ad
343 1416 565 1451 praeligurationis
571 1415 727 1450 mysterium
737 1418 789 1440 111111
802 1412 938 1446 multiplex

146 1474 237 1494 rerum
253 1464 345 1491 umbra
362 1468 506 1498 gestarum,
524 1469 575 1489 nee
588 1462 688 1488 docens
705 1461 849 1494 Apostolus
864 1459 934 1486 dice-

145 1517 185 1540 ret
208 1521 214 1539 ;
238 1511 293 1538 Lex
313 1510 429 1536 umbram
457 1508 532 1534 habet
549 1508 693 1543 futurorum
720 1507 862 1538 bonorum,
889 1513 939 1532 uon

145 1559 227 1594 ipsam
237 1557 373 1591 imnqinem
386 1564 480 1582 rerum.

178 1605 205 1631 Ξ.
233 1603 348 1631 Proinde
371 1602 503 1637 (rumdam,
527 1608 586 1635 quae
606 1601 634 1627 in
659 1606 689 1627 ea
717 1599 848 1633 figuratim
869 1598 939 1625 dicta

143 1650 184 1677 vel
206 1649 274 1676 tacta
297 1652 369 1679 sunt,
387 1651 414 1674 et
431 1651 493 1674 sunt
512 1646 590 1681 plena
614 1644 733 1680 mysticis
754 1644 937 1676 sacramentis,

144 1696 286 1732 adjuvante
300 1701 413 1729 superna
429 1693 524 1727 gratia,
541 1693 567 1719 in
582 1692 632 1718 ltoc
646 1691 776 1726 opusculo
792 1697 940 1725 exsequen-

143 1748 183 1770 tes
199 1742 372 1773 intexuimus,
391 1744 562 1774 veterumque
576 1738 818 1766 ecclesiasticorum
832 1742 940 1764 senten-

143 1788 196 1814 tias
222 1790 425 1821 congregantes,
451 1784 532 1811 veluti
558 1791 589 1810 ex
614 1783 726 1810 diversis
753 1782 835 1816 pratis
861 1782 940 1809 flores

144 1833 230 1861 lectos
245 1832 277 1859 ad
294 1839 400 1859 manum
416 1830 540 1862 fecimus,
557 1834 583 1856 et
597 1837 678 1863 pauca
695 1829 728 1856 de
744 1829 833 1855 mulcis
848 1829 939 1855 brevi-

144 1882 187 1904 ter
208 1877 429 1911 perstringentes,
455 1875 581 1909 pleraque
605 1874 684 1901 etiam
705 1873 871 1907 adjicientes,
899 1874 939 1900 vel

144 1924 232 1958 aliqua
246 1931 277 1951 ex
293 1927 368 1957 parte
383 1926 526 1953 mutantes,
546 1921 682 1948 offerimus
704 1927 755 1946 non
779 1920 865 1946 solum
881 1924 939 1946 stu-

951 1273 976 1303 Β
990 1272 1142 1307 prolixitate
1166 1270 1311 1298 fastidium.
1330 1270 1436 1299 Prolixa
1457 1270 1527 1299 enim
1541 1275 1568 1298 et
1583 1272 1684 1299 occulta
1706 1273 1787 1301 taedet

991 1319 1091 1350 oratio;
1108 1317 1197 1345 brevis
1210 1322 1236 1345 et
1251 1322 1341 1352 aperta
1354 1318 1479 1345 delectat.
1496 1317 1530 1345 Et
1543 1318 1605 1353 quia
1617 1318 1671 1353 jam
1685 1319 1787 1353 pridem

989 1364 1064 1398 juxta
1091 1364 1205 1391 litteram
1229 1371 1243 1390 a
1267 1364 1344 1390 nobis
1365 1371 1455 1391 sermo
1479 1368 1551 1392 totus
1574 1369 1714 1392 contextus
1734 1371 1785 1399 est,

992 1417 1102 1437 necesse
1123 1414 1162 1436 est
1191 1415 1229 1441 ut,
1257 1409 1426 1444 praecedente
1453 1410 1572 1438 liistoriae
1601 1412 1785 1445 fundamento,

991 1456 1150 1491 allegoricus
1164 1463 1260 1483 sensus
1275 1461 1411 1491 sequatur.
1427 1456 1493 1483 Nam
1508 1456 1655 1492 figuraliter
1666 1458 1787 1492 quaedam

990 1510 1022 1530 ex
1040 1502 1081 1528 liis
1096 1501 1290 1536 intelliguntur,
1304 1509 1368 1530 vere
1382 1507 1507 1538 tanquam
1521 1503 1674 1538 prophetica
1691 1504 1786 1532 indicia

992 1548 1166 1584 praecedentia
1179 1550 1337 1576 futurorum.

1026 1596 1052 1622 4.
1069 1595 1139 1622 Sane
1155 1603 1207 1622 non
1223 1595 1311 1622 omnia
1327 1602 1386 1629 quae
1401 1595 1427 1622 in
1449 1595 1509 1629 lege
1524 1600 1550 1622 et
1566 1595 1702 1630 prophetis
1720 1595 1788 1623 scri-

992 1646 1037 1676 pta
1059 1646 1121 1668 sunt
1135 1642 1325 1676 mysteriorum
1341 1641 1528 1675 aenigmatibus
1547 1642 1723 1678 obteguntur3
1739 1642 1787 1671 sed

991 1695 1040 1721 pro
1055 1688 1096 1714 liis
1116 1695 1175 1722 quae
1197 1687 1297 1722 aliquid
1314 1687 1475 1722 significant,
1490 1688 1568 1715 etiam
1585 1697 1643 1723 quae
1659 1689 1724 1716 nihil
1746 1689 1787 1717 si·

991 1734 1118 1769 gnificant
1143 1738 1347 1761 connectuntur.
1372 1733 1446 1761 Sicut
1470 1734 1541 1761 enim
1562 1734 1589 1760 in
1613 1735 1736 1767 citharis,
1759 1738 1787 1762 et

992 1779 1143 1813 hujusmodi
1161 1779 1269 1813 organis
1290 1778 1411 1811 musicis,
1434 1786 1487 1805 non
1501 1778 1607 1813 quidem
1623 1778 1711 1805 omnia
1726 1787 1786 1813 quae

992 1829 1145 1858 tanguntur,
1171 1832 1298 1851 canorum
1324 1824 1423 1859 aliquid
1452 1829 1589 1857 resonant,
1615 1825 1662 1852 sed
1683 1830 1784 1853 tantum

991 1870 1111 1903 chordae,
1125 1875 1222 1897 caetera
1237 1875 1324 1898 tamen
1348 1871 1374 1897 in
1398 1875 1459 1897 tot-9
1476 1871 1584 1898 citharae
1599 1878 1711 1906 corpore
1725 1871 1785 1899 ideo

991 1915 1059 1942 sacta
1076 1921 1148 1948 sunt,
1165 1920 1192 1942 ut
1204 1920 1276 1943 esset
1287 1915 1331 1943 ubi
1359 1920 1583 1943 connecterentur
1604 1921 1631 1943 et
1646 1924 1697 1951 quo
1726 1922 1785 1945 ten-

144 1971 237 2002 diosis,
264 1970 346 2006 260
369 1969 414 1996 sed
442 1968 521 1995 etiam
546 1966 691 1994 fastidiosis
713 1965 866 1997 lectoribus,
894 1964 938 1999 qni
953 1966 975 1997 C
991 1960 1118 1987 derentur
1132 1959 1176 1986 illa
1190 1967 1250 1994 quae
1262 1961 1295 1987 ad
1311 1961 1451 1988 cantilena*¹
1463 1960 1620 1988 suavitatem
1635 1962 1784 1989 modulatu-

144 2017 253 2044 nimiam
271 2015 462 2049 longitudinem
476 2012 607 2040 sermonis
620 2012 775 2039 abhorrent.

180 2062 207 2089 5.
220 2061 299 2088 Brevi
315 2061 387 2087 enim
398 2058 565 2093 expositione
579 2057 712 2084 succincta
726 2063 778 2082 nou
794 2055 893 2082 iaciunt
904 2054 938 2082 de

179 2130 359 2164 Mysticorum.
369 2126 496 2154 Arevalus
504 2125 545 2152 hic
554 2125 696 2158 scripserat
705 2123 864 2150 Secretorum
873 2129 882 2154 ,·
891 2121 937 2148 sed

144 2165 171 2192 in
181 2165 240 2191 altis
252 2163 331 2197 hujus
342 2162 430 2195 operis
446 2160 542 2189 titulis.
555 2160 647 2186 Grialii
659 2158 803 2185 editionem
818 2161 935 2189 secutus,

144 2200 265 2233 reposuit
280 2198 457 2232 Mysstcorum,
479 2206 487 2220 1
505 2196 637 2228 quamvis,
661 2193 708 2225 ait,
727 2193 839 2219 fortasse
853 2193 937 2224 magis

144 2234 288 2269 genuinum
299 2234 333 2259 sit
346 2232 472 2258 Secretor.
489 2240 497 2254 »
511 2230 677 2256 Retinuimus
690 2228 833 2254 secundam
844 2226 937 2253 lectio-

145 2277 218 2297 nem.
230 2268 374 2298 Caeterutm
390 2266 519 2293 ltuicloco
533 2269 622 2290 notam
634 2268 788 2295 sequentem
802 2261 938 2294 subiungit

144 2303 275 2332 Arevalus
290 2312 296 2329 z
310 2316 343 2323 —
354 2311 362 2327 1
383 2301 420 2328 De
431 2305 607 2330 secretorum,
624 2298 690 2329 sive,
709 2302 736 2322 ut
749 2296 864 2323 Grialius
878 2298 936 2322 edi-

144 2340 192 2371 dit,
208 2338 382 2374 mysticorum
400 2334 616 2369 Expositionibus
631 2337 859 2358 sacramentorum
874 2331 936 2364 qnid

143 2376 195 2402 hoc
209 2375 393 2401 l'oco'monere
407 2370 556 2405 expediret.
583 2368 636 2402 peti
659 2370 745 2401 potest
759 2373 791 2392 ex
817 2365 938 2399 prolego-

143 2410 240 2442 menis,
252 2416 312 2444 cap.
327 2407 373 2440 65.
390 2407 433 2434 ubi
455 2406 489 2432 de
510 2405 560 2431 hoc
583 2410 663 2437 opere
685 2402 767 2428 multa
781 2401 861 2427 verba
875 2401 936 2427 feci.

144 2447 215 2473 satis
226 2452 296 2472 nunc
307 2443 342 2471 sit
353 2443 472 2470 indicare
484 2439 614 2467 Grialium
629 2442 764 2464 auctorem
777 2442 836 2462 esse
846 2443 936 2462 earum

143 2487 266 2507 notarum
300 2478 439 2506 uibuscum
456 2479 562 2503 nostras
577 2481 629 2500 non
653 2474 688 2499 ita
708 2472 806 2498 multas
825 2471 938 2497 interse—

143 2523 244 2544 remus.
297 2521 365 2549 eque
387 2519 451 2540 vero
475 2514 659 2545 argumentum
684 2506 815 2542 ejusmodi
840 2510 881 2532 est
909 2510 938 2533 ut

145 2552 223 2585 longa
238 2549 416 2584 explicatione
427 2554 495 2582 opus
510 2545 560 2578 sit;
576 2549 603 2572 et
616 2544 659 2570 ubi
673 2550 769 2570 sensus
780 2540 938 2582 commodus

145 2594 178 2614 ex
193 2585 288 2613 isidori
310 2584 399 2612 verbis
419 2583 533 2615 eruitur,
549 2587 601 2607 non
621 2583 664 2606 est
678 2578 756 2605 nimis
774 2584 852 2618 anxie
865 2583 938 2611 1111111-

145 2622 268 2655 rendum,
278 2628 313 2648 an
327 2619 436 2647 omnino
446 2624 477 2646 ea
488 2616 544 2650 ipsa
557 2614 639 2643 verba
650 2614 720 2641 illius
731 2617 847 2640 auctoris
858 2619 936 2646 quem

145 2656 266 2691 sequitur
279 2653 452 2690 expresserit,
467 2651 607 2679 autetiam
625 2649 776 2684 exprimere
789 2646 913 2675 voluerit.
923 2655 934 2673 ›
952 2661 980 2693 D

146 2691 263 2752 ¹”gf-'Et
282 2729 340 2752 sune
359 2725 434 2760 plena
456 2721 567 2758 mysticis
591 2719 765 2748 sacramentis.
790 2717 831 2746 Ex
856 2716 897 2744 his
908 2721 936 2745 et

146 2759 231 2788 saneti
254 2759 379 2788 ildefonsi
403 2758 509 2790 verbis,
533 2764 593 2793 quae
617 2755 802 2795 subjiciemus,
830 2751 935 2781 titulum

147 2801 257 2825 prorsus
265 2793 320 2836 jam
334 2792 463 2834 abolitum
475 2787 935 2859 huieogetilierestiggamnualtaexzn:

148 2828 608 2898 mmvaeemsssgszaefmmingt
622 2835 774 2892 gordorum
798 2857 937 2896 expostum·

990 2013 1034 2033 rus
1051 2010 1091 2032 est
1106 2005 1202 2033 artifex
1217 2014 1222 2031 :
1239 2006 1274 2032 ita
1298 2006 1323 2032 in
1341 2006 1383 2033 liis
1399 2006 1561 2041 propheticis
1585 2006 1783 2035 narrationibus

989 2059 1102 2086 quaeque
1112 2051 1237 2078 dicuntur
1247 2056 1293 2078 aut
1302 2051 1403 2086 aliquid
1414 2057 1511 2079 sonant
1523 2052 1550 2079 in
1559 2052 1781 2086 significationem

989 2128 1032 2146 nes
1056 2124 1290 2152 sacramentonum
1305 2119 1394 2154 quibus
1413 2122 1440 2146 1η
1460 2127 1540 2146 unum
1561 2118 1695 2154 conquas,
1715 2119 1783 2146 idem
1830 2131 1832 2142 ι

989 2155 1053 2182 liber
1067 2156 1160 2181 dicitur
1174 2156 1359 2187 Quaestionum.
1375 2155 1452 2182 Plura
1469 2155 1495 2181 in
1517 2154 1623 2189 praesat.
1644 2153 1679 2181 ad
1693 2153 1782 2189 opera

990 2191 1094 2217 lsidori.
1109 2190 1205 2217 6111111..

1025 2225 1037 2251 Ι
1043 2226 1094 2251 bid.
1111 2226 1161 2257 Qui
1172 2226 1277 2252 nimiam
1291 2225 1476 2261 lonyitudt'nem
1489 2224 1614 2251 sermoni:
1627 2224 1783 2256 abhorrent:

989 2260 1026 2287 ita
1041 2261 1143 2287 Palent.
1158 2266 1184 2287 et
1197 2261 1250 2288 duo
1259 2261 1436 2288 oxonienses.
1450 2259 1547 2292 Quibus
1558 2259 1638 2286 nimia
1653 2260 1783 2294 lonqiludo

989 2297 1110 2323 sermonis
1124 2296 1252 2328 abhorret,
1273 2296 1376 2324 Valent.
1399 2294 1468 2326 Quos
1487 2295 1565 2320 nimia
1579 2294 1711 2328 lonqitudo
1729 2302 1784 2320 ser-

989 2331 1072 2357 monis
1092 2331 1221 2362 abhorret,
1241 2330 1387 2364 Guadalnp.
1411 2328 1527 2361 Quorum
1548 2329 1628 2354 nimia
1650 2329 1783 2363 longitudo

989 2367 1113 2393 sermonis
1128 2366 1254 2398 abhorret,
1273 2365 1444 2391 Laurentian·
1459 2367 1486 2390 ct
1499 2363 1630 2397 complut.
1645 2362 1717 2390 ldem
1733 2363 1783 2390 lsi-

990 2402 1082 2432 dorus,
1099 2402 1124 2428 in
1138 2400 1231 2435 Regni.
1242 2399 1367 2426 monach.
1382 2407 1389 2425 :
1402 2397 1573 2432 Philarqyrioe
1587 2399 1744 2432 contagium,
1755 2403 1783 2426 ut

991 2436 1138 2471 lethiferam
1155 2440 1249 2470 pestem
1263 2433 1432 2470 (monachus)
1453 2433 1597 2460 abhorreat.
1615 2432 1710 2460 thst..

1025 2470 1096 2498 Ibid.
1120 2471 1245 2498 Veterum
1267 2469 1508 2497 ecclesiasticorum
1531 2468 1651 2501 nomina,
1667 2475 1782 2502 quornm

990 2507 1140 2533 sententias
1163 2509 1326 2540 congregat,
1349 2504 1428 2539 paulo
1450 2508 1514 2538 post,
1529 2510 1602 2530 num.
1619 2502 1636 2529 ὅ
1658 2507 1782 2532 recenset

990 2541 1116 2569 lsidorus.
1133 2541 1219 2569 Ansv.

1025 2576 1052 2604 5.
1068 2576 1103 2604 Et
1113 2576 1238 2611 quiajam
1249 2575 1434 2611 pridemjuxta
1444 2574 1564 2601 litteram.
1579 2573 1617 2601 lta
1625 2572 1781 2609 Sigebertus

990 2612 1023 2640 de
1037 2619 1070 2639 eo
1085 2612 1199 2639 :Totum
1220 2610 1299 2638 Vetus
1321 2610 1510 2638 Testamentum
1532 2609 1682 2644 simpliciter
1700 2615 1780 2644 eapo-

993 2647 1076 2675 nendo
1088 2647 1223 2683 percurrit.
1235 2647 1292 2674 lloe
1305 2645 1381 2673 nobis
1392 2646 1489 2674 deesse
1497 2651 1600 2680 magnas
1609 2643 1715 2672 dividis
1723 2647 1777 2678 est,

990 2683 1043 2746 gisi
1059 2683 1128 2710 torte
1146 2682 1174 2710 id
1196 2681 1299 2710 Glossae
1314 2686 1376 2709 sunt
1398 2688 1459 2716 quae
1477 2682 1606 2708 voe-ntur
1618 2677 1778 2708 Ordimrln·

1014 2726 1085 2746 sut..

1024 2754 1051 2781 4.
1067 2753 1137 2781 Sane
1149 2761 1200 2780 mm
1223 2753 1319 2785 omnia,
1334 2758 1419 2787 usque
1430 2750 1466 2782 sd
1486 2753 1676 2783 econamum,
1695 2748 1779 2779 verbs

987 2793 1051 2817 sunt
1072 2788 1213 2824 Augustini
1227 2788 1331 2816 duobus
1350 2794 1384 2815 ex
1406 2785 1472 2815 locis
1485 2787 1632 2821 spumet
1646 2784 1682 2812 xv
1691 2783 1727 2813 rh
1737 2782 1779 2816 Gl-

988 2826 1047 2860 vlt„
1058 2833 1084 2854 e.
1095 2823 1125 2859 2,
1138 2828 1166 2854 et
1178 2831 1235 2854 nu
1244 2827 1339 2854 eontra
1351 2822 1458 2858 ranst..
1471 2819 1558 2860 Qu.
1572 2819 1670 2854 (istu.
