1832 3016
81 148 131 180 ⁶97

686 145 954 176 SENTENTIARUM
974 147 1038 175 LlB.
1059 147 1103 176 ΙΙΙ.

80 209 236 238 renuntiant
249 207 359 243 seculo,
373 211 403 236 ut
415 206 474 241 eius
486 212 518 234 se
530 205 627 233 iterum
641 205 726 232 umori
749 204 869 232 subster-
881 204 909 235 Α
920 204 1018 232 ctionis
1039 205 1176 232 inanescat
1197 203 1296 238 coeptio
1309 203 1471 232 sanctitatis.
1483 204 1553 232 Ante
1568 206 1709 232 maturita-

81 259 156 283 nant.
173 254 284 283 Gravius
297 259 386 282 autem
399 252 460 280 illos
477 252 504 279 in
527 250 751 286 concupiscentiis
777 249 868 277 saeculi

81 301 158 333 ierit,
171 308 237 335 quos
259 303 320 336 post
333 298 559 327 renuntiationem
584 297 617 324 ad
638 296 731 324 mundi
747 303 868 324 amorem

80 347 225 375 reduxerit.
238 346 273 374 Et
288 345 402 372 maxime
422 351 469 379 per
484 343 661 372 cenodoxiam
684 342 795 377 subjicit
817 341 867 369 sibi

80 393 203 420 diabolus
217 391 393 424 monachum,
415 395 444 418 ut
464 398 542 425 quem
565 397 613 425 per
637 390 730 417 saeculi
747 395 866 416 amorem

80 439 196 466 retinere
210 445 262 465 non
277 436 380 471 potuit,
397 437 431 464 ab
452 436 611 464 humilitatis
631 435 747 463 culmine
762 435 867 462 subtra-

79 484 140 516 hat,
152 487 178 511 et
199 489 248 517 per
261 481 394 516 superbiae
411 485 541 510 tumorem
557 481 609 509 sibi
623 481 758 508 subditum
772 480 864 507 saciat.

113 529 140 557 2.
157 529 203 556 Dei
224 536 317 556 servus
340 535 447 562 semper
467 528 583 555 fallentis
603 527 702 554 diaboli
720 526 866 561 praevidere

77 575 155 603 debet
178 574 300 608 insidias,
318 579 346 602 et
374 574 459 608 magis
485 574 510 601 in
535 573 612 600 bonis
631 573 756 608 operibus
778 572 866 599 cordis

75 620 154 648 debet
175 621 303 648 adhibere
326 621 472 653 cautelam,
499 628 532 647 ne
557 628 604 654 per
627 627 724 647 vanam
750 619 864 654 gloriam

73 666 169 701 perdat
178 666 353 701 semetipsum
363 686 370 698 ,
383 674 415 693 ac
426 670 533 701 pereat,
545 669 693 700 cunctaque
703 665 772 692 bona
787 664 865 691 amit-

75 716 114 740 tat
134 720 194 748 quae
209 720 280 742 recte
299 713 404 748 agendo
418 713 579 739 obtinuerat.

352 758 465 787 CAPUT
487 757 582 785 xxttt.

371 804 410 831 De
419 804 559 839 jactantia.

109 849 134 876 1.
148 849 214 876 Tam
233 850 259 877 in
275 849 352 877 sactis
377 856 455 884 quam
479 849 507 876 in
533 848 611 876 dictis
634 848 779 876 cavendam
804 854 864 875 esse

921 249 954 276 tis
965 250 1036 277 enim
1052 253 1159 284 tempus
1179 257 1281 277 messes
1296 249 1423 278 florentes
1439 249 1493 278 cito
1505 253 1628 285 pereunt,
1648 256 1709 284 ger-

919 294 1046 329 minaque
1058 303 1151 323 eorum
1165 295 1271 322 inutilia
1285 295 1362 324 fiunt.

954 340 980 367 9.
1002 340 1121 368 virtutes
1144 346 1299 368 sanctorum
1324 349 1372 375 per
1396 341 1586 369 ostentationis
1605 345 1709 376 appeti-

918 390 974 412 tum
997 385 1116 413 dominio
1140 387 1291 414 daemonum
1307 387 1504 414 immundorum
1519 386 1707 422 subjiciuntur¹

917 430 986 457 sicut
1009 430 1138 458 Ezechias
1153 439 1211 464 rex,
1228 432 1273 466 qui
1294 432 1401 462 divitias
1425 439 1488 459 suas
1512 432 1644 459 Chaldaeis
1661 439 1709 466 per

915 476 1071 511 jactantiam
1086 476 1211 511 prodidit,
1229 482 1254 504 et
1270 481 1412 511 propterea
1432 477 1565 512 perituras
1579 484 1628 511 per
1642 484 1707 511 pro-

918 521 1024 557 phetam
1041 523 1151 555 audivit,
1168 527 1196 550 ut
1216 522 1380 557 significaret
1404 522 1451 549 Dci
1474 530 1579 550 servum
1594 522 1706 549 virtutes

917 575 989 600 suas,
1006 568 1067 594 dum
1083 575 1157 594 vanae
1176 568 1268 603 gloriae
1295 568 1384 594 studio
1405 567 1562 602 prodiderit,
1579 567 1704 601 perdere,

917 617 944 640 et
955 613 1045 640 statim
1062 613 1198 640 daemones
1212 621 1322 640 suorum
1339 620 1451 647 operum
1466 613 1590 640 dominos
1608 613 1707 646 facere,

917 659 986 686 sicut
1006 659 1051 686 illc
1067 667 1115 693 per
1140 659 1348 687 ostentationem
1373 659 1515 686 Chaldaeos
1539 666 1628 687 rerum
1645 666 1708 686 sua-

916 711 975 731 rum
990 704 1114 732 dominos
1129 705 1200 733 iecit.

953 751 996 778 10.
1017 753 1123 786 Optima
1136 758 1178 780 est
1193 753 1238 781 illa
1251 754 1391 786 discretio,
1403 758 1433 781 ut
1445 758 1471 781 et
1483 758 1544 781 nota
1560 754 1613 780 sint
1626 759 1708 788 opera

916 801 1007 824 nostra
1034 798 1067 825 ad
1090 799 1136 826 Dei
1165 801 1314 834 augendam
1339 801 1463 835 gloriam,
1485 804 1513 827 et
1538 800 1642 827 occulta
1660 806 1709 834 pro

916 844 1032 872 elatione
1056 845 1166 873 vitanda
1191 847 1318 875 humana.
1345 848 1391 875 llle
1411 853 1499 875 autem
1524 847 1604 874 debet
1620 846 1710 881 publi-

72 895 244 930 jactantiam;
261 895 376 923 flendam
394 900 481 923 tamen
502 896 605 923 ruinam
619 916 627 928 ‚
639 903 690 931 qua
705 895 758 922 sibi
771 903 864 929 quem·
878 888 902 918 B
916 896 979 917 care
1007 890 1120 925 bonum,
1147 892 1218 926 qnod
1247 893 1311 928 agit.
1338 893 1394 927 qui,
1417 892 1534 927 perfecta
1558 891 1709 918 humilitate

72 948 152 975 quam
167 941 250 975 magis
264 948 343 976 quam
358 941 413 969 Deo
425 941 533 976 placere
543 961 551 974 ‚
562 946 590 968 et
604 941 711 969 laudem
728 941 761 968 ab
778 941 863 968 homi-

73 985 151 1012 nibus
165 993 331 1021 comparare.

107 1030 134 1056 2.
153 1031 252 1064 Vanus,
265 1035 292 1059 et
313 1032 415 1059 erroris
440 1036 482 1059 est
505 1032 610 1059 animus
637 1033 743 1067 plenuS,
766 1033 862 1059 samam

73 1081 199 1111 appetere
221 1077 291 1104 etad
305 1078 462 1112 capiendam
488 1082 621 1105 terrenam
632 1078 735 1105 laudem
749 1079 863 1105 studium

73 1123 147 1150 dare.
161 1122 344 1158 Circumspice
360 1125 531 1159 temetipsum
541 1145 548 1157 ‚
571 1124 667 1157 homo,
683 1124 803 1159 nihilque
817 1124 864 1151 tibi

72 1174 192 1201 arroges,
207 1176 265 1203 quae
278 1169 303 1195 in
320 1173 345 1196 te
358 1174 422 1196 sunt
436 1174 533 1203 praeter
545 1174 694 1203 peccatum.
712 1170 768 1196 Non
780 1170 863 1197 decli-

72 1217 118 1240 nat
130 1213 164 1240 ad
176 1214 330 1246 dexteram,
348 1215 392 1248 qui
408 1222 462 1242 non
478 1215 544 1247 sibi,
559 1215 608 1242 sed
622 1215 677 1242 Deo
690 1215 781 1242 tribuit
795 1215 863 1242 bona

72 1267 130 1293 quae
145 1260 212 1294 agit;
231 1267 316 1294 neque
334 1260 366 1286 ad
389 1260 524 1287 sinistram
540 1268 570 1288 se
594 1261 691 1293 vertit,
707 1261 753 1296 qni
773 1261 805 1287 de
823 1261 864 1287 di-

73 1304 132 1331 vina
154 1305 317 1340 indulgentia
334 1305 462 1339 peccandi
478 1306 614 1333 licentiam
638 1313 690 1332 non
714 1306 861 1339 praesumit.

72 1349 128 1377 Hoc
152 1355 210 1384 est,
226 1351 296 1383 quod
311 1351 444 1384 Propheta
468 1352 506 1378 ait
520 1359 527 1377 ε
544 1350 609 1378 Hoec
622 1352 674 1383 via,
696 1352 824 1378 ambulate
835 1351 862 1377 in

72 1405 112 1430 stt,
128 1405 206 1432 neque
217 1398 251 1423 ad
263 1398 405 1430 dexteram,
418 1405 497 1432 neque
517 1397 550 1423 ad
565 1397 695 1423 sinistram
709 1398 862 1424 declinantes

71 1442 160 1478 (Dent.
177 1452 241 1477 xvn,
259 1445 315 1479 11).

106 1490 133 1516 5.
148 1489 243 1517 Verum
262 1495 303 1517 est
317 1489 387 1524 quod
403 1493 494 1517 natura
511 1489 611 1524 expetit
625 1489 750 1516 delectari
764 1489 791 1516 in
807 1489 862 1515 lau-

71 1534 163 1567 dibus;
178 1535 224 1562 sed
249 1535 328 1570 311
357 1540 419 1562 tunc
441 1539 529 1568 reete,
546 1535 568 1562 si
591 1535 616 1562 in
640 1536 704 1567 Deo,
721 1542 773 1562 non
789 1535 816 1562 in
831 1542 860 1562 se

919 935 1055 968 fundatus,
1068 937 1138 963 nulla
1148 937 1204 971 iam
1216 938 1331 965 elatione
1345 938 1516 972 contingitur.
1534 938 1598 964 Nam
1614 937 1659 972 qui
1679 943 1709 963 se

918 980 1040 1015 intelligit
1064 982 1151 1009 adhuc
1170 990 1261 1010 amore
1277 983 1363 1010 laudis
1379 983 1488 1017 pulsari,
1511 982 1580 1009 sacta
1597 981 1666 1008 bona
1681 980 1708 1007 in

918 1027 1023 1054 occulto
1036 1032 1107 1061 agat,
1127 1035 1160 1055 ne
1176 1028 1244 1056 sorte
1258 1029 1328 1063 quod
1343 1029 1428 1063 egerit
1443 1027 1547 1062 perdat.

955 1073 998 1099 11.
1020 1072 1153 1099 Interdum
1177 1074 1227 1100 viri
1255 1075 1349 1107 sancti,
1375 1074 1436 1100 dum
1458 1073 1568 1107 cupiunt
1589 1071 1709 1099 funditus

918 1127 993 1147 suam
1018 1120 1223 1147 mutabilitatem
1251 1119 1402 1154 corrigere.
1433 1119 1575 1154 aliquando
1604 1123 1708 1145 tumore

918 1171 1062 1200 tanguntur
1076 1166 1200 1194 elationis
1213 1173 1269 1193 suae
1290 1166 1389 1193 conscii
1404 1165 1485 1200 312
1506 1164 1620 1192 actionis
1631 1162 1709 1197 iusti-

918 1213 962 1239 tioe
977 1232 984 1245 ,
1010 1214 1057 1240 sed
1084 1214 1117 1240 ab
1139 1213 1219 1248 hujus
1248 1213 1429 1247 subreptionis
1454 1211 1526 1239 malo
1547 1210 1704 1238 humilitatis

917 1259 1122 1293 compunctione
1138 1264 1292 1294 purgantur.

954 1306 997 1332 ¹2.
1020 1305 1075 1333 Viri
1099 1306 1185 1334 sancti
1209 1314 1399 1341 nonnunquam
1410 1306 1540 1341 quosdam
1556 1304 1591 1332 de
1614 1311 1644 1331 se
1661 1310 1709 1330 au-

916 1351 1020 1379 dientes
1036 1353 1181 1386 instruunt‚
1198 1357 1225 1380 et
1240 1357 1328 1380 tamen
1342 1353 1368 1380 in
1383 1353 1425 1380 his
1441 1352 1493 1379 alta
1509 1359 1538 1378 se
1551 1350 1707 1378 considera-

916 1399 988 1426 tione
1001 1400 1165 1432 custodiunt‚
1182 1407 1215 1426 ne
1229 1399 1292 1426 dum
1318 1399 1385 1426 allos
1404 1406 1420 1426 a
1437 1403 1543 1426 terrena
1559 1395 1708 1424 intentione

915 1448 1039 1481 erigunt,
1067 1446 1117 1481 ipsi
1145 1446 1172 1473 in
1200 1450 1314 1474 terrena:
1342 1445 1426 1473 laudis
1455 1445 1575 1480 appetitu
1603 1443 1708 1470 demer-

915 1497 1021 1527 gantur.

952 1538 993 1565 15.
1015 1538 1127 1571 Quidam
1147 1544 1194 1572 per
1207 1537 1342 1565 incautam
1354 1537 1483 1565 virtutum
1495 1535 1651 1571 jactantiam
1668 1541 1708 1562 re-

71 1581 182 1616 qulsque
192 1580 323 1613 laudetur,
338 1581 407 1608 sicut
419 1581 547 1616 scriptum
561 1585 620 1608 est:
636 1580 668 1608 11t
682 1581 794 1608 Domino
808 1581 864 1608 tau·
878 1573 901 1605 C
917 1584 1040 1611 labuntur
1057 1583 1090 1610 ad
1103 1584 1185 1615 νὶιῑῃς
1208 1588 1235 1610 et
1249 1583 1368 1618 quidam,
1384 1583 1446 1610 dum
1462 1583 1586 1609 vitiorum
1610 1579 1708 1615 impul-

71 1627 175 1654 dabt'tur
189 1628 275 1654 anima
291 1636 346 1655 mea
358 1627 444 1665 (Psal.
460 1635 554 1661 xxxttt,
569 1628 606 1662 ὅ).

106 1673 134 1700 4.
154 1672 232 1707 Saepe
252 1680 347 1700 vanam
369 1674 480 1708 gloriam
503 1674 718 1707 contemnendo,
743 1674 770 1701 in
792 1673 863 1701 aliud

74 1725 158 1754 genus
173 1719 295 1746 elationis
317 1718 450 1751 inciditur,
472 1719 534 1746 dum
556 1719 582 1746 in
607 1726 636 1746 se
651 1719 709 1754 quis
724 1719 861 1754 gloriatur,

72 1772 122 1800 pro
133 1772 165 1792 eo
179 1764 250 1799 quod
271 1769 424 1792 contemnat
438 1765 471 1792 ab
486 1765 641 1793 hominibus
657 1765 773 1792 laudem.

108 1809 135 1836 5.
161 1809 324 1842 Quibusdam
351 1818 507 1839 concessum
533 1815 574 1838 est
603 1811 766 1838 tantumdem
794 1811 863 1838 bene

74 1862 165 1890 agere,
183 1860 209 1882 et
225 1855 338 1882 fructum
355 1857 417 1884 boni
430 1858 518 1892 operis
532 1865 584 1884 non
600 1857 709 1890 habere,
725 1857 795 1892 quod
811 1858 862 1892 ipsi

74 1900 125 1929 sibi
137 1901 262 1929 auferunt
278 1909 325 1936 per
339 1903 455 1930 studium
471 1904 592 1930 humanae
605 1904 750 1938 iactantiae.

110 1947 137 1974 6.
158 1948 271 1982 Semper
292 1956 367 1975 suam
392 1949 523 1984 aspiciant
543 1949 700 1982 foeditatem,
715 1951 760 1984 qui
787 1957 862 1977 vanae

74 1995 166 2030 gloriae
179 1996 282 2023 favores
307 1996 430 2032 diligunt,
452 2002 478 2024 et
502 1998 648 2032 perdidisse
674 1999 770 2024 bonum
794 2005 862 2032 opus

75 2041 192 2074 doleant,
208 2041 279 2077 quod
294 2049 343 2076 pro
357 2042 471 2070 humana
491 2044 669 2071 ostentatione
683 2044 812 2071 iecerunt.

110 2085 136 2112 7.
157 2086 267 2114 Amator
283 2095 357 2115 vanae
371 2088 464 2123 gloriae
475 2109 482 2122 ,
499 2089 569 2116 unde
585 2089 669 2123 possit
686 2097 792 2124 semper
806 2090 862 2116 lau-

75 2131 143 2164 dari,
156 2138 235 2167 agere
247 2140 300 2160 non
320 2133 441 2168 quiescit.
456 2138 483 2162 et
500 2134 613 2162 subinde
628 2135 664 2162 illi
677 2135 749 2162 vires
762 2135 862 2162 vanita-

75 2178 109 2205 tis
125 2185 223 2213 pravus
239 2181 372 2214 appetitus
391 2185 480 2215 auget.

111 2223 139 2252 8.
160 2224 225 2252 Boni
241 2226 331 2260 operis
351 2226 487 2254 inchoatio
508 2235 561 2254 non
577 2227 657 2255 debet
681 2228 758 2256 eitius
775 2229 861 2263 palam

915 1638 974 1658 sum
989 1632 1143 1665 frequenter
1158 1630 1296 1664 plangunt.
1309 1629 1342 1656 de
1357 1629 1414 1664 ipsa
1429 1628 1586 1656 infirmitate
1596 1633 1644 1661 per
1655 1625 1707 1653 hu-

915 1677 1054 1704 militatem
1071 1676 1186 1703 validius
1199 1675 1400 1702 convalescunt.

950 1722 994 1749 14.
1026 1723 1187 1756 Plerumque
1212 1721 1278 1748 utile
1302 1725 1344 1748 est
1366 1719 1553 1755 arrogantibus
1576 1718 1662 1746 deseri
1689 1723 1705 1744 a

915 1767 981 1801 Deo,
998 1772 1129 1802 quatenus
1145 1774 1200 1794 suae
1224 1765 1386 1794 infirmitatis
1399 1766 1501 1793 conscii
1516 1764 1550 1792 ad
1571 1762 1708 1791 humilita-

914 1818 968 1842 tem
982 1814 1104 1845 redeant,
1120 1818 1147 1840 et
1163 1813 1276 1840 humiles
1290 1817 1350 1847 post
1361 1820 1452 1840 casum
1468 1811 1594 1839 existant.

951 1859 994 1887 15.
1016 1859 1141 1886 Nonnulli
1167 1859 1232 1886 falsa
1258 1859 1386 1894 opinione
1408 1858 1568 1894 arrogantiae
1593 1864 1623 1885 se
1645 1863 1706 1884 esse

914 1906 1049 1940 perfectos
1068 1906 1232 1939 existimant,
1248 1905 1310 1933 dum
1335 1913 1387 1933 non
1403 1905 1457 1933 sint
1471 1905 1515 1940 qui
1529 1903 1631 1932 obortis
1647 1907 1705 1931 ten-

916 1951 1060 1978 tationibus
1077 1951 1258 1978 innotescunt.

951 1996 995 2023 16.
1016 1995 1104 2022 Tanto
1114 1995 1229 2030 quisque
1252 1996 1281 2022 lit
1295 1995 1400 2023 veritati
1416 1994 1540 2026 vicinior,
1561 1998 1662 2029 quanto
1676 2001 1707 2022 se

915 2051 975 2071 csse
989 2044 1093 2078 longius
1109 2044 1142 2071 ab
1153 2051 1184 2071 ea
1198 2044 1278 2071 fuerit
1292 2043 1448 2070 arbitratus.
1460 2041 1515 2068 ttoc
1528 2042 1600 2069 enim
1614 2041 1705 2068 humi-

915 2090 997 2118 litatis
1020 2095 1072 2123 est,
1087 2098 1146 2124 quae
1171 2089 1225 2116 Deo
1247 2089 1382 2116 hominem
1393 2088 1490 2123 iungit..
1506 2086 1642 2114 Caeterum
1662 2087 1706 2121 ja-

915 2138 1014 2163 ctantia
1028 2136 1132 2169 oculos,
1148 2136 1243 2169 quibus
1266 2135 1336 2162 Deus
1357 2134 1445 2162 videri
1461 2138 1575 2170 poterat,
1594 2132 1705 2160 claudit.

952 2183 994 2209 17.
1015 2183 1090 2210 Sicut
1104 2182 1168 2209 solis
1183 2182 1274 2209 radius
1285 2182 1348 2209 dum
1363 2181 1536 2215 conspicitur,
1549 2179 1622 2206 acies
1638 2185 1702 2206 ocu-

917 2230 1002 2256 lorum
1032 2229 1172 2256 hebetatur
1212 2227 1252 2255 sic
1279 2231 1306 2255 et
1333 2227 1377 2262 qui
1406 2226 1582 2254 immoderate
1611 2224 1705 2252 altiora

75 2270 108 2298 ad
122 2270 256 2299 hominum
278 2274 456 2308 cognitionem
478 2275 579 2307 venire,
602 2282 635 2302 ne
657 2275 720 2302 dum
746 2276 808 2303 boni
824 2277 865 2303 in-
878 2268 906 2298 D
917 2279 1061 2307 serutatur,
1077 2274 1111 2301 ab
1124 2273 1274 2300 intentione
1288 2273 1344 2300 veri
1359 2272 1526 2300 obtunditur.

76 2317 182 2344 choatto
196 2317 320 2346 humanis
340 2318 427 2346 oculis
454 2325 599 2353 reseratur,
616 2328 630 2347 a
655 2321 755 2349 virtute
776 2321 863 2356 perl'e—

77 2401 91 2422 s
109 2393 171 2422 tritu
181 2396 332 2424 cenodoxiae
343 2405 447 2431 vanam,
461 2399 518 2427 sive
532 2399 636 2426 inanem
650 2398 761 2432 gloriam
773 2403 859 2427 vocat.

80 2430 513 2500 ...suffiti„¹:2⁰232'5222322‘fflt'3
527 2434 730 2496 mistiam
746 2434 859 2496 ''dliii‘'

79 2497 145 2566 2:1⁵1
158 2498 251 2560 {23⁵aeoe
261 2501 297 2529 ita
309 2502 401 2537 legitur
414 2512 422 2531 z
435 2478 710 2542 ll’ttdhqmrps'pfflnow,
723 2478 860 2534 r'iqunaodo:

115 2552 182 2610 (ἷζε.
193 2542 269 2598 ιιζῗιλιῖ
281 2570 314 2598 Ν.
331 2571 357 2599 1.
373 2572 452 2600 Goth.
476 2572 542 2601 Cod.
570 2574 691 2602 Toletan.
716 2573 862 2601 Cavendum

81 2608 302 2644 eaoeJactanttam.
314 2606 398 2641 flenda
408 2612 444 2634 eat
463 2611 545 2636 tamen
555 2610 641 2642 ritino,
653 2609 700 2636 sibi
709 2617 862 2644 quemquam

81 2645 162 2673 nequ
183 2647 259 2674 quam
269 2639 379 2668 Domino
393 2642 501 2677 placere,
515 2647 540 2670 et
557 2643 660 2672 laudem
673 2645 704 2670 ab
717 2645 862 2672 hominibus

82 2674 429 2745 ufflfttaffi’iif'xrffssbrare
440 2712 539 2739 studeat
564 2713 648 2741 Ansv.

67 2782 71 2783 ⁷
116 2742 144 2772 δ.
160 2744 252 2780 Greg..
267 2745 312 2788 lib.
330 2753 375 2785 nt
398 2745 501 2780 morat..
515 2754 540 2774 c.
555 2746 600 2776 ¹5.
613 2747 722 2781 Lanu,

117 2776 146 2842 3:
162 2780 638 2845 szstzza¹·¹k1.⁰⁰a‘:.⁵x.·„¹¹ffle·
653 2782 699 2812 ³⁸·
715 2783 822 2829 '‘⁰⁸⁵“

75 2860 78 2864 ’
116 2848 147 2878 Ὶ.
166 2848 257 2887 Gran..
272 2851 319 2889 lib.
332 2835 377 2880 ἦιιι
390 2836 495 2886 ficret„
508 2836 538 2882 c..
550 2851 577 2881 3.
593 2836 698 2882 boatu.
751 2842 756 2846 N

953 2322 997 2350 18.
1018 2320 1095 2349 Sicut
1113 2319 1201 2354 aquila
1224 2327 1257 2347 ex
1271 2319 1326 2346 alto
1348 2318 1382 2346 ad
1405 2325 1483 2345 escas
1497 2315 1652 2346 collabitur,
1666 2312 1705 2340 sie

952 2400 978 2427 8.
1000 2400 1055 2428 Sic.
1078 2399 1158 2426 Goth.
1184 2398 1261 2429 libb„
1277 2401 1304 2425 et
1326 2397 1395 2429 apud
1421 2396 1514 2429 Greg.‚
1535 2394 1581 2422 lib.
1611 2391 1702 2432 Morti.

916 2442 972 2467 vltt.
988 2443 1047 2468 cap.
1063 2435 1097 2462 33
1113 2443 1119 2460 :
1136 2433 1238 2460 Idcirco
1248 2434 1404 2459 innotescere
1424 2431 1498 2457 citius
1513 2437 1563 2457 mm
1585 2427 1656 2455 debet
1676 2435 1703 2454 m

915 2470 982 2497 attin.
1001 2471 1107 2496 LostsA.

951 2504 1021 2531 laid.
1037 2504 1143 2538 Coeptio.
1161 2503 1215 2534 At..
1238 2501 1354 2529 intentio.
1368 2502 1452 2528 Ansv.

952 2541 978 2567 9.
1000 2539 1125 2573 Gregor..
1139 2538 1203 2565 ibid.
1221 2537 1328 2564 Lousx.

953 2574 995 2602 10.
1017 2575 1140 2607 Gregor.,
1158 2573 1236 2604 ibid..
1248 2580 1308 2606 cap.
1320 2571 1364 2598 50.
1379 2571 1489 2599 Louss.

954 2609 998 2636 18,
1021 2609 1058 2635 Ex
1073 2608 1192 2634 Gothicis
1207 2607 1311 2634 duobus
1325 2611 1352 2633 et
1370 2606 1431 2634 aliis
1453 2605 1612 2640 quibusdam
1630 2604 1698 2632 eod.

918 2645 974 2671 haec
986 2645 1066 2671 verba
1078 2643 1210 2669 adduntur
1224 2650 1231 2668 ·.
1250 2641 1380 2668 Iactantia
1397 2642 1486 2668 oeulos
1499 2660 1508 2674 ‚
1521 2640 1612 2676 quibus
1631 2639 1701 2667 Desa

916 2680 998 2707 uideri
1014 2683 1124 2714 poterat,
1139 2677 1244 2704 clandit.
1265 2677 1292 2704 in
1309 2676 1381 2703 nullo
1401 2681 1489 2703 tamen
1510 2676 1616 2716 Excuso
1626 2679 1700 2708 sunt.

918 2711 1701 2782 atthis?.?l{“;'3:v⁵31‘3;„l52⁰.'33³.ms2¹23„.-‘,i:2⁸.³:.‘·:.222·;

917 2785 1023 2847 inqua,
1066 2783 1194 2819 superbia,
1223 2782 1289 2809 sicut
1311 2782 1339 2809 t'n
1369 2781 1451 2809 oeulis
1480 2782 1564 2818 califa
1595 2787 1702 2816 yma·-

911 2825 961 2848 sstr.
1017 2826 1086 2847 ΑΙῦΔ-
