1832 3016
149 149 220 180 1255

219 207 264 235 Sic
274 211 300 233 et
314 204 453 233 Salomoni
469 203 533 230 nibil
545 203 692 238 imputatur
706 203 778 229 bono

149 323 200 350 145
219 321 299 356 350
315 321 344 347 ln
359 328 410 355 qua
428 319 568 346 voluntate
584 324 722 353 postremo
737 317 871 352 ouispiam
898 317 940 344 vel

559 145 605 173 At>
624 145 654 173 S.
673 143 799 172 isloonl
818 141 1040 172 lllSPALENSlS
1055 142 1170 171 OPERA
1190 141 1410 171 APPENDICES.

953 200 981 231 Α
1062 201 1146 234 Quam
1162 200 1206 233 qui
1220 205 1354 234 nunquam
1365 198 1444 234 sugit,
1454 202 1481 227 et
1492 198 1531 226 nil
1545 205 1660 235 unquam
1676 199 1782 231 10111181·
1822 197 1832 237 ζ

217 242 292 276 Quod
311 245 389 267 autea
413 240 505 274 gessit,
522 239 570 266 sed
592 243 716 266 extremo
733 237 804 264 111310
824 236 937 263 damna-

218 391 311 418 Fuerit
335 391 469 422 inventus,
491 390 517 416 in
534 390 583 416 bac
605 389 764 423 judicandus
779 388 845 421 erit,
872 389 941 415 sicut

219 427 257 453 De
273 427 321 452 boc
338 427 395 459 ipso
412 425 539 452 Dominus
555 425 659 451 locutus
673 430 714 451 est
729 426 821 451 diceus
837 434 844 452 ε

221 462 248 488 ln
262 469 314 495 quo
329 467 354 487 te
370 462 499 487 invenero
510 461 536 486 in
553 460 603 486 boe
614 460 784 493 tejudicabo.

219 498 251 523 Et
266 497 287 523 si
303 497 390 523 credis
401 496 527 529 amplius,
543 496 591 521 lios
605 496 676 527 ipsos
692 495 776 529 diligit
790 495 868 526 Dens,

148 543 200 572 150
219 543 268 575 Qui
285 547 344 576 post
358 542 502 576 pravitates
521 549 581 568 esse
596 542 723 568 rectiores
738 541 856 571 student,

219 579 258 605 Ac
284 578 323 604 sic
346 584 376 604 se
400 582 460 612 post
485 578 547 603 vitia
570 577 713 603 virtutibus
733 577 836 611 magnis
861 583 941 603 excr-

218 649 303 682 Quam
319 649 364 684 qui
391 654 459 675 mata
485 647 578 682 gravia
605 654 739 682 nunqnam
769 652 940 681 perpetrasse

731 682 739 718 [
750 687 905 714 noscuntur,

222 720 254 746 Et
264 719 332 746 bona
348 719 482 754 praecipue
495 722 630 751 torpentes
645 725 725 750 agere
738 719 819 752 piget.

222 755 297 782 Sicut
311 754 442 789 quispiam
458 753 582 780 dominus
598 753 670 779 illum
684 754 768 788 magis
784 759 889 779 servum

829 272 839 308 [
850 276 903 298 tur.

827 353 904 388 [actu

812 611 888 647 [cent
897 633 904 644 ,

152 801 204 829 155
222 801 409 836 Amplectitur,
434 801 478 835 qui
502 804 562 834 post
586 799 682 826 damna
704 799 806 833 potiora
833 804 846 817 ¹¹
870 799 942 826 lucra

186 1085 197 1098 ⁰
214 1080 318 1114 Editio,
332 1081 426 1107 damna
444 1080 562 1116 quoedam
579 1081 690 1115 potiora.

158 1990 195 2020 io

159 2685 198 2715 ‘Ao

755 835 905 870 [reportat.

222 873 306 906 Quam
321 872 366 906 qui
382 870 448 899 nihil
464 870 592 906 perdidit,
615 875 642 897 et
661 869 727 896 nibil
749 871 883 904 augmenti
902 870 941 897 se·
957 877 982 908 Β

222 942 267 969 Sic
280 942 424 976 imperator
439 941 513 967 illum
526 941 611 975 magis
626 940 738 968 militem
753 945 835 972 amat,

223 978 284 1011 Qui,
302 982 362 1011 post
374 976 462 1011 sugam
478 983 615 1010 remeans,
631 976 739 1046 bostem[
746 976 945 1045 ppggsglqffindo

901 1031 908 1043 D

224 1359 304 1391 Audi,
321 1359 551 1391 01111518,11·ῐ518111
567 1358 671 1392 fletum,

223 1397 407 1427 Amarumque
421 1394 567 1425 canticum,

226 1429 301 1462 Quod
318 1431 456 1463 perculsus
470 1434 498 1455 et
510 1430 642 1456 contritus

226 1464 375 1491 Modulatur
388 1464 496 1498 spiritus
511 1472 518 1496 ;

223 1500 310 1526 Cerne
324 1500 502 1535 lacrymarum
515 1498 615 1532 fluxus,

226 1535 259 1561 Et
271 1535 391 1561 ausculta
403 1534 526 1568 gemitus.

263 1570 303 1596 Ad
328 1574 355 1595 te
379 1569 492 1595 multum
518 1568 676 1595 vulneratus
709 1570 745 1597 25

226 1604 325 1631 Vocem
342 1604 420 1631 ssetus
435 1604 544 1630 elevans

227 1639 286 1666 Alta
300 1640 334 1666 de
345 1639 478 1673 profundo
492 1638 582 1665 cordis

227 1674 329 1701 Emittn
343 1675 457 1708 suspiria
473 1693 481 1706 ,

225 1709 352 1737 Precibus
367 1710 388 1736 si
404 1708 473 1735 sorte
492 1709 560 1736 velis

229 1745 352 1772 Placatus
365 1744 515 1778 ignoscere.

271 1781 365 1806 Alleva
378 1779 539 1806 calamitatis

231 1814 394 1849 importunae
409 1814 537 1848 pondera,

229 1852 295 1882 Qua}
310 1857 354 1876 me
365 1850 464 1876 diutius
479 1848 586 1884 premit,

230 1884 265 1911 Et
278 1885 352 1911 elidit
366 1885 447 1917 impie
460 1903 469 1916 ,

228 1919 284 1947 Nec
295 1920 419 1951 discedit,
432 1923 461 1946 ut
474 1925 607 1947 resumam

233 1954 299 1981 Vitae
315 1955 521 1989 respiraculum.

269 1990 365 2017 Ablato
380 1990 549 2017 consolatore
565 2009 572 2022 ,

232 2025 341 2058 Quadro
356 2025 462 2052 clausus
475 2025 563 2059 lapide
574 2046 582 2057 ,

229 2060 311 2096 351
326 2060 521 2095 Gemolugens.
530 2059 678 2094 etsuspiro,

230 2095 369 2127 Miserere,
383 2095 536 2127 clamitans,

229 2130 310 2156 Pulso
323 2137 419 2164 rogans
435 2134 491 2157 tota
504 2130 561 2162 die,

230 2165 282 2191 Sed
295 2170 322 2190 13
338 2172 444 2199 semper
455 2165 562 2192 dilatas.

268 2199 308 2225 Ad
319 2199 467 2233 ¹iuventutis
478 2199 614 2233 delictum,

232 2232 268 2260 Et
281 2234 314 2260 ad
327 2234 492 2269 ignorantiae,

231 2268 291 2295 Non
303 2276 346 2295 me
358 2274 460 2300 teneas,
474 2275 560 2295 exoro
577 2276 585 2294 ε

232 2303 285 2330 Sed
300 2304 508 2331 misericorditer

236 2338 449 2365 Praetermissum
465 2339 515 2365 boc
530 2337 642 2372 dispone

234 2373 301 2400 lam·
308 2373 418 2408 indigno
429 2380 549 2408 parcere.

269 2409 311 2437 Ab
324 2410 430 2443 antiqua
444 2409 543 2443 pietate

232 2442 273 2470 Ne
287 2443 417 2476 declines,
431 2444 546 2471 obsecro
560 2451 569 2471 z

235 2478 302 2505 Nam
314 2478 424 2513 ι1115111131
439 2478 558 2514 rigorem

238 2513 267 2540 Si
282 2521 326 2541 me
340 2514 416 2548 sequi
428 2513 535 2547 iubeas,

235 2548 306 2575 Mille
318 2556 377 2575 sum
393 2549 498 2575 debitor
511 2547 609 2582 poenis.

233 2582 304 2611 Mille
314 2583 412 2618 dignus
426 2584 568 2610 mortibus.

270 2618 369 2652 Aspice
387 2618 454 2653 jam,
468 2619 539 2646 Deus
552 2619 683 2653 clemens,
717 2619 753 2647 ⁴0

233 2653 382 2681 AErumnas
394 2661 460 2688 quas
477 2654 573 2688 tolero,

234 2689 354 2716 Remove
363 2689 548 2723 contritiones,

234 2724 271 2751 Et
283 2724 388 2759 flagella
403 2725 516 2759 prohibe
530 2732 539 2752 :

234 2758 273 2786 Ne
286 2767 341 2790 ute,
358 2766 463 2794 precor,
478 2759 630 2795 indignatus

233 2793 384 2828 Opprimas,
404 2798 432 2822 ct
445 2799 580 2826 conteras.

199 2863 214 2879 ι
234 2859 296 2886 vide
305 2860 461 2896 isidoriana,
475 2870 503 2891 c.
513 2862 560 2900 81,
573 2871 602 2894 11.
612 2863 686 2894 2502
698 2870 758 2900 ⁸⁰4

844 905 907 940 [cit.

1651 234 1752 271 [lecit.v

993 270 1043 298 160
1063 271 1108 298 Sic
1120 270 1234 305 agricola
1248 269 1319 297 illam
1332 274 1432 297 18113111
1443 269 1502 305 plus
1515 274 1598 303 amat,
1612 277 1672 305 quae
1685 271 1783 301 uberes
1822 278 1832 292 Σ

1690 306 1747 348 [un

1063 341 1127 368 Post
1141 340 1234 375 spinas
1248 341 1325 368 affert
1348 340 1450 376 fruges,
1479 348 1557 375 quam
1579 349 1639 376 quae
1656 339 1754 376 spinas⁴
1767 342 1782 363 b

1455 376 1604 412 [nunquam
1620 378 1747 411 nutrivit,

1064 411 1098 438 Et
1110 410 1225 439 fertilem
1249 418 1364 439 messem
1389 419 1524 446 nunquam
1551 412 1694 447 aliquando
1717 420 1782 454 pro.

1644 447 1746 483 [dum.

1063 481 1121 508 Non
1147 482 1273 517 desperes
1292 482 1416 516 veniam,
1439 482 1487 510 sed
1502 482 1589 517 potius
1613 490 1690 517 spera
1712 484 1784 511 salu-

1657 517 1726 553 [tem
1738 539 1747 551 ,

1065 553 1092 579 Si
1106 553 1222 579 tacturus
1238 553 1348 585 optima,
1363 551 1477 586 pessima
1492 552 1620 580 damnare
1641 553 1780 581 decernas.

995 587 1046 615 165
1065 589 1175 621 corrige
1185 588 1324 619 delictum,
1348 592 1419 614 muta
1436 595 1524 614 mores
1535 608 1543 620 ,
1570 595 1670 615 renova
1686 589 1780 622 vitam,

1064 623 1098 650 Et
1114 623 1182 649 nulla
1195 629 1221 650 te
1235 623 1314 657 plecti
1329 622 1434 649 dolebis
1447 626 1538 656 postea
1549 630 1638 657 poena.

1064 659 1122 685 Non
1136 659 1220 685 eritin
1238 659 1362 689 crimine,
1375 665 1452 691 quem
1470 658 1581 691 poenitet
1594 662 1655 685 3318
1679 658 1779 692 fuissc;

1065 693 1120 720 Nec
1133 694 1238 720 dicetur
1249 694 1356 727 impius,
1370 694 1414 726 qui
1430 691 1510 719 suerit
1520 692 1609 719 denuo
1622 693 1693 727 pius.

1066 728 1206 762 Sequentia
1221 736 1284 755 vero
1299 727 1416 754 carmina
1430 732 1582 754 constructa
1597 728 1720 755 lamentis

996 765 1047 792 170
1067 763 1232 797 Suspiraudo
1252 763 1342 790 lectita
1379 770 1570 797 nonnunquam
1587 763 1716 797 plorando
1739 763 1784 791 de-

1646 798 1748 834 [canta.

1065 835 1131 862 Nam
1147 837 1235 868 potest
1247 833 1375 860 Dominus
1390 832 1536 860 transferre
1554 833 1581 860 in
1599 834 1724 868 gaudium
1739 834 1781 861 lu-

1644 868 1731 904 [ctum
1741 887 1749 901 .

1068 905 1102 932 Et
1116 905 1227 931 adversa
1249 903 1339 930 omnia
1355 903 1382 930 in
1399 903 1602 937 prosperitatem
1618 908 1728 931 mutare.

1068 942 1151 974 Quem
1167 939 1275 967 aeternis
1292 938 1413 968 laudibus
1427 938 1575 972 glorilicant
1588 938 1615 965 in
1628 939 1697 966 coelo
1711 939 1783 973 cmii,

1071 977 1104 1003 Et
1118 975 1230 1002 summis
1254 974 1402 1001 honoribus
1416 974 1532 1000 cultores
1547 973 1662 1001 efferunt
1683 974 1783 1001 mundi.

1655 1010 1750 1036 Amen.

1035 1080 1050 1101 11
1066 1078 1155 1106 Editio
1165 1099 1173 1113 ,
1188 1086 1265 1113 quam
1278 1077 1362 1110 illam,
1373 1084 1430 1111 quoe
1441 1076 1553 1112 ,tribulos
1566 1077 1604 1104 vel
1616 1077 1712 1112 spinas.

720 1209 1025 1251 APPENDIX
1063 1206 1216 1248 XVII.

717 1289 910 1317 LAMENTUM
930 1286 1167 1316 rOENtrENTtAE
1187 1286 1239 1321 (a).

820 1360 911 1386 Annos
928 1364 1003 1385 meos
1017 1358 1042 1384 in
1057 1356 1160 1388 dolore,

783 1395 871 1421 Vitam
890 1394 915 1420 in
929 1393 1070 1427 gemitibus

785 1429 850 1456 Vilis
864 1429 951 1455 sactus
964 1425 1148 1454 consummavi
1164 1433 1171 1451 :

783 1464 868 1491 Parce
883 1464 959 1495 milii,
975 1463 1115 1495 deprecor,

781 1499 839 1526 ,13111
856 1507 907 1525 nou
920 1505 1026 1532 possum
1042 1496 1175 1523 sustinere
1267 1493 1302 1520 45

785 1534 822 1561 Da
836 1534 969 1564 dextram,
982 1537 1009 1559 et
1023 1532 1106 1565 eripe.

819 1569 974 1603 Aggravasti
989 1574 1096 1594 manum
1112 1565 1197 1600 plagae

783 1605 871 1638 Super
886 1611 930 1630 me
943 1602 1069 1633 validius,

783 1639 899 1666 Carnem
912 1639 968 1665 dira
980 1637 1158 1671 flagellorumt

783 1674 892 1702 Ultione
905 1678 1058 1703 conterens,

784 1709 875 1742 Caede,
891 1709 974 1740 ferro,
994 1708 1086 1739 sorde,
1103 1709 1190 1741 peste,

783 1744 964 1771 Tenebrarum
978 1750 1096 1770 carcere.

825 1781 914 1814 Auges
931 1784 1050 1812 tempora
1066 1783 1197 1811 pressurae
1207 1795 1216 1809 ,

783 1813 884 1841 Luctus
898 1814 972 1840 addis
987 1819 1070 1840 oncra
1085 1833 1092 1844 ,

784 1849 916 1876 Differcns
932 1848 1031 1875 afflicto
1044 1846 1120 1873 valde
1267 1843 1301 1871 50

786 1884 856 1911 Dare
872 1884 936 1910 mibi
952 1883 1085 1918 requiem,

787 1919 884 1946 Contra
900 1918 972 1954 quod
995 1923 1086 1952 grates
1102 1915 1233 1950 rependo,

783 1954 840 1981 Non
857 1955 989 1981 resultans
1003 1959 1153 1980 murmuro.

822 1989 894 2017 Abes
908 1989 957 2024 (b).
973 1989 1035 2015 dico
1045 2008 1052 2020 ‚
1065 1988 1214 2019 veritatem,

788 2025 823 2052 Ut
837 2025 943 2051 occidas
958 2024 1084 2057 impium;

787 2060 841 2087 Sed
858 2068 934 2094 rogo,
950 2063 1010 2093 post
1024 2057 1191 2092 disciplinam

785 2095 824 2122 Da
839 2095 957 2129 placatus
971 2094 1091 2125 veniam,

786 2130 854 2163 Quia
870 2137 923 2156 non
938 2134 1052 2156 13011813
1068 2127 1163 2162 iniqui,

787 2165 840 2192 Sed
854 2167 935 2191 vitam
949 2164 1096 2190 desideras.

822 2201 925 2227 Accuso
937 2207 991 2231 1118,
1004 2206 1055 2224 uon
1067 2204 1177 2231 excuso,
1267 2194 1302 2222 55

787 2234 913 2262 Laudans
928 2239 964 2266 te,
977 2233 1048 2268 quod
1063 2234 1135 2259 mitis
1147 2239 1178 2259 85
1189 2251 1198 2264 ,

789 2270 867 2296 Juxta
883 2269 990 2295 moduni
1004 2269 1163 2294 delictorum

787 2304 874 2331 Parva
887 2304 965 2330 datur
983 2303 1060 2334 ultio,

785 2338 861 2369 llaee,
875 2342 903 2365 et
914 2338 1056 2372 ampliora,
1071 2338 1159 2364 clamo
1171 2357 1179 2370 ‚

787 2373 888 2407 Dignus
900 2380 958 2399 5313
971 2371 1107 2406 excipere.

823 2408 864 2435 Ad
874 2407 1021 2434 remedium
1034 2407 1164 2434 malorum

788 2441 894 2470 AEterni
906 2441 1016 2477 judicii,

787 2479 877 2506 Satius
888 2484 959 2504 nunc
972 2475 1034 2512 [est]
1048 2473 1154 2509 flagello

788 2512 938 2547 Temporali
951 2511 1065 2546 percuti,

789 2550 874 2581 Quam
885 2546 1047 2582 perennibus
1062 2545 1150 2573 tuturo
1266 2543 1301 2571 60

791 2583 854 2611 Dari
864 2581 1036 2609 cruciatibus.

824 2617 937 2649 Adhibe,
953 2616 976 2643 si
996 2616 1091 2649 placet,
1105 2613 1192 2640 adbuc

788 2653 994 2681 'tormentorum
1009 2650 1133 2678 stimulos
1146 2669 1155 2681 ‚

787 2689 890 2723 Quibus
902 2687 1021 2715 defluant
1035 2690 1145 2712 veterna
1162 2704 1170 2717 ,

786 2723 947 2758 Punicaque
959 2721 1070 2749 erimina
1087 2730 1093 2747 :

788 2760 867 2787 Salus
880 2762 993 2788 1311111111,
1007 2757 1059 2783 vita
1079 2756 1187 2783 demum

789 2794 971 2830 subsecuntur
988 2791 1151 2820 morbidum.

1038 2860 1053 2882 ¹·
1066 2860 1132 2892 Aba
1146 2866 1196 2897 pro
1205 2858 1291 2888 Ικιὸιε.

1377 1355 1491 1388 Adhibe.
1505 1356 1551 1383 sed
1566 1363 1618 1383 non
1633 1354 1716 1383 iratus
1730 1378 1738 1391 ,

1339 1389 1373 1416 Ut
1386 1392 1420 1417 sit
1434 1392 1570 1418 tolerabile
1580 1411 1588 1424 ,

1341 1424 1419 1457 Quod
1433 1433 1475 1452 me
1489 1431 1597 1460 propter
1610 1434 1668 1453 mea
1679 1427 1758 1461 jubes

1339 1460 1444 1494 Perpeti
1461 1462 1576 1488 facinora
1591 1469 1599 1493 ,-

1338 1494 1474 1527 Quatenus
1488 1501 1611 1530 correpto
1625 1504 1731 1523 rursum

1339 1529 1381 1556 Sis
1395 1531 1465 1556 mitis
1481 1535 1538 1564 post
1553 1531 1675 1558 verbera.

1376 1566 1502 1592 Amarum
1519 1566 1569 1592 boc
1580 1570 1631 1599 est,
1644 1569 1673 1594 81
1686 1566 1744 1594 levc
1755 1588 1764 1602 ,

1338 1599 1404 1632 Quia
1418 1601 1606 1634 pertransibile
1618 1623 1626 1635 ‚

1338 1635 1390 1662 Sed
1406 1636 1533 1668 amarius,
1547 1641 1573 1663 et
1583 1643 1663 1671 grave
1673 1656 1681 1669 ,

1339 1670 1414 1703 Quod
1431 1671 1615 1703 irrevocabile,

1337 1706 1396 1738 Quo
1412 1712 1549 1739 poenarum
1565 1713 1618 1733 non
1632 1710 1674 1733 est
1688 1705 1764 1740 linis,

1336 1739 1390 1767 Nec
1405 1740 1490 1766 dolori
1505 1742 1622 1775 requies.

1375 1775 1478 1802 Ardens
1489 1776 1544 1803 illic
1558 1777 1609 1803 urit
1623 1776 1730 1804 namma

1340 1810 1530 1837 Damnatorum
1544 1819 1655 1846 corpora
1667 1833 1676 1846 ,

1339 1845 1413 1872 Ultra
1429 1846 1544 1873 reditum
1560 1854 1612 1873 non
1627 1851 1730 1880 sperat,

1337 1881 1421 1913 Quem
1434 1881 1478 1908 illa
1491 1881 1651 1916 susceperit,

1336 1915 1418 1950 CuJus
1436 1923 1534 1950 pavore
1551 1917 1658 1944 tabesco

1341 1950 1474 1985 Liquesco
1489 1950 1642 1979 formidine.

1375 1986 1494 2020 Arbiter,
1511 1990 1538 2013 et
1550 1988 1625 2014 testis
1637 1993 1729 2021 aequus

1337 2020 1396 2055 lpse
1409 2022 1471 2048 dum
1487 2021 1626 2049 adveneris

1339 2056 1439 2083 Justam
1454 2057 1566 2084 reddere
1579 2055 1730 2084 mercedem

1337 2091 1507 2125 Singulorum
1523 2092 1626 2120 meritis
1636 2113 1645 2126 ,

1339 2125 1398 2159 Quo
1413 2134 1455 2153 me
1468 2127 1572 2154 salvare
1582 2128 1721 2164 decernas,

1336 2163 1408 2195 opus
1425 2169 1476 2188 non
1489 2161 1620 2192 invenies.

1375 2197 1398 2224 A
1413 2196 1470 2224 Deo
1489 2197 1636 2226 districtum
1650 2205 1766 2228 cernens

1336 2231 1454 2259 Examen
1471 2231 1584 2265 iudicii,
1827 2254 1832 2261 ,

1339 2266 1419 2302 352
1431 2266 1505 2292 Duco
1519 2266 1600 2293 vitam
1615 2268 1642 2296 in
1655 2276 1772 2298 moerore

1334 2300 1437 2334 Juglter
1449 2304 1477 2326 et
1485 2299 1585 2334 gemitu
1603 2324 1611 2336 ‚

1335 2334 1440 2361 1115111111
1452 2333 1568 2369 judicem
1585 2339 1692 2366 visum!
1821 2344 1826 2362 ⁴

1335 2368 1394 2395 lam
1409 2376 1523 2403 pavesco
1539 2371 1658 2401 18111135.

1371 2404 1487 2431 Amarus
1501 2408 1528 2431 et
1542 2407 1653 2440 pavidus
1667 2411 1731 2437 tune
1815 2412 1827 2430 ⁸

1336 2437 1431 2466 Vultus
1445 2443 1508 2466 tuus
1516 2440 1623 2475 impiis.
1828 2454 1832 2457 ·

1338 2473 1390 2514 Per
1404 2481 1483 2508 quem
1497 2475 1586 2503 nullus
1602 2478 1748 2513 impunitus

1335 2508 1395 2535 Erit
1409 2509 1512 2537 habens
1523 2511 1638 2540 crimina
1658 2530 1664 2536 ι

1337 2543 1394 2571 Nisi
1407 2545 1452 2578 qui
1466 2545 1590 2580 lacrymis
1605 2548 1649 2575 llla

1336 2578 1414 2606 Nunc
1427 2579 1520 2606 vivens
1529 2580 1696 2615 absterserit.

1374 2615 1395 2640 A
1410 2614 1602 2649 tranquillitate
1615 2621 1659 2644 1113

1338 2648 1379 2676 Τ11
1391 2656 1524 2684 nunquam
1537 2652 1695 2686 mutaberis,
1748 2660 1752 2667 ·

1339 2683 1392 2711 Sed
1405 2684 1476 2711 initis
1487 2685 1593 2718 parebis
1604 2686 1695 2722 iustis,

1337 2718 1475 2746 Terribilis
1487 2719 1586 2761 impiis.
1727 2733 1731 2738 ·

1337 2754 1411 2818 13
1422 2754 1691 2820 maere·
1706 2759 1732 2804 τ’

1575 2845 1577 2847 ’
1615 2844 1618 2868 ζ
1634 2847 1635 2851 ’
1656 2846 1661 2866 1
1675 2852 1683 2863 x
1693 2859 1698 2866 .
1708 2823 1763 2878 2¹5⁶:
