1832 3016
151 157 184 186 7¹

153 213 310 249 procedens.
324 210 386 239 Tria
397 206 502 243 quidem
517 205 636 237 nomina,
648 204 695 232 sed
710 201 858 230 substantia
870 207 934 227 una.
951 201 976 230 Α

152 261 226 289 Sient
242 258 312 286 enim
328 255 407 290 ignis,
422 252 524 280 candor
538 257 565 279 et
592 250 676 283 color,
689 249 738 278 tria
753 247 860 283 quidem
874 249 937 274 sunt

151 304 286 335 vocabula,
302 301 348 327 sed
364 305 406 326 res
423 306 485 325 una.

186 349 211 374 4.
230 347 254 373 ln
284 344 415 373 relatione
436 343 506 370 enim
532 347 704 376 personarum
725 339 830 366 trinitas
845 341 895 369 est,
912 337 938 363 in

151 391 298 420 substantia
312 397 376 417 vero
393 393 491 416 naturae
501 395 568 414 nnus
580 387 650 413 Deus
663 389 704 413 est
717 394 722 411 :
736 384 814 411 Pater
825 382 938 414 scilicet,

150 444 177 465 et
189 438 280 471 Filius,
297 439 324 463 et
336 435 451 469 Spiritus
465 438 582 460 sanctus.
599 433 636 459 De
647 432 726 458 Patre
739 430 799 464 quia
815 429 885 455 Deus
900 431 941 454 est

151 487 264 510 testatur
283 480 425 515 Apostolus
441 479 543 509 dicens,
567 477 638 504 Unus
657 476 722 503 Deus
737 475 826 507 Pater,
842 482 872 500 ex
891 481 941 508 quo

153 528 256 558 omnia,·
275 526 311 553 ita
331 526 364 552 de
384 525 460 557 Filio,
474 525 534 558 quia
555 523 624 550 Deus
643 527 695 554 est,
711 522 773 548 alibi
788 521 846 555 ipse
856 520 940 547 dicit:

154 573 266 606 Quorum
282 577 375 607 patres,
389 575 411 598 et
432 569 567 604 exquibus
587 567 704 594 Christus
727 565 865 593 secundum
884 572 942 591 car-

153 626 219 650 nem,
232 618 274 651 qui
286 621 322 643 est
333 623 409 651 super
422 615 508 642 omnia
523 613 592 640 Deus
603 612 748 639 benedictus
762 612 788 637 in
801 610 906 637 saecuta.

189 663 215 690 5.
236 663 274 690 De
286 662 386 696 Spiritu
414 666 502 688 autem
527 664 630 692 sancto,
646 658 707 692 quia
721 657 791 684 Deus
806 661 856 688 est,
872 655 942 682 idem

154 708 199 743 qui
212 712 238 735 et
259 714 338 742 supra
361 706 402 734 sic
422 706 509 732 dicit:
536 704 676 731 Divisiones
692 703 858 729 donationum
873 704 942 732 sunit,

154 753 222 779 idem
241 757 325 779 autem
345 752 474 787 Spiritus,·
495 755 518 778 et
531 750 667 776 divisiones
684 749 861 782 operationum
872 750 943 779 sunt,

155 797 221 824 idem
246 805 304 823 vero
327 796 404 823 Deus.
418 796 487 823 Ecce
514 795 602 827 Pater,
617 798 645 821 et
664 794 756 826 Filius,
779 797 806 820 et
831 792 946 826 Spiritus

155 845 263 869 sanctus
277 841 358 874 Dens,
384 840 431 868 sed
460 847 511 867 non
534 840 631 874 triplex
654 840 764 866 deorum
779 845 902 866 numerus
918 838 945 864 in

155 885 205 913 hac
227 885 356 912 Trinitate
378 889 420 912 est.
441 884 600 912 credendus.

192 931 218 958 6.
235 931 368 965 Scriptum
380 935 422 958 est
435 931 504 958 enim
518 939 525 956 :
542 929 598 965 qu
620 937 675 956 sum
690 929 770 962 Deus,
792 934 816 956 et
834 937 885 956 non
912 933 947 955 est

157 975 224 1002 atius
237 975 306 1002 Deus
320 979 410 1009 praeter
421 983 471 1001 me.
484 974 517 1000 Et
528 973 593 1000 illud
606 983 612 1000 :
626 974 703 1006 Audi,
716 972 809 1004 Israel,
824 972 948 999 Dominus

158 1019 228 1048 Deus
245 1025 302 1047 tuus
313 1028 379 1047 anus
393 1024 440 1046 est.
453 1019 521 1046 Tres
532 1025 596 1052 ergo
609 1019 673 1045 deos
685 1017 795 1044 credere
808 1016 948 1051 profanum

157 1071 212 1098 esu
227 1066 372 1093 trinitatem
381 1065 406 1092 in
413 1063 534 1098 personis
543 1071 595 1090 non
603 1063 768 1097 distinguere
779 1062 888 1096 impium
897 1067 947 1089 est.

531 1107 572 1134 lll.

191 1155 219 1183 7.
231 1155 300 1183 inter
316 1161 455 1189 personam
473 1147 568 1186 Putris,
583 1157 610 1180 et
626 1151 699 1184 Filii,
713 1157 740 1179 et
754 1152 869 1186 Spiritus
885 1159 945 1178 san-

159 1202 204 1234 cti,
219 1201 253 1228 ita
266 1200 421 1228 secernitur.
437 1199 514 1232 Quod
529 1204 612 1231 pater,
626 1205 676 1226 nec
689 1198 785 1230 iaetus,
807 1205 856 1225 nec
871 1202 950 1224 natus

160 1250 212 1275 est.
226 1247 306 1273 Filius
322 1251 408 1278 natus,
435 1253 486 1272 non
508 1245 608 1277 iactus;
629 1245 743 1278 Spiritus
767 1249 887 1276 sanetus,
902 1250 951 1270 nec

162 1293 257 1324 sactus,
282 1299 331 1319 nec
360 1295 447 1323 natus,
462 1290 508 1317 sed
522 1298 556 1316 ex
575 1290 655 1316 Patre
670 1289 791 1323 Filioque
806 1289 952 1323 procedens

161 1343 213 1365 est.
235 1337 348 1365 Proinde
360 1337 437 1363 Pater
449 1335 625 1362 aeternitatem
639 1334 718 1360 habet
733 1335 790 1360 sine
803 1334 950 1366 nativitate,

163 1384 247 1411 Filius
263 1383 428 1410 nativitatem
439 1389 498 1408 cum
513 1381 676 1411 aeterttit1=te3
692 1380 806 1414 Spiritus
818 1387 880 1406 vero
893 1386 954 1406 san—

164 1434 221 1457 ctus
233 1428 430 1463 processionem
447 1427 505 1454 sine
520 1427 664 1457 nativitate,
681 1433 739 1452 cum
758 1427 917 1452 aeternitate.

200 1473 227 1500 8.
245 1474 322 1500 Pater
337 1481 372 1500 ex
393 1473 467 1499 nullo
487 1472 627 1499 exordium
643 1471 725 1503 ducit,
749 1470 830 1497 Filius
849 1478 881 1497 ex
905 1470 953 1497 Pa-

165 1523 206 1546 tre
219 1517 348 1552 originem
364 1517 416 1552 79
426 1516 518 1549 sumit,
529 1515 643 1550 Spiritus
660 1523 722 1542 vere
735 1520 844 1542 sanctus
859 1522 891 1541 ex
906 1514 953 1541 Pa-

663 146 692 176 S.
712 142 836 174 tStnoRt
855 139 1079 171 ntSPALENstS
1098 135 1251 167 EPtscot’t

1743 127 1785 173 ⁸799,
1830 122 1832 153 ἓ

988 198 1022 225 do
1037 197 1069 224 ad
1094 203 1123 224 se
1142 195 1255 222 invicem
1273 191 1384 220 relative
1399 193 1449 217 trra
1469 191 1542 220 sunt,
1555 189 1584 215 et
1600 183 1781 228 essentialiter
1830 179 1832 183 “

989 251 1070 271 unum
1077 247 1139 270 sunt
1145 242 1156 268 ¹?
1163 241 1228 275 Quis
1237 240 1287 267 ista
1295 235 1464 266 consideret?
1474 234 1537 268 Quis
1545 234 1595 261 ista
1603 231 1780 272 comproben-v

988 289 1049 317 dati
1064 288 1093 316 Si
1107 288 1178 315 enim
1193 287 1316 313 humanae
1335 282 1479 311 nativitatis
1499 280 1597 308 Christi
1611 282 1714 307 secreta
1728 286 1781 306 non

989 334 1118 369 capimus,
1130 333 1228 360 divinae
1237 335 1339 359 naturae
1350 329 1477 364 mysteria
1487 325 1620 362 quomodo
1630 324 1784 360 capiemus?

1363 374 1407 402 lv.

1027 424 1070 452 12.
1087 424 1157 451 lnter
1168 421 1335 450 substantiam
1347 423 1376 448 et
1390 418 1526 447 essentiam
1545 417 1590 445 Dei
1608 416 1660 445 lioc
1678 413 1784 450 quidam

991 468 1168 501 definierunt,
1184 459 1255 502 quo'd
1268 464 1415 493 substantia
1429 469 1470 491 est
1485 464 1536 490 lioc
1549 462 1619 496 quod
1634 468 1687 488 non
1701 464 1742 487 est
1752 459 1786 486 ab

992 514 1055 546 alio,
1073 513 1120 540 sed
1132 519 1240 546 semper
1254 518 1287 539 ex
1301 518 1362 538 sese
1377 514 1428 541 est,
1445 509 1496 536 hoc
1506 512 1548 536 est
1561 505 1666 542 propria
1679 506 1745 532 iutra
1757 511 1788 531 so

993 560 1090 587 virtute
1105 557 1229 586 subsistit
1242 566 1249 590 ;
1264 556 1381 584 essentia
1397 554 1498 582 veroin
1513 553 1568 580 Deo
1583 552 1683 579 idcirco
1697 549 1788 578 estdi—

994 610 1047 637 cta,
1067 605 1128 639 quia
1144 611 1250 638 semper
1265 607 1324 636 est,
1341 608 1390 629 nec
1401 600 1531 635 incipiens
1545 598 1668 633 quando,
1680 604 1729 624 nec
1742 597 1788 623 de-

994 651 1087 679 sinens
1101 654 1153 683 est,
1167 650 1213 678 sed
1229 656 1290 676 esse
1302 655 1410 680 semper
1425 645 1561 681 proprium
1576 644 1634 679 ejus
1648 647 1699 670 est.

1366 690 1398 717 V.

1032 739 1075 766 15.
1094 739 1162 765 inter
1173 738 1224 764 hoc
1237 736 1305 771 quod
1317 735 1400 763 Filius
1412 741 1482 762 nunc
1495 733 1612 768 tequam,
1626 738 1696 759 nunc
1707 730 1790 757 minor

996 789 1037 813 est
1046 785 1133 817 Patre,
1143 785 1192 811 ista
1203 789 1243 810 est
1251 781 1411 810 differentia.
1423 781 1541 808 Primum
1553 783 1660 806 aeterna:
1666 769 1790 804 substan-

998 831 1042 858 tiae
1051 834 1108 864 est,
1121 830 1233 857 alterum
1246 829 1301 863 80
1311 828 1434 855 humanae
1445 830 1557 853 naturae.
1575 824 1605 851 ln
1619 823 1706 851 l'orma
1719 822 1790 849 enim

961 876 986 907 B
999 876 1091 909 servi,
1106 875 1166 915 quia
1184 874 1267 901 lactus
1279 877 1321 900 est
1341 880 1373 899 ex
1389 871 1514 902 muliere,
1541 870 1619 897 Pater
1638 868 1722 902 major
1746 866 1793 894 illo

999 926 1059 950 est:
1076 921 1103 947 in
1117 920 1200 947 torma
1214 924 1302 946 autem
1319 919 1376 952 Dei,
1395 918 1420 945 in
1434 924 1484 952 qua
1498 921 1555 944 erat
1570 920 1632 943 ante
1646 915 1733 942 carnis
1748 921 1792 940 as-

999 966 1177 1000 sumptionem
1191 985 1198 998 ,
1225 965 1296 991 Patri
1310 964 1455 998 coaequatis
1471 967 1522 990 est.
1548 962 1660 994 Propter
1674 959 1739 987 illud
1753 959 1795 986 di-

1000 1017 1073 1039 ctum
1087 1016 1144 1044 est,
1162 1011 1240 1037 Pater
1257 1012 1342 1046 major
1355 1018 1395 1037 me
1407 1014 1458 1042 est;
1474 1012 1582 1043 propter
1598 1007 1649 1034 lioc
1659 1027 1666 1039 ‚
1684 1006 1740 1041 Epo
1751 1028 1759 1040 ,
1770 1009 1795 1032 et

1000 1057 1091 1089 Pater,
1107 1064 1186 1082 avium
1206 1063 1303 1081 sumus.
1317 1054 1440 1088 AEqualis
1454 1060 1518 1087 ergo
1538 1053 1612 1079 Patri
1627 1052 1653 1078 in
1667 1055 1794 1086 quantum

1001 1102 1072 1129 Deus
1087 1106 1138 1133 est,
1155 1101 1290 1134 subjectus
1304 1106 1369 1126 vero
1385 1099 1411 1125 in
1422 1102 1548 1132 quantum
1568 1097 1649 1124 homo
1662 1102 1714 1124 est.

1367 1143 1412 1171 Vt.

1038 1192 1081 1219 tt.
1098 1191 1166 1224 Quid
1186 1190 1275 1218 differt
1294 1190 1363 1217 inter
1381 1189 1407 1216 id
1422 1188 1493 1222 quod
1513 1187 1636 1215 Christus
1652 1186 1796 1224 nuno-uni-

1002 1238 1100 1272 genitus
1111 1257 1118 1270 ‚
1142 1244 1212 1264 nnnc
1232 1236 1413 1271 primoqenitus
1427 1241 1487 1262 esse
1501 1233 1678 1268 praedicatur?
1695 1233 1796 1271 florum

1004 1284 1118 1318 primum
1133 1283 1166 1309 ad
1189 1282 1295 1309 Patrem
1313 1282 1427 1315 pertinet
1440 1300 1447 1312 ‚
1467 1281 1580 1307 alterum
1596 1279 1629 1306 ad
1650 1286 1708 1306 nos.
1731 1278 1796 1306 Nam

1003 1327 1149 1354 seeundum
1165 1327 1314 1353 divinitatis
1334 1325 1521 1353 excellentiam
1543 1325 1700 1359 Unigenitus
1717 1328 1758 1351 est
1781 1331 1796 1351 a

1005 1372 1082 1399 Patre
1096 1372 1168 1405 juxta
1184 1371 1367 1406 Evangelium,
1384 1370 1454 1405 quod
1467 1370 1530 1396 dicit
1543 1378 1550 1395 ε
1574 1369 1607 1396 Ει
1618 1370 1727 1396 vidimus
1742 1369 1796 1404 9¹⁰·

1005 1418 1071 1444 riam
1083 1419 1156 1452 ejus,
1182 1417 1289 1452 qloriam
1308 1417 1382 1452 quan¹
1405 1416 1535 1451 Um‘yem'ti
1550 1425 1564 1442 ιι
1581 1415 1674 1448 Patre,
1697 1416 1798 1450 plenum

1006 1463 1096 1497 qratioe
1110 1467 1132 1489 et
1144 1463 1265 1490 veritatis.

1043 1510 1085 1537 15.
1105 1510 1137 1535 At
1151 1515 1229 1542 vero,
1245 1508 1390 1536 secundum
1405 1507 1550 1535 fraternam
1566 1507 1734 1539 societatem,
1747 1506 1798 1541 pri-

166 1566 207 1589 tre
220 1561 340 1597 Filioque
352 1561 481 1596 procedit.
496 1560 558 1588 iliez:
573 1566 661 1588 tamen
674 1568 690 1587 a
714 1560 790 1587 nobis
803 1560 838 1586 ita
858 1559 951 1586 dicun·
965 1553 990 1585 C
1005 1554 1155 1588 mogenitus
1172 1553 1303 1580 universae
1315 1557 1456 1586 creaturae,
1469 1553 1543 1587 juxta
1559 1553 1584 1579 id
1598 1553 1668 1586 quod
1680 1554 1797 1586 Aposto·

168 1612 212 1635 tur
224 1608 256 1635 de
272 1608 412 1639 Trinitate,
433 1611 462 1633 ut
485 1611 573 1641 potest
597 1606 714 1632 humana
731 1610 824 1632 natura
846 1613 953 1640 capere.
971 1630 973 1632 .

170 1654 236 1681 Nam
247 1654 307 1688 quis
317 1652 485 1680 considerare
495 1652 611 1679 sufficiat
622 1653 706 1686 ipsius
721 1652 858 1679 Trinitatis
870 1652 956 1679 inter-

171 1707 204 1726 na
229 1698 371 1733 mysteria?
387 1698 525 1731 Quomodo
551 1698 628 1725 Pater
638 1717 645 1730 ‚
669 1697 762 1730 Filius,
788 1701 815 1725 et
841 1697 956 1732 Spiritus

169 1749 276 1772 sanctus
289 1748 342 1771 tres
359 1751 479 1778 personae
503 1747 586 1776 sunt,
607 1751 658 1769 una
686 1743 800 1769 naturai

206 1792 232 1818 9.
245 1789 381 1823 Quomodo
389 1790 466 1817 Pater
475 1789 618 1823 ingenitus,
628 1788 709 1815 Filius
717 1788 831 1823 genitus,
842 1788 957 1822 Spiritus

170 1840 276 1863 sanctus
289 1842 339 1863 nec
352 1834 494 1870 ingenitus,
510 1841 559 1861 nec
581 1834 707 1868 genitus?
722 1833 861 1866 Quomodo
874 1834 957 1862 Filius

171 1880 205 1907 de
219 1879 296 1907 Patre
310 1884 385 1906 natus
400 1884 448 1911 est,
465 1878 580 1914 Spiritus
600 1884 708 1906 sanctus
722 1879 755 1906 de
775 1879 852 1907 Patre
866 1887 958 1914 proce-

172 1927 211 1955 dit
224 1932 250 1954 et
263 1927 346 1954 Filio?
357 1926 494 1959 Quomodo
507 1926 591 1953 Filius
609 1926 743 1953 nascendo
758 1926 887 1961 procedit,
900 1926 959 1961 Spi-

171 1973 239 2001 ritus
248 1976 334 1998 autem
350 1976 456 1999 sanctus
471 1971 639 2006 procedendo
662 1979 716 1998 non
738 1972 956 2005 nascitur?Quo·

172 2018 251 2046 modo
266 2017 343 2044 Pater
354 2025 488 2052 nunquam
507 2017 565 2045 sine
581 2015 659 2051 Filio,
672 2010 703 2045 et
719 2021 807 2045 tamen
822 2017 879 2045 sine
893 2017 959 2046 Filio

171 2061 250 2089 Pater
262 2063 353 2097 genuit
368 2062 483 2090 Filium?
946 2056 949 2058 ¹

209 2107 253 2134 to.
266 2107 404 2140 Quomodo
414 2107 496 2140 filius
512 2115 645 2142 nunquam
660 2107 718 2135 sine
741 2109 841 2143 Spiritu
855 2115 959 2143 sancto,

174 2156 200 2188 et
220 2156 306 2178 tamen
325 2153 382 2178 ait:
398 2151 456 2178 Nisi
477 2160 522 2187 eqo
548 2153 649 2184 obiero,
675 2152 823 2180 Paracletus
845 2145 898 2181 non
917 2163 960 2182 ue-

177 2197 228 2224 niet
242 2197 276 2223 ad
288 2198 351 2224 vos?
364 2198 502 2231 Quomodo
513 2199 598 2226 Filius
613 2207 665 2226 non
676 2199 710 2227 de
725 2207 754 2227 se
775 2201 822 2228 sed
835 2202 868 2228 de
884 2202 961 2229 Patre

1006 1600 1047 1628 lus
1068 1601 1125 1627 ait:
1142 1605 1169 1627 ut
1187 1600 1219 1626 sit
1240 1600 1293 1634 ipse
1315 1599 1496 1634 primoqenitus
1517 1599 1544 1625 in
1565 1599 1651 1624 ntultis
1665 1598 1797 1632 [ratribus.

1007 1645 1055 1672 Est
1069 1652 1132 1679 ergo
1142 1645 1293 1679 unigenitus
1306 1643 1332 1670 in
1349 1643 1497 1670 substantia
1508 1642 1623 1675 deitatis
1637 1642 1798 1677 primogeni-

1006 1695 1049 1717 tus
1060 1690 1085 1717 in
1099 1689 1265 1723 susceptione
1274 1689 1459 1716 humanitatis:
1469 1688 1658 1723 primogenitus
1669 1688 1695 1715 in
1704 1683 1798 1722 gratia,

1006 1735 1157 1770 unigenitus
1170 1735 1196 1762 in
1208 1740 1316 1767 natura;
1327 1734 1532 1768 primogenitus,
1542 1735 1615 1767 juxta
1627 1733 1794 1768 Apostolum,

1007 1781 1034 1807 in
1049 1781 1140 1807 multis
1154 1780 1279 1807 iratribus
1292 1788 1298 1812 ;
1316 1779 1466 1813 unigenitus
1482 1783 1583 1806 tantum
1598 1786 1630 1805 ex
1649 1779 1704 1806 Deo
1715 1778 1798 1815 solus·

988 1861 991 1864 ἱ
1007 1825 1122 1863 ιιιιιολεει
1132 1825 1202 1863 quod
1216 1825 1309 1852 Frater
1319 1830 1486 1859 nuncupatur
1501 1830 1528 1852 et
1538 1824 1666 1852 Dominus
1679 1824 1798 1856 :Frater‚

1008 1872 1069 1906 quia
1091 1870 1296 1906 primogenitu53
1316 1870 1444 1898 Dominus
1461 1878 1537 1904 vero,
1556 1870 1620 1905 quia
1638 1871 1800 1905 unigenitus.

1375 1927 1430 1954 vtt.

1009 1983 1049 2012 De
1072 1984 1201 2011 variorum
1225 1983 1356 2011 nominum
1380 1983 1640 2018 distinctione‚'quoe
1665 1981 1734 2009 Filio
1753 1981 1803 2010 Det

1314 2018 1496 2044 attribuuntur.

1047 2065 1091 2102 ¹5.-
1106 2065 1164 2093 Jam
1179 2072 1244 2092 vero
1258 2064 1415 2092 differentia}
1430 2064 1474 2091 vel
1494 2064 1701 2101 significationes
1716 2064 1803 2102 nomi-

1011 2118 1074 2137 num
1093 2109 1199 2146 quaetin
1223 2109 1270 2137 Dei
1293 2108 1360 2136 Filio
1375 2108 1572 2144 distinguuntur
1589 2109 1710 2144 plurimae
1731 2112 1802 2136 sunt.

1012 2155 1065 2183 Sed
1077 2163 1110 2182 ex
1126 2155 1168 2182 liis
1182 2155 1304 2189 quaedam
1325 2157 1387 2181 sunt
1401 2154 1532 2181 naturalia
1544 2154 1576 2180 ad
1588 2153 1732 2191 divinitatis
1745 2153 1803 2188 eJus

1013 2200 1197 2228 excellentiam
1217 2200 1378 2237 pertinentia
1390 2219 1397 2232 ‚
1413 2200 1534 2234 quaedam
1553 2205 1618 2226 vero
1640 2199 1799 2226 accidentia.

171 2247 228 2278 est,
240 2250 289 2269 nec
302 2247 389 2269 tamen
403 2243 426 2270 ei
439 2249 481 2271 est
495 2245 626 2278 posterior
640 2244 673 2271 de
682 2252 734 2278 quo
746 2245 809 2283 est?
821 2247 960 2278 Quomodo
974 2233 1001 2263 D
1013 2245 1148 2272 Naturalia
1164 2249 1225 2272 sunt
1237 2253 1243 2271 z
1259 2245 1340 2278 Deus,
1357 2243 1542 2279 Omnipotens,
1558 2243 1706 2281 Perfectus,
1720 2244 1804 2271 Filius

176 2285 290 2320 Spiritus
305 2291 412 2314 sanctus
427 2287 461 2314 de
482 2288 561 2315 Patre
584 2288 700 2322 procedit
719 2294 745 2316 et
759 2289 836 2324 Filio,
852 2298 903 2318 nec
919 2296 959 2318 ta·

176 2337 238 2358 rnen
253 2331 287 2358 ab
301 2331 339 2358 eis
355 2332 511 2365 praeceditur
526 2341 540 2359 a
555 2333 650 2367 quibus
674 2334 810 2367 procedit?

211 2377 255 2404 11.
268 2377 406 2411 Quomodo
415 2378 465 2406 tria
473 2386 553 2406 unum
565 2383 637 2412 sunt,
644 2383 671 2407 et
678 2387 759 2407 unum
771 2379 837 2408 tria?
846 2381 962 2415 Quomo-

176 2440 226 2472 pro
234 2433 354 2474 personis
372 2441 443 2469 saepe
466 2434 558 2469 accipi.
573 2435 640 2462 Vide
655 2440 711 2462 not.
734 2443 751 2462 a
774 2436 807 2464 ad
827 2436 959 2472 Hymnod.

179 2467 300 2501 Hispan..
315 2470 359 2496 dte
374 2468 391 2494 ιι
404 2469 518 2504 Aprilis,
529 2477 589 2504 pag.
599 2470 662 2497 274.
676 2471 759 2497 Aazr.
886 2479 887 2482 ¹

213 2502 240 2529 Δ.
255 2503 330 2537 Apud
342 2503 468 2544 Grialium
480 2510 579 2543 potres,
591 2513 623 2532 ea:
636 2505 727 2540 quibu:
735 2513 746 2533 .·
756 2506 825 2541 apud
835 2506 902 2535 alios
913 2515 960 2543 po-

179 2542 244 2600 mg..
254 2542 285 2599 elit
292 2538 427 2614 ιῧᾳῗὲἔῗζ..
434 2539 798 2607 ’ὀίιιινιὶἳοχεῖιὲἒιξῖςῗαῖᾖιξανη
807 2581 865 2603 nont
875 2596 884 2609 ,
894 2577 962 2604 iden

181 2611 263 2633 autem
272 2612 387 2647 spiritus.
398 2606 432 2635 Et
440 2608 573 2649 divit-iones
583 2610 796 2651 ministrationum
810 2616 868 2638 nunt
877 2633 883 2644 ,
893 2611 961 2652 idem

181 2641 424 2706 εῧεηὸεῖιοηλιιιιιιε.
435 2641 469 2685 Et
481 2643 614 2672 dtmotonea
626 2650 801 2680 operationum
810 2651 882 2680 sunt,
894 2647 961 2694 idom

218 2710 250 2751 7..
258 2710 418 2753 Theodotius
434 2713 636 2742 Aurelianensis
655 2714 689 2743 ad
711 2715 880 2750 probandam
898 2722 964 2751 pro-

184 2747 457 2788 eonronemrspiritun
478 2749 563 2777 saneti
581 2756 613 2777 ex
633 2748 712 2778 Patro
728 2750 848 2787 Filioque
870 2752 954 2779 utitur

186 2778 702 2852 „mem”
723 2785 801 2836 Ψ
823 2785 967 2836 ιιἐΨ

173 2851 176 2854 ’
221 2845 337 2882 tanao
347 2834 436 2880 ’uasa
457 2837 656 2894 itiwffissefidttm
668 2854 705 2885 sit
719 2854 817 2887 rutum
834 2855 967 2898 minore!

521 2923 551 2931 a«

1010 2291 1073 2329 Dei,
1092 2291 1205 2318 Verbum
1215 2310 1223 2323 ,
1237 2289 1412 2330 Principium,
1428 2289 1531 2321 Virtus,
1543 2288 1690 2324 Sapientia,
1705 2289 1803 2325 mago,

1016 2336 1147 2372 Splendor
1167 2337 1223 2362 sive
1247 2334 1359 2369 Figura,
1382 2333 1535 2361 Brachium.

1051 2382 1105 2416 81
1127 2379 1170 2407 t't.
1190 2378 1344 2408 Accidentia
1368 2383 1430 2406 sunt
1452 2378 1522 2406 ista:
1538 2379 1638 2415 Agnus,
1662 2379 1804 2412 Sacerdos,

1012 2443 1073 2465 esse
1085 2436 1161 2463 Patre
1173 2455 1181 2468 ,
1195 2441 1250 2462 non
1265 2441 1316 2461 una
1335 2440 1378 2462 est
1394 2439 1513 2462 veterum
1526 2434 1632 2462 Patrurn
1648 2436 1781 2463 sententia
1794 2444 1802 2469 ς

1005 2479 1077 2499 'nam
1089 2469 1211 2498 nonnulli
1221 2468 1368 2497 docuerunt
1378 2469 1507 2503 majorem
1517 2469 1584 2496 Filio
1597 2470 1704 2497 Patrum
1713 2470 1806 2506 appel-

1013 2507 1081 2539 lari,
1094 2509 1236 2544 pro-pterea
1247 2503 1328 2538 'quod
1342 2503 1426 2545 lfilius
1439 2512 1455 2531 a
1471 2504 1550 2532 Patre
1563 2504 1671 2545 *garritu-s
1681 2510 1731 2532 est.
1751 2506 1804 2534 Sed

1013 2546 1180 2604 iffiffl's?
1196 2539 1806 2608 ‘iiiitttffttiiftttatf‘ffitw„immittit
1828 2560 1832 2598 <f

1014 2611 1097 2639 Filius
1115 2593 1223 2639 homine
1234 2612 1367 2642 suscepto.
1376 2609 1522 2637 minoratus
1532 2615 1573 2637 est
1602 2617 1655 2637 non
1665 2583 1805 2638 *unoquo-

1014 2646 1086 2679 lum,
1099 2629 1155 2671 'sed
1169 2643 1251 2671 etiam
1270 2643 1304 2670 ab
1322 2643 1435 2678 angelis.
1452 2645 1525 2672 lianc
1540 2630 1805 2680 intorpretotionem.
1826 2638 1832 2648 ¹

1015 2683 1167 2722 qua-corte
1185 2678 1350 2718 praeiet-enda
1366 2683 1423 2713 est,
1446 2679 1728 2721 isidorus-teutotoum
1735 2679 1808 2708 mul-

1014 2715 1132 2779 guffirv:
1145 2720 1211 2749 quos
1221 2713 1344 2742 Patavinis
1356 2719 1479 2766 resonent
1488 2713 1686 2768 de't'ynnltltb.
1697 2721 1717 2765 ιι
1724 2733 1735 2766 ¹,
1743 2721 1805 2766 oop-

1051 2785 1096 2812 16.
1107 2783 1168 2825 lant
1179 2783 1392 2825 verm-Pleraque
1404 2792 1440 2814 ex
1453 2785 1477 2813 Δ
1513 2804 1522 2813 .
1531 2783 1652 2823 md,
1661 2783 1699 2812 do
1707 2784 1804 2813 Trinit.

1054 2820 1098 2848 17.
1116 2818 1205 2860 Filius.
1212 2818 1265 2847 Dei
1274 2825 1304 2848 et
1317 2819 1370 2848 hoo
1384 2792 1688 2857 dmoni-§moffd’aterg
1695 2819 1793 2848 nonu

1020 2862 1083 2896 rnen
1094 2855 1152 2891 ipae
1161 2860 1207 2890 qm
1218 2854 1313 2896 lutor.
1327 2855 1389 2886 floo'
1401 2855 1622 2887 monumen
1634 2855 1696 2884 otoo
1711 2853 1776 2884 Filio
