1832 3016
133 97 185 132 ⁷7:⁸1

647 85 678 113 S.
697 81 823 112 {Sinoni
845 79 1067 111 utsPALENsts
1087 78 1238 109 Episcopi

1717 78 1771 106 7⁷6

133 162 241 196 quadam
267 157 391 192 princeps
417 155 583 186 paganorum
608 147 668 179 luit,
694 154 708 173 a
741 153 793 180 qno
822 151 923 171 nomen
937 142 1102 178 ,agentibus
1114 141 1304 176 praedicemus,
1319 139 1470 175 praesertim
1484 145 1546 168 eum
1567 138 1713 174 apostoliea
1728 146 1773 167 st.»

133 205 234 234 ,nensis
249 198 365 230 ,tannarii
387 198 566 228 nuncupatur,
580 200 660 227 quem
673 190 787 224 imperiti
803 189 925 216 homines

133 250 212 278 veluti
237 248 318 274 Deum
335 241 465 272 colentes,
486 240 512 265 in
539 237 670 272 religione
687 235 796 263 lionoris
812 233 926 268 posteris

133 293 309 322 tradiderunt,
334 289 460 321 diemque
482 284 568 319 ipsum
592 283 683 310 scenis
705 285 734 308 et
749 280 862 307 luxuriae
883 286 926 306 sa·

131 341 286 367 Cl'ssvel'lfflt.

168 382 252 418 410
262 380 290 406 2.
312 379 386 406 Tunc
400 376 470 415 enim
484 373 575 401 miseri
591 373 724 405 homines,
743 376 779 404 et,
795 370 866 406 quod
881 377 927 405 pe-

130 429 171 463 jus
189 432 240 460 cst,
262 425 342 452 etiam
360 422 462 452 fideles,
487 423 625 446 sumentes
650 418 754 453 species
771 421 926 444 monstruo-

132 482 187 506 saS,
213 473 238 501 in
255 472 370 498 terarum
395 467 487 494 babitu
503 465 730 492 transformantur
746 472 753 491 :
770 463 825 494 alii,
849 462 926 489 lemi-

134 528 185 548 nco
211 522 286 552 gestu
314 513 456 546 demutati,
486 512 590 539 virilem
625 511 729 537 vultum
758 508 923 536 effeminant.

132 565 256 594 Nonnulli
270 564 348 590 etium
364 561 398 587 de
416 560 530 586 feriatica
546 559 633 586 adhuc
656 556 850 585 consuetudine
865 556 924 590 qui-

135 614 244 639 busdam
263 612 320 644 ipso
335 608 378 635 die
397 606 617 634 observationum
643 604 761 638 auguriis
779 603 926 637 protanan-

134 663 170 683 [ιε
188 666 193 689 3
214 658 383 690 perstrepunt
407 653 496 679 omnia
522 651 675 678 saltantium
693 650 817 684 pedibus,
842 648 928 682 tripu-

133 702 260 728 diantium
291 699 445 734 plausibus,
480 697 604 731 quodque
629 702 670 724 est
700 696 803 729 turpius
830 694 926 726 nefas,

134 747 209 775 nexis
230 747 300 773 inter
316 752 345 772 se
360 744 501 778 utriusque
522 750 603 769 sexus
623 742 725 775 cltoris,
739 741 816 775 inops
831 740 927 773 animi,

135 793 228 820 furens
243 792 316 824 vino,
333 790 409 817 turba
430 790 569 816 miscetur.

977 188 1026 217 des
1038 188 1108 215 ltaue
1120 186 1240 222 regulam
1256 191 1356 214 servet.

1012 234 1041 262 2.
1055 234 1120 262 Post
1140 234 1242 261 Pascha
1255 238 1345 261 autem
1365 240 1450 268 usque
1465 232 1497 260 ad
1514 232 1694 261 Pentecosten
1709 231 1774 260 licet

979 279 1086 308 traditio
1094 279 1273 308 Ecclesiarum
1283 279 1450 307 abstinentiae
1461 279 1578 313 rigorem
1593 278 1712 313 prandiis
1727 285 1772 306 re-

978 326 1112 354 laxaverit
1125 347 1133 360 ,
1163 331 1251 353 tamen
1267 326 1288 352 si
1303 325 1362 360 quis
1377 324 1584 358 monachorum,
1599 324 1643 352 vel
1657 324 1772 352 clerico⁶

979 379 1051 405 rum,
1067 373 1124 400 sive
1137 372 1218 399 etiam
1232 372 1403 405 devotarum,
1417 372 1459 399 vel
1472 372 1613 399 viduarum
1629 371 1773 406 religiosa-

979 425 1050 451 rum,
1064 417 1186 452 j==junare
1199 417 1320 451 cupiunt,
1338 424 1391 443 non
1407 421 1469 444 sunt
1483 415 1656 451 probibendi,
1673 414 1734 451 quia
1746 419 1773 442 et

979 462 1111 489 Antonius
1127 468 1155 489 et
1175 462 1272 490 Paulus
1285 483 1293 495 ,
1312 466 1339 489 et
1352 463 1443 489 caeteri
1458 462 1553 489 Patres
1573 462 1676 496 antiqui
1691 462 1772 489 etiam

978 509 1020 536 his
1033 509 1128 536 diebus
1142 509 1168 535 in
1184 516 1274 536 eremo
1290 509 1414 543 leguntur
1427 509 1600 541 abstinuisse,
1614 516 1702 544 neque
1716 508 1772 537 sol-

978 555 1050 582 visse
1063 555 1206 589 ieiunium,
1224 555 1276 581 nisi
1291 559 1393 581 tantum
1409 554 1453 582 die
1466 554 1615 582 Dominico.

1014 600 1041 627 3.
1061 600 1126 634 Quis
1143 601 1216 628 enim
1233 600 1423 635 parcimoniam
1447 607 1501 627 non
1515 600 1618 633 laudet,
1639 601 1772 635 ieiunium

979 655 1032 675 non
1049 647 1196 681 praedicet?
1219 646 1354 681 JeJ'unium
1368 646 1439 674 enim
1462 654 1505 674 res
1520 650 1624 679 saneta,
1640 654 1706 681 opus
1719 655 1776 675 coe·

979 694 1061 726 leste,
1088 693 1169 727 janua
1196 693 1269 726 regni
1280 713 1287 726 ‚
1314 693 1398 719 forma
1419 691 1517 725 futuri,
1546 692 1616 726 quod
1648 693 1692 727 qui
1712 700 1775 720 san—

979 744 1023 767 cte
1035 739 1092 774 agit
1108 739 1162 766 Deo
1175 738 1447 773 jungitur‚alienatur
1458 739 1570 772 mundo,
1579 739 1724 775 spiritualis
1737 739 1777 767 el*-

981 786 1080 813 ficitur.
1095 785 1146 813 Per
1158 786 1208 813 ltoc
1222 786 1293 814 enim
1309 789 1517 820 prosternuntur
1531 785 1606 820 vitia,
1620 786 1777 814 humiliatur

170 838 196 864 5.
219 836 335 864 Proinde
348 842 413 869 crgo
424 835 508 862 sancti
523 834 615 860 Patres
629 832 832 860 considerantes
844 831 929 858 maxi·
944 822 969 853 Β
981 839 1056 866 caro,
1073 832 1171 859 diaboli
1189 837 1354 860 tentamenta
1368 832 1521 859 vincuntur.
1815 840 1832 869 t·

134 892 205 912 mam
218 889 320 919 partem
339 882 445 917 generis
467 881 574 908 humani
593 880 689 907 eodem
712 879 755 906 die
775 878 928 912 hujusmodi

134 930 285 964 sacrilegiis
301 936 331 955 ac
353 927 464 954 luxuriis
484 926 626 957 inservire,
650 929 802 951 statuerunt
816 924 842 950 in
867 923 928 949 uni-

134 983 215 1004 verso
238 975 338 1002 mundo
355 981 401 1008 per
427 980 522 1000 omnes
547 971 682 999 Ecclesias
707 970 840 1005 publicum
859 969 929 1003 jeJ'u-

137 1023 222 1054 nium,
240 1029 286 1056 per
299 1021 369 1055 quod
394 1023 572 1054 agnoscerent
597 1017 722 1044 homines
738 1017 764 1043 in
781 1020 883 1042 tantum
899 1022 928 1041 se

136 1078 218 1105 prave
239 1076 329 1104 agere,
353 1074 381 1095 ut
397 1075 444 1102 pro
462 1074 557 1094 eorum
584 1065 699 1100 pcccatis
724 1070 834 1091 necesse
857 1065 928 1089 esset

136 1116 260 1145 omnibus
273 1114 402 1142 Ecclesiis
418 1113 553 1148 jejunare.

422 1158 535 1186 CAPUT
556 1157 636 1185 XLll.

287 1207 324 1233 De
338 1206 454 1233 triduani
465 1205 562 1240 jejtmii
580 1203 775 1231 consuetudine.

172 1254 198 1281 1.
220 1252 364 1279 Triduanis
383 1256 472 1278 autem
493 1251 587 1278 diebus
608 1250 732 1285 jejunare
747 1249 782 1276 de
805 1247 931 1282 exemplo

135 1303 270 1334 sumptum
293 1303 333 1325 est
361 1297 549 1329 Ninivitarum,
571 1296 627 1330 qui,
651 1295 783 1322 damnatis
811 1295 931 1328 pristinis

135 1347 301 1379 vitiis-,totos
326 1352 356 1371 se
380 1344 466 1370 tribus
482 1343 576 1370 diebus
586 1342 691 1377 jejunio
718 1350 748 1369 ac
767 1341 932 1376 poenitentiae

137 1392 320 1423 contulerunt,
333 1396 360 1417 et
375 1389 462 1424 operti
478 1389 563 1416 saccis
580 1389 662 1415 Deum
674 1388 707 1414 ad
720 1386 931 1414 inisericordiam

136 1439 358 1473 provocaverunt.

420 1479 534 1507 CAPUT
556 1478 648 1506 XLlll.

210 1529 248 1557 De
262 1530 422 1555 diversorum
436 1527 534 1553 dierum
550 1534 580 1552 ac
593 1531 733 1561 temporum
742 1525 861 1561 jejuniis.

174 1578 200 1604 l.
222 1577 323 1603 Praeter
343 1576 400 1602 bscc
424 1578 510 1601 autem
533 1573 652 1607 legitima
676 1578 795 1606 tempora
811 1572 930 1607 ieiunio-

138 1631 197 1651 rum
213 1622 300 1649 omnis
315 1627 390 1648 sexta
407 1620 471 1647 feria
487 1624 598 1654 propter
614 1619 766 1652 passionem
792 1618 897 1645 Domini
917 1626 932 1645 a

138 1669 299 1705 quibusdam
321 1668 467 1702 jejunatur,
491 1666 537 1693 sed
554 1671 580 1693 et
595 1665 703 1692 Sabbati
728 1665 786 1692 dies
801 1673 814 1691 a
837 1665 935 1699 pleris-

138 1723 200 1749 que,
222 1718 332 1750 propter
345 1713 414 1747 quod
427 1712 452 1738 in
469 1719 501 1738 eo
518 1710 639 1738 Christus
652 1710 735 1745 jacuit
751 1711 776 1737 in
796 1710 934 1745 sepulcro.

139 1761 220 1795 411
246 1759 348 1794 jejunio
371 1763 543 1785 consecratus
565 1757 687 1788 liabetur,
708 1756 810 1783 scilicet
834 1763 868 1783 ne
889 1755 937 1782 Ju-

141 1807 206 1834 daeis
228 1805 387 1833 exsultando
420 1808 561 1839 praestetur
580 1803 650 1838 quod
679 1802 801 1829 Christus
830 1802 937 1829 sustulit.

140 1851 292 1880 moriendo.
310 1851 449 1877 Dominico
470 1855 558 1877 antem
576 1850 619 1876 die
638 1849 811 1876 reficiendum
828 1856 936 1883 semper

139 1905 212 1931 esse,
227 1901 256 1923 ut
271 1897 496 1923 resurrectionem
514 1895 613 1921 Christi
626 1899 652 1921 ct
669 1895 793 1928 gaudium
812 1898 934 1920 nostrum

141 1953 198 1979 ticet
216 1950 340 1978 Kalendis
357 1950 477 1976 Januarit
500 1949 594 1975 Vecolo
610 1954 653 1975 ant
666 1948 771 1975 Cervolo
787 1949 881 1982 [acere.
898 1948 936 1975 vel

141 1993 241 2014 strenas
254 1986 392 2012 diabolicas
408 1985 548 2012 οίιειτυανε.
564 1984 629 2010 Vide
642 1984 766 2018 August„
782 1992 863 2011 serm.
882 1982 936 2010 2¹5

142 2024 175 2049 dc
187 2028 282 2055 temp..
297 2026 324 2048 et
347 2022 464 2055 append.
482 2025 547 2046 tunt.
564 2019 608 2050 lx,
625 2024 703 2046 tract.
725 2019 780 2052 20;
798 2019 934 2051 ambros„

142 2066 224 2084 serm.
250 2059 283 2084 de
307 2057 478 2087 circumcis.;
501 2056 574 2082 Pctr.
598 2054 767 2089 chrysolog..
793 2062 875 2081 serm.
903 2055 936 2081 de

143 2093 256 2119 Kalend.
274 2092 401 2124 Januar.;
425 2095 544 2117 sanctum
567 2090 687 2120 Maxim„
710 2089 803 2116 homil.
825 2090 858 2116 de
881 2090 935 2116 cir-

143 2129 267 2159 eunucis,
282 2128 339 2154 sive
349 2127 384 2154 de
403 2126 514 2158 Kalend.
532 2125 640 2151 Januar.
666 2124 806 2158 Alcuinus,
823 2125 884 2151 libr.
903 2125 935 2151 de

144 2163 228 2190 divin.
254 2162 345 2194 ot'tic„
367 2169 427 2196 cap.
444 2160 481 2188 4:
498 2160 547 2187 11ae
566 2159 675 2200 (inquit)
696 2159 822 2186 Kalendae
845 2168 936 2186 secun·
953 2158 977 2189 D
1027 2161 1091 2187 Car.
1107 2167 1182 2186 xutt.
1199 2159 1230 2186 N.
1253 2160 1278 2185 ¹.
1292 2158 1355 2191 Alii,
1368 2167 1398 2186 rte
1409 2158 1510 2186 Judaeis
1522 2157 1701 2186 exsttteandum
1715 2164 1769 2192 proe

145 2199 207 2224 dum
220 2198 375 2224 deruentium
389 2196 524 2232 qentiliunt
542 2201 627 2230 ponus
641 2195 759 2221 cavendoe
777 2199 836 2221 sunt
851 2194 938 2222 dicen·

145 2234 196 2265 doe,
211 2241 286 2267 quam
303 2232 439 2259 Katenaoe.
454 2231 550 2258 GntAt..

183 2267 250 2295 Ibid.
275 2267 308 2295 In
333 2269 466 2302 religione.
492 2267 549 2301 at„
574 2265 600 2292 in
624 2265 782 2300 reliqionem.
805 2264 939 2299 Jejttnt'um

146 2303 324 2331 Kalendarum
352 2302 551 2334 Januartarum,
576 2306 629 2328 etc.
653 2300 804 2332 Fabricius,
835 2300 936 2327 Biblio-

147 2339 241 2374 graph.
256 2347 315 2373 pag.
331 2338 395 2371 461,
409 2339 498 2372 plures
514 2337 613 2364 indicat
635 2339 759 2362 auctores
771 2336 816 2369 qui
830 2336 863 2362 de
882 2334 938 2362 Ka-

147 2375 233 2401 lendis
247 2374 367 2401 ·lanuarii
387 2375 412 2401 in
429 2374 497 2400 lianc
516 2379 572 2400 rem
595 2377 687 2406 agunt.
705 2370 813 2397 Veteres
830 2370 933 2404 Patres,

147 2410 191 2443 qui
216 2415 309 2437 eontra
333 2409 548 2436 observationem
574 2406 754 2434 Kalendarum
782 2404 935 2440 hujusmodi

153 2446 249 2471 invecti
273 2449 348 2478 sunt,
372 2445 499 2471 describit
520 2443 691 2477 Bingliamus‚
705 2445 726 2468 t.
744 2439 792 2481 JX,
809 2449 836 2474 p.
858 2440 935 2480 6311:

148 2487 252 2507 canone
267 2479 374 2507 concilii
391 2477 635 2506 antissiodorensis
647 2477 728 2504 citato
744 2483 770 2502 tn
782 2479 845 2502 nota
860 2475 937 2502 Grta-

149 2515 175 2541 lii
188 2515 330 2550 legendum
341 2515 436 2548 uetula,
453 2515 542 2547 prisco
559 2520 645 2545 more,
687 2519 718 2539 ro
729 2511 819 2544 vit-tta,
836 2514 864 2537 ut
882 2510 938 2538 Sir-

150 2551 263 2576 ntondus
288 2555 314 2577 et
328 2549 450 2577 Labbeus
469 2549 570 2583 legunt,
590 2548 632 2575 vel
653 2546 743 2578 vitulo,
766 2550 813 2573 aut
825 2546 938 2578 canuto,

151 2585 254 2612 scilicet
269 2586 402 2620 personati
423 2585 544 2612 homiues
558 2584 633 2610 vituli
657 2588 701 2610 aut
725 2581 827 2609 cervuli
847 2581 897 2608 ima
917 2580 940 2600 '-

151 2627 211 2646 nem
227 2619 464 2655 repraesentabant.
481 2619 580 2647 Contra
596 2617 747 2653 hujusmodi
762 2620 892 2644 consuetu
914 2615 936 2642 i-

151 2662 212 2681 nem
226 2661 335 2683 sanetus
348 2656 478 2687 Faciat-us
489 2654 647 2689 opuseulum
668 2652 824 2686 inscriptum
844 2651 938 2678 cmm

151 2689 243 2722 edidit,
271 2697 303 2717 ex
331 2697 383 2724 quo
405 2690 518 2718 ridicule
537 2689 634 2723 aliquis
654 2687 756 2722 putavit
782 2686 936 2714 uaeretieum

152 2725 262 2751 nomine
275 2724 391 2752 Certum
406 2733 423 2751 a
447 2724 564 2753 Paciano
583 2723 744 2758 impugnari.
758 2721 830 2750 Vide
845 2720 938 2748 Flore-

152 2758 432 2830 sslffl‘l'ssti‘xmffi
425 2756 936 2825 ’ἶς’ὲῖΐέἕξὸκὲΰὶξῗὼῆῗὶῗῖόῖἕί·

153 2829 185 2855 et
202 2829 320 2856 moni
335 2828 456 2859 Fausti-t
474 2829 584 2859 nomine
603 2827 688 2858 edito.
700 2809 936 2870 floewwfi

247 2880 251 2881 ⁷
833 2870 870 2884 ⁴².)

946 1525 969 1557 C
1020 1522 1047 1549 2.
1064 1523 1122 1549 Alia
1138 1530 1203 1549 vero
1218 1543 1226 1555 ,
1242 1530 1301 1556 quae
1326 1522 1397 1549 varie
1421 1529 1470 1556 per
1484 1521 1591 1548 diversa
1609 1521 1668 1548 loca
1686 1520 1782 1548 obser-

1271 877 1385 906 CAPUT
1406 877 1496 905 XLIV.

1815 891 1822 908 ἢ

1196 925 1234 952 De
1244 927 1315 952 vario
1328 934 1376 952 usu
1393 926 1578 953 Ecclesiarum.
1818 913 1832 947 ⁸⁴¹

1019 972 1045 998 1.
1059 971 1122 998 llaec
1136 975 1163 999 et
1177 972 1229 998 alia
1243 972 1341 998 similia
1353 972 1438 999 multa
1453 978 1514 1000 sunt
1527 981 1587 1008 quae
1602 974 1628 1000 in
1646 971 1776 999 Ecclesiis
1814 967 1815 970 ’
1830 971 1832 975 “

982 1017 1081 1044 Christi
1095 1022 1235 1052 geruntur,
1249 1026 1283 1044 ex
1300 1018 1395 1052 quibus
1408 1023 1496 1044 tamen
1507 1018 1628 1052 quaedam
1645 1023 1706 1045 sunt
1718 1024 1778 1052 quae

984 1064 1011 1090 in
1027 1063 1175 1098 Scripturis
1186 1064 1324 1091 canonicis
1339 1063 1572 1096 commendantur3
1584 1064 1706 1098 quaedam
1714 1070 1779 1090 vero

984 1117 1036 1136 non
1052 1114 1114 1136 sunt
1130 1110 1236 1144 quidem
1263 1110 1363 1144 scripta
1377 1129 1385 1142 ,
1409 1110 1455 1136 sed
1472 1114 1563 1136 tamen
1578 1109 1672 1136 tradita
1684 1114 1777 1136 custo-

986 1154 1097 1182 diuntur
1107 1154 1178 1189 (PP.
1190 1163 1234 1189 ap.
1247 1159 1268 1188 1,
1280 1154 1326 1187 44,
1339 1154 1376 1182 al.
1387 1155 1444 1190 27).
1469 1154 1521 1182 Sed
1533 1155 1577 1181 illa
1588 1155 1705 1189 quidem,
1720 1160 1779 1189 quae

985 1206 1040 1229 toto
1051 1202 1116 1229 orbe
1131 1206 1261 1229 terrarum
1277 1206 1429 1235 servantur,
1451 1203 1495 1230 vel
1510 1202 1543 1229 ab
1556 1202 1621 1235 ipsis
1634 1202 1774 1236 apostolis,

985 1247 1027 1275 vel
1042 1248 1075 1274 ab
1097 1247 1256 1275 auctoritate
1283 1248 1470 1283 principalium
1492 1247 1665 1275 conciliorum
1680 1252 1779 1275 statuta
1828 1263 1832 1270 -

984 1294 1179 1328 intelliguntur,
1203 1294 1271 1321 sicut
1284 1294 1388 1321 Domini
1405 1294 1495 1328 passio
1511 1297 1539 1321 et
1550 1293 1713 1321 resurrectio
1727 1313 1734 1325 ,
1751 1295 1780 1320 et
1809 1294 1832 1329 ’ξι

985 1339 1110 1367 ascensio
1124 1341 1150 1366 in
1163 1340 1273 1372 coelum,
1287 1345 1314 1367 et
1325 1340 1455 1366 adventus
1469 1339 1585 1373 Spiritus
1599 1339 1695 1372 sancti,
1707 1344 1778 1373 quae,
1807 1349 1811 1356 ·
1826 1339 1832 1356 ¹

985 1386 1103 1412 resoluto
1118 1385 1161 1412 die
1186 1386 1248 1412 anni
1263 1405 1271 1419 ,
1295 1386 1330 1412 ob
1345 1386 1502 1413 memoriam
1524 1385 1713 1418 celebrantur,
1731 1384 1779 1412 sed
1807 1372 1832 1414 i

984 1431 1043 1458 etsi
1057 1431 1119 1465 quid
1142 1431 1226 1464 aliud,
1239 1431 1309 1465 quod
1321 1435 1442 1458 servatur
1454 1431 1488 1458 ab
1503 1430 1646 1463 universis,
1660 1438 1780 1465 quacun·
1805 1418 1832 1453 ⁸¹

984 1485 1035 1512 que
1050 1485 1080 1505 se
1091 1477 1196 1504 diffudit
1211 1477 1342 1504 Ecclesia.

985 1573 1096 1600 vantur,
1126 1568 1202 1595 sicuti
1229 1571 1270 1595 est
1293 1567 1374 1602 412
1403 1567 1474 1602 quod
1499 1568 1542 1594 alii
1564 1566 1688 1602 ieiunant
1715 1567 1782 1595 Sab-

987 1615 1061 1647 bato‚
1079 1615 1122 1641 alii
1137 1622 1202 1647 non,
1216 1614 1262 1641 alii
1277 1615 1396 1648 quotidie
1408 1614 1618 1647 communicant,
1634 1614 1679 1641 alii
1700 1614 1781 1642 certis

989 1660 1096 1693 diebus,
1120 1661 1153 1686 ab
1172 1660 1231 1687 aliis
1252 1660 1340 1686 nullus
1356 1659 1413 1686 dics
1428 1659 1643 1694 praetermittitur
1659 1666 1712 1694 quo
1726 1666 1780 1687 non

988 1706 1116 1734 offeratur
1127 1705 1299 1738 sacrificium,
1317 1705 1379 1732 alibi
1391 1705 1509 1732 Sabbata
1525 1709 1626 1731 tantum
1641 1711 1668 1731 et
1684 1704 1782 1732 Domi-

990 1754 1061 1783 nico.
1081 1752 1143 1780 alibi
1159 1756 1260 1779 tantum
1276 1752 1427 1786 Dominico,
1442 1756 1469 1779 et
1479 1751 1502 1779 si
1517 1751 1582 1786 quid
1598 1751 1669 1778 aliud
1686 1750 1782 1786 uuius-

990 1798 1061 1825 modi
1087 1798 1262 1825 animadverti
1285 1802 1383 1831 potest,
1404 1802 1489 1825 totum
1513 1797 1566 1825 boc
1583 1804 1666 1832 genus
1680 1803 1780 1830 rerum,

990 1851 1020 1873 ut
1034 1846 1238 1880 quibuscunque
1254 1845 1352 1880 placuit
1374 1845 1560 1872 sacerdotibus
1574 1844 1703 1872 Ecclesia}
1716 1864 1723 1876 ‚
1740 1842 1782 1871 vel

988 1892 1137 1927 religionis,
1153 1892 1196 1918 cui
1212 1896 1355 1925 praeerant,
1370 1891 1543 1918 instituerunt
1557 1911 1565 1924 ‚
1579 1898 1628 1918 nec
1640 1890 1783 1925 disciplina

991 1952 1072 1981 caput
1094 1947 1283 1975 desiderantur
1303 1948 1328 1974 in
1345 1947 1468 1975 Editione
1490 1947 1643 1982 Rignaeana‚
1660 1946 1782 1980 quamvis

991 1984 1059 2009 tituli
1076 1987 1253 2018 apponantur.
1275 1983 1355 2010 Multa
1376 1983 1426 2009 alia
1438 1982 1534 2010 desunt
1558 1983 1584 2009 in
1600 1990 1631 2010 ea
1646 1982 1780 2016 mitione,

991 2023 1019 2044 ut
1037 2018 1151 2045 advenit
1163 2018 1341 2052 {lieronymus
1354 2018 1483 2045 Wullaeus
1497 2019 1522 2044 in
1537 2023 1592 2044 not.
1605 2022 1667 2044 ante
1684 2018 1779 2045 librum

990 2061 1021 2086 11,
1038 2054 1099 2087 quia
1113 2054 1215 2080 scilicet
1230 2054 1341 2081 deerant
1359 2054 1438 2080 etiam
1454 2053 1480 2079 in
1498 2053 1664 2079 tuitionibus
1680 2060 1778 2087 praeee-
1812 2076 1813 2079 ,

990 2089 1115 2116 dentibus
1139 2088 1260 2115 Parisina
1285 2093 1311 2115 et
1327 2087 1525 2123 Antuerpiensi,
1547 2095 1633 2123 neque
1648 2088 1717 2115 ullus
1731 2086 1781 2116 tuit

990 2125 1023 2150 ad
1040 2131 1134 2150 manus
1145 2124 1235 2150 Codex
1251 2131 1302 2150 ms.
1318 2124 1405 2150 Anev.

992 2194 1092 2227 beatur,
1107 2197 1174 2228 quod
1187 2194 1303 2221 Christus
1315 2194 1437 2221 sustinuit
1453 2195 1593 2221 moriendo.
1607 2193 1782 2220 Anttnadver·

993 2231 1102 2257 tendum
1114 2235 1241 2264 quantum
1252 2231 1407 2263 apostolicae
1419 2231 1491 2256 sedis
1504 2228 1690 2256 consuetudini
1700 2228 1780 2256 etiam

992 2264 1086 2292 Isidori
1106 2269 1226 2298 tempore
1241 2265 1413 2297 tribueretur,
1437 2264 1588 2298 pracsertim,
1608 2263 1702 2296 inquit,
1722 2271 1764 2289 cu
1780 2280 1782 2284 -

991 2301 1134 2334 apostolica
1148 2301 1220 2326 sedes
1240 2299 1307 2324 hanc
1322 2300 1438 2332 requiam
1452 2304 1543 2325 servet.
1559 2298 1623 2324 vide
1640 2298 1769 2331 augustin

991 2336 1071 2369 epist.
1087 2335 1148 2367 tls.
1169 2342 1228 2368 qua:
1242 2334 1268 2360 in
1283 2339 1385 2360 recent.
1402 2333 1474 2360 Edit.
1486 2338 1526 2360 est
1541 2332 1588 2366 54,
1607 2332 1662 2363 ubi,
1674 2340 1698 2359 c.
1715 2333 1732 2359 2
1746 2333 1783 2359 d'.

989 2370 1093 2404 jejunio
1103 2369 1224 2402 Sabbati,
1241 2368 1311 2403 quod
1325 2373 1388 2395 tune
1404 2369 1429 2395 in
1445 2367 1578 2403 aliquibus
1598 2367 1726 2395 Ecclesiis
1740 2367 1764 2395 vi

989 2405 1079 2438 gebat,
1109 2411 1186 2432 secus
1215 2411 1278 2430 vero
1305 2403 1458 2436 Mediolani,
1486 2408 1595 2430 sanctus
1615 2403 1746 2437 Augustini
1763 2418 1766 2423 -
1779 2427 1781 2431 ,

990 2439 1126 2467 edisserit.
1144 2441 1227 2466 Alter.

1024 2474 1051 2500 2.
1067 2473 1130 2501 Post
1142 2474 1244 2501 Pascha
1253 2477 1338 2500 autem
1351 2482 1431 2508 usque
1440 2473 1475 2500 ad
1485 2473 1630 2501 Pentecost.
1646 2472 1745 2501 Referu
1755 2484 1757 2494 ⁴
1769 2491 1771 2495 -

991 2513 1032 2537 tur
1046 2509 1104 2536 baec
1117 2517 1132 2536 a
1146 2509 1284 2537 Gratiano.
1305 2510 1331 2536 d.
1344 2509 1390 2542 71),
1406 2516 1466 2544 cap.
1480 2509 1522 2538 lu.
1539 2509 1636 2536 Cum..
1762 2508 1765 2510 ’

1028 2544 1099 2572 lbia'.
1115 2545 1281 2579 Repetuntur
1292 2544 1350 2571 haec
1363 2543 1390 2572 in
1402 2545 1494 2580 regula
1507 2544 1644 2576 monach..
1659 2542 1745 2579 eap.¹
1762 2555 1766 2574 ι,

993 2588 1021 2607 n.
1035 2580 1063 2607 2.
1079 2580 1117 2607 De
1130 2580 1267 2608 bominieo
1281 2580 1324 2607 die
1334 2583 1422 2615 agitur
1431 2580 1513 2608 etiam
1526 2580 1554 2607 in
1566 2580 1713 2608 eadem:
1744 2608 1751 2615 ,,

992 2615 1224 2678 ‘'afffflssffi,
1246 2650 1379 2678 l.Totum
1398 2653 1478 2686 eaput
1492 2657 1526 2679 ex
1539 2650 1621 2687 epist.
1641 2668 1646 2674 -
1666 2660 1712 2679 ’μ’

989 2685 1051 2718 ¹18,
1066 2686 1100 2714 ad
1114 2686 1239 2719 sattuar„
1254 2693 1315 2720 cap.
1329 2686 1340 2712 l
1353 2690 1382 2714 et
1394 2687 1424 2715 2.
1434 2685 1531 2714 Gnut..
1741 2717 1744 2721 ,

1023 2721 1095 2750 loia.
1110 2722 1149 2749 De
1167 2723 1242 2749 vario
1260 2729 1309 2749 usu
1328 2721 1455 2750 aeclesia
1465 2721 1548 2749 adisis
1562 2719 1655 2748 Patres
1676 2731 1677 2734 ¹
1731 2722 1733 2724 ’

988 2756 1055 2785 licos
1067 2757 1211 2790 cotelerii.
1229 2763 1294 2785 tom.
1313 2756 1344 2790 l,
1411 2776 1420 2785 .
1434 2756 1471 2793 ⁴4
1481 2777 1491 2792 ,
1506 2755 1543 2793 al.
1556 2754 1606 2792 ¹7·
1621 2754 1685 2795 Pro·⁴
1698 2758 1734 2789 »ἢ

987 2793 1135 2828 ιίιιηιηι,ἰιι
1150 2791 1241 2828 tituto,
1256 2799 1331 2822 nonu
1370 2794 1377 2799 '
1427 2791 1495 2822 beot
1506 2791 1675 2835 emer-neq
1703 2797 1740 2817 -Γ-

1482 2854 1521 2877 mi„
1542 2861 1567 2873 m
1586 2852 1694 2880 limat»)-

1686 2823 1700 2836 V
