1832 3016
165 76 219 107 ⁹7⁵

628 58 635 61 Ἰ
679 71 709 99 S.
729 70 854 100 tstnottt
872 69 1095 101 tttsPALENSts
1114 71 1269 102 Episcopt
1746 77 1764 105 0

163 139 251 160 annus
264 134 315 163 est.
330 129 476 158 secundum
498 127 564 156 illud
583 127 611 155 in
630 127 740 156 Daniele
757 136 763 155 :
780 127 912 162 Tempus,
932 133 956 156 ct
968 130 996 160 Α
1007 130 1158 165 copulatur,
1173 135 1256 167 atque
1273 131 1413 166 miscetur,
1429 138 1464 160 eo
1479 132 1595 175 amplius
1608 139 1700 161 aerem
1713 133 1755 169 ips

163 182 288 214 tempora,
296 181 319 203 et
326 176 460 202 dimidium
466 174 597 209 temporis.
605 174 654 201 Per
663 178 768 209 tempus
775 181 873 201 annum
879 174 958 209 signi-

164 224 237 256 ficat,
249 230 298 257 per
309 226 426 254 tempora
437 219 515 251 duos.
527 224 555 247 et
569 227 616 254 per
626 220 764 247 dimidium
780 228 887 248 menses
898 229 956 250 sex.

199 268 226 294 2.
246 267 322 294 Juxta
339 265 448 292 Latinos
467 269 556 292 autem
577 266 655 293 unius
674 266 737 293 anni
751 270 864 299 quatuor
887 271 957 295 tem-

163 319 227 347 pora
256 310 448 338 ascribuntur:
466 309 563 338 hiemis
577 331 585 343 ,
614 311 702 344 veris,
729 313 848 345 aestatis,
878 318 957 348 atque

159 356 290 384 autumni.
319 356 407 383 lliems
431 361 474 383 est
498 363 559 383 cnm
580 357 619 383 sol
634 357 660 383 in
690 357 847 385 meridianis
873 359 957 393 parti—

160 403 212 429 bus
233 402 389 428 immoratur
399 422 406 433 ,
421 406 485 428 tunc
499 402 571 429 enim
591 403 630 428 sol
654 403 758 436 longius
771 404 858 436 abest,
875 409 958 432 terra·

161 456 212 482 quc
229 448 335 481 rigescit
355 446 426 482 gelu,
437 452 518 481 atque
531 448 681 482 stringitur,
698 454 725 476 et
739 449 883 483 prolixiora
895 455 957 477 sunt

159 493 246 526 spatia
258 493 342 519 noetis
357 500 436 526 quam
450 492 515 520 diei.
531 493 598 521 l‘line
618 501 699 521 causa
713 495 808 526 oritur,
827 500 855 522 ut
868 496 958 522 hiber-

160 538 203 565 nis
219 538 324 565 natibus
339 536 420 564 nimia
439 538 479 565 vis
500 538 600 566 nivium
611 561 619 572 ,
634 540 838 575 pluviarumque
859 541 956 568 sunda-

160 587 213 610 tur.
230 583 280 609 Ver
293 588 343 614 est,
359 590 420 609 cunt
447 584 486 610 sol
500 591 534 611 ex
548 585 704 612 meridianis
718 586 850 613 decedens
871 587 956 620 parti-

159 628 211 655 hus
234 633 427 662 superterram
451 629 541 662 redit,
563 635 590 657 et
613 632 699 658 noctis
720 639 751 658 ac
766 631 819 658 diei
835 636 958 666 exaequat

160 672 214 709 12
223 677 351 707 tempora,
364 678 392 700 et
403 675 559 708 temperiem
570 675 638 702 aeris
650 676 764 710 reducit,
774 683 852 711 atque
863 677 957 705 fovens

162 719 261 751 onmia,
274 719 435 752 repetendos
448 721 518 754 cogit
530 721 557 747 in
570 727 670 755 portus,
685 726 712 748 ut
727 726 796 749 terra
811 723 954 762 germinet,

161 771 193 791 ac
208 765 323 792 resoluta
339 765 420 792 sulcis
434 766 535 793 semina
552 767 725 800 reviviscant,
740 772 820 803 atque
834 770 954 796 omnium

1008 180 1128 210 vaporat,
1142 182 1170 204 et
1191 176 1304 205 humore
1328 179 1464 205 exsiecato
1489 183 1560 206 terra
1579 178 1679 206 fatiscit
1703 178 1730 206 in

1007 226 1110 254 verem.
1127 225 1155 249 et
1175 222 1330 250 adolescere
1350 223 1411 250 facit
1423 223 1542 255 semina,
1562 227 1589 250 et
1603 229 1727 259 tanquam
1742 231 1774 252 su

1008 271 1054 292 cos
1069 265 1167 294 virides
1186 271 1366 295 maturescere
1381 267 1451 303 cogit
1466 275 1542 301 poma
1561 267 1701 295 silvarum.
1716 268 1755 296 Tu

1008 311 1068 344 quia
1088 316 1116 338 et
1138 311 1178 339 sol
1200 313 1300 340 aestivis
1317 313 1410 347 flagrat
1430 313 1586 346 ardoribus,
1602 313 1719 341 minores

1009 356 1071 384 bras
1099 357 1163 385 lacit
1189 358 1216 385 in
1231 359 1390 391 meridiano,
1409 359 1533 393 quoniam
1549 367 1582 386 ex
1607 359 1661 386 alto
1682 359 1772 386 liutici

1009 402 1123 430 luminat
1137 404 1234 432 locum.
1252 407 1403 433 Autumnus
1426 412 1485 440 est,
1511 406 1573 433 dum
1597 413 1690 433 rursus
1711 406 1763 439 sol.
1785 406 1832 436 m

1008 458 1115 478 summo
1126 452 1187 479 coeli
1199 452 1503 488 descendens,intringit
1517 458 1630 481 aestunm
1643 453 1804 488 magnitudt-
1829 448 1832 454 ’

1011 504 1084 531 nem,
1097 501 1134 530 et,
1148 497 1283 532 paulisper
1297 499 1416 526 relaxato
1436 507 1467 525 ac
1482 499 1604 534 deposito
1621 499 1720 532 calore,
1736 500 1810 534 prat-²
1827 501 1832 519 ἲ

1009 547 1064 570 stat
1085 544 1251 577 temperiem,
1277 548 1405 578 sequente
1430 549 1589 578 tempestate
1609 550 1761 576 ventorum,
1775 530 1811 574 a&

1012 588 1117 615 turbine
1136 588 1325 623 procellarum.
1349 593 1376 616 et
1388 589 1414 616 vi
1436 589 1576 617 fulminum
1602 578 1815 625 tonitruumque?

1011 635 1175 661 sonantium.
1802 626 1815 679 ἶ

1046 679 1073 705 t.
1096 679 1226 712 Quoniam
1259 680 1342 707 certis
1368 679 1584 707 distinctionibus
1604 679 1810 716 vicissitudinem

1009 729 1159 760 temporum
1175 725 1250 760 juxta
1266 726 1383 760 priorum
1402 726 1572 753 definitiones
1588 727 1808 764 perstrinximus,s
1828 716 1832 759 Ξ

1011 779 1081 798 nunc
1094 772 1208 805 qualiter
1219 772 1313 799 eadem
1325 777 1444 805 tempora
1459 773 1625 800 naturalibus
1632 773 1739 800 circulis
1752 773 1801 803 sihi
1829 790 1832 803 ;

159 818 287 845 generum
302 819 361 846 ,quae
376 811 402 838 in
418 813 498 839 tet-ris
512 813 553 840 vel
567 815 644 848 aquis
658 819 720 841 sunt
746 815 842 843 annuis
857 815 956 844 fetibus
973 821 995 852 Β
1010 817 1125 845 invicem
1139 818 1309 853 colligantur,
1323 817 1505 852 expediamus.
1523 818 1575 845 Ver
1589 819 1686 852 quippe
1699 822 1803 847 constat

160 856 295 883 successio
309 862 479 891 propagetur.

196 901 223 929 5.
250 902 341 930 AEstas
360 908 412 936 est,
433 911 493 931 cum
517 905 558 932 sol
579 905 603 933 in
619 908 830 942 septentrionem
846 916 876 936 se
893 909 957 936 sub-

159 947 232 982 rigit,
248 954 281 975 ‘et
301 950 386 983 spatia
407 950 499 977 diurna
516 951 651 985 producit,
678 958 770 980 noctes
787 962 850 981 vero
871 959 957 982 arctat

159 997 186 1021 et
199 994 315 1030 stringit.
330 994 422 1031 ltaque
436 1005 488 1031 quo
509 998 594 1033 magis
615 1006 663 1026 usu
689 1000 798 1028 assiduo
817 1001 875 1029 aeri
894 1001 958 1029 huic

771 1549 798 1568 m

773 1571 800 1593 z

777 1596 804 1615 ω

778 1621 804 1654 Ξ

774 1658 802 1678 υ

773 1681 800 1700 υ

771 1702 799 1724 0

158 2268 278 2295 exoritur
295 2273 392 2297 octavo
412 2269 546 2297 Kalendas
571 2270 691 2303 Martias,
718 2279 877 2305 permanens
897 2273 954 2301 dies

158 2321 211 2342 xct.
237 2314 327 2342 AEstas
345 2315 439 2350 incipit
462 2323 534 2344 nono
552 2315 684 2344 Kalendas
703 2316 805 2350 luntas,
818 2318 875 2345 dies
897 2326 951 2348 xct.

158 2362 310 2388 Autumnus
317 2361 398 2389 sumit
408 2361 567 2397 principium
576 2362 681 2390 decimo
691 2363 822 2390 Kalendas
832 2363 953 2398 Septem-

159 2405 231 2439 bris,
243 2406 301 2435 dies
313 2415 386 2435 xcttt.
399 2407 490 2436 lliems
506 2408 611 2435 inchoat
623 2409 737 2442 septimo
750 2408 884 2436 Kalendas
898 2410 953 2437 Dc-

157 2452 289 2486 eembris,
307 2452 364 2480 dies
379 2460 428 2486 xc;
453 2453 524 2481 unde
539 2453 606 2480 liunt
616 2453 680 2480 anni
692 2453 750 2481 dics
763 2461 874 2481 ccccxv.
890 2454 954 2482 flaec

194 2517 264 2547 Ibid.
279 2518 390 2553 Diffusa.
406 2519 462 2552 Al..
473 2520 620 2556 inconfusa.
635 2520 720 2548 Ansv.

183 2555 222 2581 ,2.
240 2554 299 2588 Atti,
315 2555 425 2589 riqescit,
439 2555 548 2591 gelatur.
564 2560 639 2590 atque
652 2555 795 2591 stringitur.
811 2556 896 2584 Ansv.

195 2589 221 2615 5.
238 2588 352 2621 Quorum
374 2593 516 2625 temporum
543 2591 598 2618 hcet:
617 2596 676 2618 sunt
691 2591 826 2626 principia.
852 2591 953 2626 Vulgus

161 2628 251 2650 ternos
276 2632 381 2652 menses
404 2625 516 2660 singulis
543 2626 606 2653 anni
634 2626 799 2660 temporibus
823 2627 953 2661 assignat.

161 2659 294 2693 Astrologi
308 2667 341 2686 ex
353 2660 459 2688 Zodiaci
469 2661 552 2695 signis
567 2664 688 2688 aestatem
699 2666 726 2688 et
739 2661 854 2689 hiemem
868 2669 883 2688 a
897 2661 952 2688 sol-

162 2694 237 2720 stitio
250 2699 278 2721 et.
292 2694 395 2728 bruma,
413 2703 461 2722 ver
472 2701 498 2723 et
509 2701 666 2723 autumnum
679 2697 713 2723 ab
724 2696 891 2730 :equinoctiis
905 2703 955 2723 au-

161 2729 308 2763 spicantur.
322 2729 414 2758 Medici
423 2732 560 2766 temperiei
573 2731 704 2759 rationem
715 2733 800 2759 solam
815 2731 955 2764 ducentes,

162 2763 243 2796 duplo
270 2764 326 2792 l'erc
338 2766 440 2799 majora
462 2766 577 2794 luentem
596 2770 754 2795 etaestatem
778 2774 858 2802 quam
868 2773 916 2794 vet·
930 2770 958 2794 ct

164 2803 320 2830 autumnum
342 2800 453 2832 tactum.
473 2801 522 2840 llis
530 2802 603 2835 enim
617 2809 665 2834 ver
678 2800 955 2842 aequinoctioiueipit,

1009 871 1042 891 ex
1059 863 1172 890 humore
1183 869 1210 890 et
1222 863 1293 898 igne,
1305 868 1386 891 aestas
1402 871 1434 891 ex
1445 864 1505 898 igne
1520 868 1546 891 et
1560 864 1691 895 siccitate,
1701 869 1804 892 autum·
1828 883 1832 886 -

1010 918 1060 938 nus
1083 918 1117 938 ex
1132 910 1252 938 siccitate
1267 914 1294 937 et
1311 910 1419 945 frigore,
1435 910 1521 937 ltiems
1537 917 1570 938 ex
1592 910 1690 945 frigore
1703 915 1730 938 et
1753 906 1832 946 huy-,j

1010 963 1097 983 more.
1111 954 1189 982 Unde
1200 955 1280 983 etiam
1291 960 1352 983 sunt
1366 960 1486 990 tempora
1499 956 1687 983 commotionis
1703 952 1832 991 tempeg*

1012 1001 1127 1029 ramenti
1143 1000 1214 1028 dicta
1231 1009 1236 1027 :
1253 1000 1330 1035 cujus
1345 1000 1541 1029 communionis
1557 1001 1614 1029 ltaec
1627 1005 1669 1029 est
1681 1001 1776 1036 figura.
1790 1024 1793 1026 .

1043 2274 1069 2301 6.
1078 2274 1211 2302 Caeterum
1217 2274 1295 2309 juxta
1304 2276 1458 2310 allegoriam
1469 2276 1555 2303 ltiems
1564 2277 1718 2310 temporalis
1725 2277 1790 2304 intel
1798 2266 1803 2288 3

1005 2320 1095 2355 ligitur
1110 2322 1257 2355 tribulatio,
1276 2322 1326 2358 15
1339 2322 1444 2356 quando
1461 2327 1631 2358 tempestates
1641 2328 1668 2350 et.
1684 2323 1791 2351 turbin-

1005 2366 1096 2394 saeculi
1107 2366 1271 2394 incumbunt.
1285 2367 1375 2394 AEstas
1388 2373 1428 2395 est
1443 2367 1504 2395 fidei
1521 2369 1684 2403 persecutio,
1695 2369 1793 2404 quand

1006 2410 1127 2437 doctrina
1139 2410 1255 2445 perlidiae
1266 2411 1390 2438 ariditate
1401 2412 1526 2440 siccatur.
1535 2412 1588 2439 Ver
1601 2418 1690 2441 autem
1698 2414 1759 2441 novi
1786 2433 1787 2438 ,

1006 2460 1049 2482 est
1065 2455 1138 2489 tidei,
1154 2455 1210 2483 sive
1221 2463 1283 2491 pax,
1295 2457 1402 2491 quando
1416 2463 1476 2493 post
1495 2458 1591 2486 hiemis
1601 2459 1772 2488 tribulatione

1007 2520 1106 2555 Aprilis
1120 2528 1204 2556 prope
1219 2522 1298 2550 linem
1312 2523 1409 2551 desinit
1424 2533 1431 2557 3
1453 2530 1594 2553 autumnus
1607 2526 1725 2554 nondum
1739 2533 1784 2558 e‘sv

1005 2560 1049 2582 cto
1065 2555 1182 2590 Augusto
1193 2556 1299 2591 incipit,
1317 2559 1473 2588 Novembris
1494 2561 1569 2588 initio
1583 2560 1667 2588 terme
1680 2561 1776 2589 termin

1007 2595 1060 2618 tur.
1077 2591 1178 2627 isidoro
1190 2592 1242 2618 alia
1257 2593 1326 2620 ratio
1340 2594 1447 2628 placuit.
1470 2595 1536 2623 Nam
1551 2596 1726 2630 aequinoettis,
1770 2596 1792 2619 ιθ

1007 2625 1134 2659 ειίιίοῃιιε
1145 2630 1172 2654 et
1186 2627 1287 2654 brumae
1307 2629 1427 2664 singulos
1442 2637 1547 2658 menses
1561 2638 1736 2666 praeponens,
1754 2637 1770 2660 ι
1780 2634 1793 2665 ²3

1008 2661 1034 2687 ni
1050 2666 1169 2695 tempora
1185 2661 1334 2697 distinguit,
1346 2672 1407 2698 quae
1417 2669 1505 2693 lamen
1515 2667 1583 2694 ratio
1595 2666 1735 2694 Bedeiron
1750 2677 1753 2686 ·
1780 2682 1790 2693 ν.

1007 2695 1070 2723 bata
1085 2700 1126 2724 est
1141 2696 1186 2723 lib.
1201 2697 1234 2724 de
1247 2697 1308 2725 Nat.
1325 2699 1399 2732 lter..
1421 2699 1439 2726 2
1454 2700 1536 2732 Edit..
1555 2708 1616 2735 cap.
1629 2700 1674 2728 54.
1765 2715 1791 2720 ·-

1045 2730 1114 2771 nid.
1131 2731 1226 2758 Octauo
1244 2732 1356 2762 Kalend.
1372 2735 1428 2768 ΑΙ..
1446 2736 1552 2771 septimo
1563 2734 1626 2763 Kal.
1641 2735 1727 2764 Αιιν.
1755 2747 1770 2760 ..τ

1046 2766 1072 2793 6
1090 2765 1212 2801 Perfidioe
1223 2768 1354 2798 ariditate.
1381 2769 1444 2808 At„
1467 2770 1556 2802 minuti
1578 2769 1658 2804 bene,
1675 2778 1720 2805 W
1754 2773 1770 2786 ''

1012 2801 1169 2833 ariditatem.
1191 2803 1281 2834 auv-
1761 2823 1769 2830 ³
