1832 3016
114 211 165 240 767

625 202 655 230 S.
674 199 799 228 lStnont
821 197 1042 227 lllSPALENSlS
1061 198 1217 227 Episcopi

1699 201 1751 230 768

113 273 221 305 propter
234 266 329 293 delicta
344 266 450 293 nostra.
468 264 496 287 et
515 260 666 287 resurrexit
680 263 790 293 propter
803 257 902 292 justiti·
915 262 940 290 Α
954 256 1004 290 ipsi
1022 256 1147 283 Ecclesiae
1163 256 1299 290 tribuitur,
1317 260 1428 291 propter
1448 258 1534 284 instar
1548 257 1750 292 universitatis,

113 315 242 342 cntionem
264 313 382 336 nostram
395 329 401 339 ‚
415 307 551 333 -transitus
571 306 678 340 quidem
707 306 739 332 de
765 310 852 332 morte
870 305 904 332 ad

111 360 191 387 vitam
206 358 232 383 in
248 356 295 382 illa
312 354 435 389 passione
450 352 555 379 Domini
570 356 597 379 et
611 352 809 379 resurrectione
822 351 905 386 399

110 409 229 433 sacratus
255 406 306 429 est.
326 401 390 428 Nam
411 405 437 427 et
456 399 617 426 vocabulum
638 399 745 432 ipsum,
766 399 835 433 quod
858 407 904 433 pa-

109 451 173 478 seha
193 449 308 480 dicitur,
331 455 383 474 non
403 447 540 476 Grrccum.
557 445 603 472 sed
627 445 767 473 ttebraeum
782 450 838 478 est,
857 453 904 472 ne-

109 502 161 530 que
175 503 188 521 a
206 494 330 528 passione
340 514 346 525 ‚
363 492 488 525 quoniam
502 493 594 519 παθεῖν
608 491 701 518 Graece
717 491 814 518 dieitur
828 492 899 525 pati,

109 540 156 567 scd
172 548 185 566 a
202 539 313 566 transitu
329 538 441 565 ttebmeo
457 537 539 564 verbo
556 537 653 571 pascha
671 537 834 572 appellatum
849 541 899 563 cst.

108 587 183 621 Quod
204 592 230 614 ct
250 587 365 613 maxime
385 584 552 620 evangelista
574 584 730 620 expressit,
752 592 811 611 cum
833 584 901 611 cele·

109 634 231 661 hraretur
249 640 262 659 a
280 632 392 659 Domino
409 631 507 665 pascha
529 638 589 658 eum
610 630 769 665 discipulis:
786 629 850 656 Cum
864 630 901 655 vi<

107 680 198 713 disset,
222 679 323 713 inquit,
345 677 421 704 Jesus
441 678 503 712 quia
522 678 589 704 venit
609 677 673 703 liora
688 681 715 702 ιιι
735 676 854 703 transiret
869 676 901 702 de

108 726 154 753 hoc
170 726 264 752 mundo
279 726 311 751 ad
328 725 433 750 Patrem
449 723 539 758 (Joau.
556 723 630 757 xm).

145 773 170 799 5.
185 773 326 799 'l'rnnsitus
339 779 403 805 ergo
419 771 451 798 de
466 771 517 797 hac
530 770 585 797 vita
600 768 706 795 mortali
723 768 748 795 in
763 769 842 794 aliam
860 767 902 794 vi-

107 824 159 846 tam
176 819 363 850 immortalem,
386 817 434 844 lioc
454 820 507 850 est,
533 817 568 843 de
583 819 671 843 morte
699 815 732 841 ad
759 816 851 845 vitam,
876 815 901 840 in

106 866 232 900 passione
256 864 490 892 etresurrectione
503 863 606 889 Domini
622 862 838 889 commendatur.
854 859 902 886 llic

106 912 234 938 transitus
248 919 261 937 a
278 911 355 938 nobis
379 910 459 937 modo
475 910 564 944 agitur
581 916 628 943 per
643 908 734 942 tidem,
749 914 809 942 quae
824 906 902 933 nobis

957 302 1070 336 ideoque
1083 303 1237 331 etJoannes
1249 304 1399 337 apostolus,
1416 304 1441 331 iu
1458 304 1631 340 Apocalypsi,
1645 309 1752 339 septem

957 347 1064 382 scripsit
1079 348 1217 375 Ecclesiis.
1235 349 1356 376 Ecclesia
1372 356 1436 376 vero
1456 349 1544 376 adhue
1565 349 1592 377 in
1612 350 1663 377 ista
1678 358 1752 378 mor-

956 393 1070 421 talitatis
1085 401 1168 421 earne
1187 395 1331 421 constituta
1353 399 1463 429 propter
1479 395 1563 428 ipsam
1586 395 1754 422 mutabilita-

957 445 1009 466 tem
1031 440 1102 467 lunae
1122 440 1231 468 nomine
1246 441 1271 468 in
1290 441 1436 475 Scripturis
1452 448 1524 476 saepe
1539 446 1661 470 vocatur.
1677 442 1754 476 Quod

956 492 1020 512 vero
1034 486 1234 514 anniversarius
1251 487 1310 514 dies
1337 487 1469 521 paschalis
1481 508 1490 521 ,
1513 495 1566 515 non
1581 488 1614 515 ad
1628 489 1753 516 eumdem

956 531 1024 558 redit
1046 531 1108 558 anni
1130 532 1220 566 diem,
1244 532 1313 559 sicut
1335 533 1393 560 dies
1413 541 1466 567 quo
1481 534 1600 560 creditur
1624 534 1753 562 Dominus

957 582 1045 610 natus,
1063 577 1112 603 boc
1130 578 1157 604 lit
1173 583 1284 612 propter
1298 578 1467 605 Dominicum
1483 579 1554 606 diem
1568 585 1595 606 et
1613 580 1715 607 lunam.

991 623 1017 650 8.
1033 623 1203 650 Manifestum
1225 628 1267 650 est
1287 624 1359 651 enim
1379 632 1432 658 quo
1457 624 1501 651 (lie
1523 625 1652 652 Dominus
1665 626 1753 653 cruci-

955 669 1023 697 fixus
1039 670 1084 703 sit,
1100 677 1126 697 et
1143 671 1169 697 in
1183 670 1308 703 sepulcro
1323 671 1413 703 suerit,
1429 676 1456 698 et
1471 673 1631 699 resurrexit.
1648 671 1752 707 Adjun-

955 719 995 742 eta
1012 720 1052 741 est
1067 716 1137 742 enim
1157 715 1275 750 ipsorum
1299 716 1402 742 dierum
1427 716 1580 746 observatio
1596 724 1642 751 per
1659 717 1753 746 Patres

955 759 1055 787 Nicoeni
1071 761 1188 790 concilii.
1205 765 1231 787 et
1253 761 1310 788 orbi
1333 761 1458 788 universo
1472 761 1624 789 Christiano
1639 770 1754 796 persua-

955 812 1026 838 sum,
1041 806 1165 833 eomodo
1182 807 1280 841 pasclia
1297 807 1430 834 celebrari
1443 812 1579 842 oportere,
1596 814 1624 835 ut
1639 817 1691 837 non
1707 818 1753 837 so·

956 851 1010 878 lum
1027 852 1115 879 luuam
1142 853 1314 886 paschalem,
1333 854 1380 880 sed
1395 858 1422 881 et
1437 854 1507 881 diem
1524 855 1709 889 Dominicum,
1725 856 1755 885 in

956 905 1008 931 quo
1021 899 1169 925 resurrexit
1182 906 1195 925 a
1209 899 1331 931 mortuis,
1349 904 1508 933 exspectare
1520 900 1675 928 debeamus.
1689 902 1753 930 lnde

105 957 182 984 datur
198 957 225 984 in
240 956 396 983 remissione
413 960 594 990 peccatorum,
621 953 728 988 quando
753 951 903 985 consepeli·
917 950 942 980 B
956 948 998 970 0⁵²
1012 943 1083 978 ‘lllssd
1106 944 1138 970 ad
1161 945 1284 972 cumdem
1306 945 1370 971 anni
1386 946 1455 972 diem
1471 953 1524 972 non
1548 947 1691 974 revertitur
1706 955 1753 982 pa-

105 1010 162 1029 mm·
178 1009 236 1028 cum
259 1001 368 1028 Cliristo
393 1008 438 1034 per
463 999 635 1034 baptismum,
658 998 736 1033 quasi
757 1005 772 1024 a
787 997 900 1024 mortuis

96 1036 276 1074 ‘transeuntes
286 1046 320 1073 de
336 1046 471 1081 pejoribus
486 1045 519 1072 ad
535 1045 657 1077 meliora,
668 1044 702 1072 de
717 1043 901 1078 corporalibus

105 1093 138 1119 ad
152 1092 312 1127 spiritualia,
329 1093 363 1119 de
390 1091 596 1118 conversatione
608 1089 688 1125 liujus
703 1090 766 1117 vitae
780 1088 813 1116 ad
824 1095 899 1123 spem

103 1139 200 1167 suturae
216 1139 422 1167 resurrectionis
437 1143 464 1166 et
477 1138 580 1173 gloriae.

143 1195 171 1221 4.
185 1194 298 1228 Propter
313 1195 400 1229 ipsum
413 1201 476 1228 ergo
488 1194 593 1220 initium
603 1199 678 1220 novae
687 1193 759 1224 vitre,
773 1192 806 1218 ad
821 1198 900 1224 oua-

105 1240 263 1273 transimus,
281 1245 308 1267 et
324 1246 434 1275 propter
448 1248 546 1267 novum
569 1241 717 1271 bominem,
729 1247 807 1273 quem
820 1238 900 1272 jube-

106 1294 166 1313 mur
188 1286 298 1313 induere
310 1306 316 1317 ‚
333 1291 360 1312 et
373 1294 471 1313 exuere
487 1290 616 1317 veterem,
632 1290 811 1320 expurgantes
826 1289 900 1312 vetus

105 1331 264 1358 termentum
276 1351 284 1363 ,
301 1335 329 1357 ut
341 1331 425 1357 simus
438 1338 505 1357 nova
515 1331 671 1364 conspersio
685 1352 691 1363 ,
709 1332 834 1364 quoniam
851 1337 900 1364 pa-

105 1375 170 1402 sclia
185 1381 306 1402 nostrum
321 1376 474 1402 immolatus
496 1381 536 1402 est
553 1376 691 1407 Cbristus3
709 1380 817 1409 propter
833 1376 900 1401 lianc

104 1429 170 1458 ergo
195 1423 256 1448 viiie
279 1422 424 1449 novitatem
446 1423 547 1456 primus
563 1424 664 1449 mensis
679 1423 706 1449 in
721 1423 782 1448 anni
800 1422 901 1448 meusi-

104 1467 154 1495 hus
178 1468 351 1495 celebrationi
377 1469 437 1495 liuic
467 1469 609 1495 attributus
635 1473 687 1500 est,
713 1476 772 1494 nam
794 1473 819 1494 ct
845 1468 902 1500 ipse

106 1513 204 1541 dicitur
220 1514 319 1541 mensis
335 1522 475 1541 novorum.
492 1515 559 1547 Quia
573 1522 636 1540 vcro
652 1514 678 1540 iu
697 1518 753 1540 toto
780 1518 901 1547 tempore

106 1561 196 1587 sarculi
216 1568 287 1587 nunc
301 1561 409 1587 tertium
427 1566 531 1595 tempus
547 1561 690 1595 apparuit,
708 1560 767 1587 idco
781 1567 899 1587 resurre-

105 1607 159 1633 ctio
169 1606 273 1632 Domini
290 1607 409 1633 triduana
425 1611 476 1633 est.

142 1666 168 1692 5.
185 1665 303 1693 Primum
316 1666 386 1693 enim
400 1671 504 1701 tempus
518 1671 627 1694 estante
642 1666 737 1701 legem,
752 1666 898 1693 secundum
913 1652 937 1683 C

107 1711 237 1746 sublege,
251 1712 360 1739 tertium
378 1712 427 1739 sub
439 1713 534 1746 gratia,
544 1713 587 1740 ubi
602 1713 657 1747 jam
679 1712 849 1739 manifestum
859 1715 900 1738 est

109 1763 304 1785 sacramentum
316 1758 385 1792 quod
401 1764 458 1785 erat
469 1764 529 1785 ante
540 1758 565 1785 in
582 1758 739 1793 prophetico
759 1758 901 1791 aenigmate

107 1804 252 1831 occultum.
270 1795 324 1831 lloc
335 1812 399 1839 ergo
412 1810 439 1832 et
454 1805 480 1832 in
495 1806 579 1832 lunari
596 1812 707 1831 numero
721 1804 899 1839 significatur.

108 1851 175 1883 Quia
188 1851 260 1877 enim
274 1852 442 1885 septenarius
455 1860 582 1879 numerus
594 1852 664 1879 solet
675 1852 701 1879 in
715 1852 859 1885 Scripturis
868 1852 900 1879 ad

108 1897 250 1929 quamdam
266 1897 456 1932 perlectionem
475 1899 603 1932 mysticus
618 1906 759 1933 apparere,
778 1899 806 1925 iu
823 1900 900 1926 tertia

109 1942 279 1970 hebdomada
301 1943 370 1970 luuae
386 1944 484 1978 pascha
499 1944 660 1975 celebratur,
677 1945 703 1971 id
719 1948 771 1978 est,
784 1945 830 1979 qui
843 1945 901 1973 dies

109 1990 258 2017 occurrerit
272 1997 286 2016 a
299 1995 391 2024 quarta
408 1991 510 2018 decima
526 1992 550 2018 in
566 1991 720 2018 vicesimam
740 1993 864 2026 primam.

145 2034 172 2062 6.
194 2035 245 2063 Sed
261 2040 287 2062 et
301 2043 351 2062 non
365 2036 450 2062 solum
462 2041 573 2071 propter
586 2042 690 2071 tempus
712 2037 829 2069 tertium,
839 2037 902 2071 quia

109 2081 170 2108 iude
186 2082 278 2115 incipit
293 2082 459 2109 bebdomada
476 2085 562 2115 tertia,
580 2083 626 2110 sed
639 2084 718 2110 etiarn
735 2088 844 2117 propter
862 2083 901 2117 ip-

110 2134 167 2153 sam
183 2129 386 2155 conversionem
399 2130 480 2156 lunae.
492 2130 567 2156 'l'uuc
581 2131 651 2156 enim
669 2130 711 2156 illa
723 2130 756 2156 ab
766 2130 902 2156 infcriori-

111 2172 160 2199 bus
175 2172 208 2198 ad
224 2174 360 2207 superiora
387 2175 565 2206 convertitur,
579 2181 607 2202 et
629 2177 684 2202 liaee
700 2176 778 2203 nobis
793 2176 826 2203 de
839 2176 902 2203 luna

109 2219 254 2246 similitudo
269 2221 423 2253 assumitur,
439 2221 472 2246 de
483 2221 633 2249 visibilibus
651 2223 684 2248 ad
705 2223 860 2255 invisibilia,
876 2228 903 2251 et

109 2258 144 2291 de
156 2264 339 2298 corporalibus
364 2265 396 2292 ad
418 2265 564 2299 spiritualia
586 2271 752 2294 sacramenta
774 2268 899 2301 transire,

109 2315 139 2337 ut
155 2311 239 2345 magis
259 2311 398 2345 magisque
421 2310 484 2338 huie
507 2312 605 2338 saeculo
625 2313 779 2345 moriamur,
808 2318 833 2340 et
847 2314 899 2340 vita

109 2361 201 2383 nostra
224 2356 403 2383 abscondatur
424 2356 505 2392 400
525 2365 586 2384 cum
604 2357 726 2390 Christo,
741 2365 902 2393 omnemque

111 2404 199 2430 lucem
215 2395 297 2430 studii
313 2404 407 2436 nostri,
436 2411 494 2438 quae
519 2404 552 2431 ad
568 2403 692 2431 inferiora
709 2404 845 2439 vergebat,
870 2404 902 2431 ad

109 2449 246 2483 superiora
267 2453 471 2482 convertamus,
494 2450 527 2476 ad
552 2449 624 2476 illam
647 2449 751 2476 scilieet
774 2454 902 2476 aeternam

109 2496 362 2530 contemplationem
375 2496 550 2523 immutabilis
560 2497 680 2524 veritatis
691 2496 800 2532 (Coton.
813 2496 866 2532 m).

146 2542 173 2568 7.
190 2542 279 2576 Usque
294 2542 326 2569 ad
341 2542 498 2570 vicesimam
510 2550 574 2570 vero
589 2543 700 2577 primam
725 2543 786 2570 ideo
802 2542 902 2570 Pascha

108 2588 284 2621 observatur,
316 2593 427 2623 propter
454 2589 636 2624 septenarium
663 2597 804 2617 numerum
815 2610 822 2622 ,
848 2596 901 2624 quo

109 2634 290 2662 universitatis
311 2634 471 2670 significatio
493 2642 566 2670 saepe
589 2634 730 2670 liguratur,
753 2635 798 2669 qui
821 2635 902 2663 etiam

145 2714 172 2741 4.
188 2713 252 2748 Alii,
267 2714 369 2742 initium
388 2715 466 2742 datur
489 2723 559 2743 novae
577 2715 668 2743 vt'loe...
685 2720 710 2743 et
725 2723 758 2743 ex
770 2715 847 2743 veteri
858 2722 904 2743 ex·

111 2753 330 2819 pnssqagoegbtigluus‘,
344 2751 649 2814 ζξινῖιεῖῗέιὲτὶᾏίῗίὶῗᾶάω
664 2787 727 2813 luna
741 2785 847 2824 Pascha*
860 2792 903 2813 ce-

111 2816 231 2851 latratur,
244 2820 270 2846 id
285 2825 332 2854 tm,
347 2822 391 2856 qui
404 2822 458 2848 dies
472 2823 609 2850 occurrerit
623 2822 773 2851 Doniioitcm
785 2829 802 2850 a
815 2821 902 2857 'qllinto

113 2851 209 2879 decimo
221 2855 250 2881 in
263 2855 382 2883 vicesimo
397 2857 490 2891 primo.
507 2858 591 2886 AMV.

143 2886 174 2928 J.
191 2887 301 2928 Propter
313 2891 395 2918 inum»-
409 2892 590 2920 tmiversitatit.
600 2892 662 2923 ’11όο
673 2896 725 2930 est,
742 2894 853 2930 pro'pwl‘
863 2892 902 2922 δί-

113 2922 292 2955 multudinem
305 2926 496 2967 universitatis.
511 2926 598 2958 Auv.

689 2985 715 2992 ,a

915 2334 943 2364 D

954 988 1028 1015 seba.
1054 988 1120 1015 Nam
1136 989 1220 1017 ludaei
1236 989 1422 1016 tantummodo
1440 997 1559 1018 mensem
1577 998 1705 1019 novorum
1721 995 1749 1019 ει

953 1034 1042 1061 lunam
1068 1035 1223 1062 observant.
1247 1035 1322 1062 Diem
1347 1040 1435 1062 autem
1452 1035 1619 1064 Dominicum
1641 1037 1743 1064 adden-

953 1080 1017 1107 dum
1035 1080 1132 1107 Patres
1147 1080 1231 1108 nostri
1246 1086 1420 1114 censuerunt,
1437 1086 1506 1109 utet
1519 1086 1611 1110 nostra
1625 1082 1754 1111 festivitas

952 1134 967 1154 a
984 1126 1140 1154 ludaeorum
1153 1127 1297 1155 festivitate
1311 1128 1532 1162 distingueretur.

1225 1173 1338 1201 CAPUT
1359 1173 1479 1202 xxxttt.

1191 1219 1228 1246 De
1242 1220 1395 1247 Ascensione
1407 1220 1522 1248 Domini.

994 1264 1018 1289 vl.
1036 1256 1211 1292 Ascensionis
1224 1265 1367 1291 dominicoe
1382 1265 1538 1292 solemnitas
1559 1265 1620 1293 ideo
1633 1266 1754 1294 celebra-

957 1314 1009 1343 tur,
1024 1310 1084 1343 quia
1100 1310 1194 1337 eodem
1218 1310 1273 1343 dic,
1290 1315 1350 1344 post
1365 1310 1456 1337 mundi
1473 1310 1622 1344 victoriam,
1640 1316 1699 1345 post
1712 1312 1753 1339 in-

956 1355 1023 1381 ferni
1042 1362 1202 1389 regressum,
1220 1358 1367 1382 ascendere
1388 1355 1514 1383 Christus
1539 1361 1704 1383 memoratur
1718 1356 1752 1384 ad

958 1401 1052 1432 malos,
1070 1402 1139 1428 sicut
1158 1401 1286 1435 scriptum
1301 1407 1341 1428 est
1358 1410 1364 1427 :
1387 1402 1505 1429 Ascendit
1521 1403 1547 1429 in
1568 1403 1660 1437 altum,
1683 1403 1750 1437 cepit

957 1448 1128 1480 captivitatem
1140 1469 1146 1479 ,
1173 1447 1243 1473 dedit
1266 1447 1334 1474 dona
1369 1448 1514 1474 ltominibus
1536 1448 1624 1481 (Psal.
1653 1449 1749 1483 mxvii).

956 1493 1020 1525 Quae
1047 1493 1178 1519 festivitas
1202 1493 1261 1519 ideo
1286 1500 1332 1526 per
1347 1493 1497 1520 revolutum
1520 1494 1650 1520 circulum
1666 1502 1751 1521 anno-

955 1545 1013 1564 rum
1026 1539 1186 1570 celebratur,
1199 1543 1226 1564 ut
1239 1538 1390 1565 humanitas
1402 1543 1547 1573 assumpta:
1559 1539 1647 1566 caruis
1660 1547 1753 1567 ascen·

954 1582 1040 1609 dentis
1059 1583 1163 1609 Domini
1175 1583 1305 1609 collocata
1319 1582 1353 1609 ad
1368 1582 1507 1609 dexteram
1524 1583 1610 1610 Patris
1625 1584 1649 1610 iu
1667 1584 1747 1620 401

955 1627 1111 1653 memoriam
1127 1631 1282 1659 revocetur,
1300 1628 1376 1661 cujus
1392 1635 1490 1662 corpus
1510 1629 1546 1655 ita
1562 1628 1588 1655 in
1602 1629 1672 1656 ooelo
1686 1637 1748 1657 esse

953 1674 1099 1706 credimus,
1116 1679 1143 1700 ut
1163 1678 1220 1700 erat
1235 1674 1341 1707 quando
1357 1674 1488 1707 aseendit,
1503 1674 1573 1708 quod
1585 1679 1612 1702 et
1634 1683 1683 1702 vox
1698 1683 1746 1703 an-

952 1719 1035 1753 gelica
1052 1723 1224 1751 protestatur,
1239 1718 1331 1744 dicens
1347 1727 1353 1744 ε
1371 1718 1416 1745 Sic
1426 1719 1515 1750 veniet,
1531 1720 1747 1753 quemadmodum

953 1765 1050 1791 vidistis
1062 1772 1119 1790 eum
1129 1768 1230 1790 euntem
1241 1764 1267 1790 in
1282 1765 1371 1790 coetum
1386 1764 1454 1798 (Act.
1468 1765 1499 1799 ι),
1514 1764 1540 1791 id
1551 1770 1601 1798 est,
1615 1766 1641 1792 in
1653 1767 1749 1795 eadem

954 1810 1042 1836 carnis
1056 1812 1146 1843 specie
1167 1805 1246 1842 atque
1265 1809 1427 1842 substantia;
1445 1810 1522 1844 quus
1538 1811 1666 1844 protectio
1681 1819 1743 1840 car-

955 1855 996 1882 nis
1021 1855 1250 1882 immortalitatem
1273 1855 1396 1887 donavit,
1415 1861 1536 1882 naturam
1557 1864 1611 1883 non
1630 1858 1748 1885 abstulit.

993 1902 1020 1927 ⁶2.
1037 1901 1149 1928 Dextera
1163 1905 1251 1928 autem
1267 1902 1363 1934 Patris,
1379 1902 1413 1929 ad
1427 1909 1506 1936 quam
1524 1902 1594 1930 idem
1611 1903 1693 1930 Filius
1707 1911 1752 1931 se-

955 1948 1020 1975 dere
1034 1947 1163 1980 ereditur,
1180 1955 1232 1973 non
1255 1952 1297 1974 est
1317 1955 1456 1981 corporea,
1471 1947 1540 1982 quod
1565 1948 1639 1976 nefas
1662 1953 1703 1976 est
1716 1949 1751 1977 de

956 1994 1012 2021 Deo
1027 1994 1139 2020 sentire.
1156 1993 1209 2019 Sed
1225 1993 1333 2020 dextera
1350 1993 1435 2020 Patris
1451 1998 1492 2020 est
1506 1993 1642 2020 beatitudo
1656 2001 1751 2028 perpe-

958 2044 1012 2073 tua,
1028 2047 1088 2073 quse
1102 2039 1202 2066 sanetis
1215 2040 1240 2065 in
1256 2040 1453 2067 resurrectione
1469 2040 1642 2074 promittitur,
1656 2040 1682 2067 id
1695 2045 1746 2074 est,

957 2085 1088 2111 universas
1111 2085 1252 2115 Ecclesiae‚
1277 2092 1336 2119 qua‘.
1361 2090 1401 2113 est
1424 2092 1521 2120 corpus
1545 2085 1659 2117 Cliristi;
1681 2086 1751 2113 sicut

954 2137 982 2158 et
997 2131 1104 2158 sinistra
1126 2131 1185 2165 ejus
1208 2135 1281 2158 recte
1301 2131 1460 2166 intelligitur
1481 2131 1598 2166 miseria,
1622 2136 1649 2159 et
1670 2139 1748 2167 poena

955 2182 1093 2212 perpetua,
1109 2185 1168 2213 qua:
1183 2177 1271 2212 impiis
1284 2178 1400 2204 dabitur.

1223 2222 1337 2250 CAPUT
1357 2223 1480 2251 XXXlV.

1242 2267 1281 2295 De
1300 2268 1459 2296 Pentecoste.

992 2313 1018 2340 1.
1033 2313 1139 2340 lnitium
1162 2321 1227 2342 sane
1247 2319 1274 2341 et
1295 2319 1375 2340 causa
1398 2313 1552 2342 festivitatis
1575 2315 1748 2345 Pentecostes

957 2360 1036 2393 paulo
1059 2360 1139 2387 altius
1164 2359 1309 2394 repetenda
1331 2364 1382 2387 est.
1401 2359 1573 2388 Pentecostes
1594 2364 1665 2390 enim
1691 2364 1749 2392 dies

958 2407 1019 2433 bine
1039 2408 1142 2441 accepit
1167 2407 1321 2441 exordium,
1349 2408 1456 2443 quando
1478 2409 1526 2436 Dei
1553 2418 1603 2437 vox
1632 2411 1659 2438 in
1685 2412 1748 2440 Sina

956 2454 1046 2477 monte
1066 2451 1182 2485 desuper
1194 2452 1341 2479 intonantis
1355 2453 1445 2480 audita
1461 2459 1512 2485 est.
1528 2459 1556 2482 et
1578 2455 1621 2483 lex
1633 2458 1696 2483 (lata
1707 2462 1748 2485 est

955 2497 1038 2532 Moysi
1053 2497 1152 2531 (Exod.
1169 2498 1226 2533 xx).
1247 2498 1276 2525 ln
1294 2499 1369 2526 Novo
1386 2504 1476 2527 autem
1488 2500 1662 2530 Testamento
1677 2502 1746 2530 Pen-

955 2547 1056 2571 tecoste
1079 2543 1161 2578 eoepit
1190 2545 1296 2579 quando
1319 2544 1462 2573 adventum
1502 2548 1587 2575 saneti
1613 2548 1746 2582 Spiritus.

932 2622 935 2625 Α
955 2597 1034 2624 quem
1048 2589 1170 2617 Christus
1185 2591 1314 2625 promisit,
1330 2592 1461 2625 exhibuit.
1472 2600 1552 2628 quem
1565 2594 1603 2622 ait
1617 2601 1672 2623 non
1685 2602 1746 2623 esse

955 2640 1105 2669 venturum,
1123 2635 1175 2663 nisi
1190 2637 1248 2671 ipse
1257 2637 1422 2665 ascendisset
1435 2637 1463 2665 in
1475 2638 1584 2667 eoelum.

989 2712 1016 2741 8.
1034 2713 1071 2740 De
1086 2713 1139 2741 die·
1149 2721 1203 2748 quo
1223 2714 1324 2742 Pascha
1345 2714 1476 2743 celebrari
1499 2713 1598 2750 debet.
1614 2715 1694 2743 latius
1718 2714 1746 2744 iu

955 2748 1142 2784 Etymologiis,
1159 2749 1205 2776 lib.
1221 2756 1260 2782 vi,
1275 2756 1335 2785 cap.
1353 2750 1396 2778 17.
1413 2750 1500 2778 Ansv.

989 2784 1053 2812 Gn.
1071 2792 1164 2811 xxxin.
1179 2785 1212 2812 N.
1230 2785 1256 2812 1.
1269 2784 1334 2819 Alii,
1347 2785 1502 2813 accenditur
1514 2786 1606 2819 altam.
1618 2786 1746 2822 captim

953 2820 1028 2847 duxit
1042 2820 1222 2855 captivitatem.
1237 2820 1266 2847 ln
1285 2820 1420 2848 nonnullis
1435 2821 1512 2857 mss„
1533 2821 1608 2866 cnjus
1621 2821 1758 2870 μζιοῳ

953 2856 1048 2883 camis.
1065 2855 1119 2887 At„
1131 2856 1206 2892 cufim
1220 2858 1335 2892 prolecto
1348 2855 1444 2885 term.
1455 2854 1549 2893 ,Δὶινι
1725 2889 1729 2894 ,

953 2890 1414 2974 .αἳῖἱὶ.ἔέ“ἑῖ»“ωῗί.ἶῇαἷίἲῗ“
1432 2896 1470 2921 ‘¹
1487 2890 1584 2930 Μ’
1599 2889 1747 2935 m

1451 2978 1586 2988 ..m—§.42⁷
