1832 3016
100 98 151 127 52⁹

492 94 536 122 DE
557 93 637 122 rint:
657 66 850 122 CATHOLYCA
870 90 1006 120 CONTRA
1027 90 1170 119 JUDAEOS
1190 90 1292 118 LIBER
1310 90 1343 119 11.

1680 92 1733 121 850

100 160 142 188 vel
156 158 281 194 mystice,
294 156 342 184 sed
353 155 433 183 etiam
443 153 593 186 moraiiter,
603 152 666 188 quid
681 152 707 179 in
719 151 885 187 unumquod-
900 154 924 184 Α
937 155 989 183 est,
1002 150 1063 185 quia
1077 150 1185 177 credidit
1199 148 1264 183 Deo,
1275 154 1302 177 at
1314 153 1459 186 reputatum
1473 154 1510 176 est
1523 149 1547 176 ei
1556 149 1591 177 act
1600 150 1732 186 justitiam

99 213 150 241 que
164 211 259 240 gerere
273 202 368 230 debeat
380 199 516 227 edocetur.

134 250 160 278 5.
178 249 253 278 Unde
275 251 302 275 et
315 253 387 278 arca,
402 251 462 279 quae
474 242 679 271 construebatur
693 250 708 269 a
731 243 799 276 Noe,
814 243 887 270 bica-

98 301 198 326 merata
212 300 240 323 et
260 293 428 321 tricamerata
444 290 502 318 lieri
525 290 634 325 jubetur
648 290 719 324 quod
743 290 811 317 intra
836 291 886 317 Ec-

97 341 206 370 clesiam
228 337 315 366 omnis
329 337 395 372 legis
410 336 532 369 materia,
548 340 575 362 ot
599 335 711 362 historia
734 335 822 362 locum
838 335 886 362 lia-

97 388 168 419 beat,
192 388 219 413 et
234 384 375 419 mysticum
397 389 504 410 sensum
530 380 650 415 recipiat,
667 385 694 407 et
721 380 886 407 informatio-

96 440 156 461 nem
171 437 274 458 morum
289 429 436 456 contineat.
461 428 490 454 ln
515 428 649 462 parabolis
663 428 735 455 enim
757 432 784 454 et
803 427 886 462 aenig-

95 477 212 506 matibus
225 477 323 509 scripta
340 478 381 501 est
403 474 455 506 lex,
471 478 498 500 et
514 473 578 508 ipsae
597 473 729 507 parabolae
751 478 778 500 vt
793 480 887 507 propo-

92 522 214 550 sitiones.
230 521 298 548 ilinc
311 523 354 547 est
368 519 437 554 quod
450 519 550 547 ludaeis
560 515 666 546 obtecta
681 523 709 546 et
722 519 811 545 clausa
823 522 886 545 sunt

92 567 180 595 onmia
199 576 206 599 ;
222 568 265 601 qui
289 566 340 593 nisi
362 566 536 598 crediderint,
560 565 594 592 ad
616 572 707 592 eorum
733 565 884 599 intelligen*

93 613 156 641 tiam
173 611 314 648 pervenire
332 618 385 638 non
400 615 522 645 possunt.

376 657 489 684 CAPUT
510 655 580 683 XXI.

145 705 212 738 Quia
226 703 415 731 Testamentum
429 703 492 738 legis
503 702 590 729 Judoei
601 710 651 729 non
664 701 819 737 intelliyunt.

126 751 152 778 1.
181 750 289 784 Signata
312 749 382 776 enim
399 749 499 776 habent
525 748 575 775 ista
600 747 690 775 omnia
716 753 883 774 sacramenta

89 797 306 832 Scripturarum‚
336 800 362 822 et
387 795 511 829 ignorant
534 794 605 829 quod
644 794 734 828 legunt
756 801 763 819 :
793 794 884 828 legunt

89 845 187 879 quippe
199 844 298 876 omnia,
312 849 338 870 et
354 851 406 870 non
422 842 586 876 intelligunt,
602 842 671 869 sicut
685 842 719 869 de
732 842 770 869 cis
786 842 883 869 cet-init
898 833 922 862 Β

89 891 256 918 Dominusad
271 891 429 925 proplietam
444 898 471 916 :i
487 890 559 922 Dic,›
571 890 667 924 inquit,
679 898 687 914 i
702 889 879 923 populobuic‚

88 939 227 966 auditione
243 938 370 971 audietis,
399 942 428 964 et
441 945 494 964 non
520 936 672 971 intelligetis
689 944 696 969 ;
713 941 740 963 et
764 943 881 963 cernen-

88 990 128 1012 tes
153 986 289 1017 videbitis,
312 989 338 1011 et
354 991 407 1011 non
422 983 515 1010 scietis
531 992 538 1015 ;
559 983 738 1010 incrassatum
753 988 794 1009 est
809 982 879 1009 enim

87 1039 133 1058 cor
149 1030 237 1065 populi
253 1030 329 1064 liuius
352 1029 427 1063 (lsai.
445 1036 480 1061 vi,
502 1028 547 1063 9).
562 1037 571 1053 t
592 1029 624 1054 Et
639 1027 735 1055 iterum
751 1035 758 1053 :
776 1036 785 1053 t
800 1027 882 1054 Auie-

88 1083 128 1105 ret
151 1077 280 1104 Dominus
292 1084 306 1103 a
334 1075 412 1108 Juda,
437 1080 464 1102 et
489 1082 503 1102 a
526 1074 675 1102 Jerusalem
700 1074 827 1106 validum,
854 1078 882 1101 et

88 1125 193 1156 sortem,
218 1123 348 1158 judicem,
376 1126 403 1149 et
419 1122 577 1157 prophetam
589 1142 595 1154 ‚
620 1126 648 1148 et
671 1121 819 1154 sapientem
848 1120 882 1148 de

88 1171 258 1203 architectis,
285 1174 312 1197 et
337 1169 495 1204 prudentem
520 1167 621 1203 eloquii
649 1167 754 1202 mystici
796 1166 863 1201 (lsai
872 1187 880 1194 .

91 1224 133 1249 111,
151 1217 196 1251 1).
215 1226 224 1242 ι

121 1263 147 1290 2.
174 1263 236 1290 iiaec
262 1262 361 1298 quippe
384 1264 480 1289 cuncta
503 1259 614 1286 abstulit
638 1258 671 1286 ab
685 1258 726 1286 eis
751 1258 831 1290 Deus,
854 1262 882 1285 et

85 1310 200 1346 signavit
223 1309 276 1336 illis
288 1308 377 1336 omnia
392 1310 559 1334 sacramenta
573 1306 650 1340 juxta
666 1304 791 1332 duritiam
817 1311 879 1331 cor-

84 1356 125 1382 dis
139 1363 241 1386 eorum,
260 1362 293 1381 ne
306 1354 375 1381 sorte
390 1353 551 1386 intelligant.
567 1351 662 1378 eodem
679 1350 745 1378 lsaia
762 1354 877 1378 testante

84 1403 117 1429 de
132 1396 214 1436 ipsis:
234 1410 243 1426 ι
259 1401 290 1428 Et
301 1401 361 1434 erit,
378 1409 387 1425 ι
405 1399 518 1434 inquit,‹
538 1397 613 1425 vobis
624 1398 700 1429 visio,
713 1398 784 1424 sicut
795 1396 876 1423 verba

82 1448 144 1476 libri
168 1446 276 1482 signati,
301 1454 380 1481 quem
405 1453 465 1472 cum
490 1444 615 1471 dederint
638 1443 734 1470 scienti
758 1443 874 1476 litteras,

82 1494 193 1522 dicent:
210 1493 281 1528 Lege
305 1492 388 1524 istud,
413 1495 440 1518 et
454 1489 647 1524 respondebit:
672 1489 729 1516 Non
753 1497 873 1523 possum,

82 1541 214 1574 signatum
229 1543 269 1566 est
288 1538 359 1566 enim
385 1536 462 1572 (Isui.
484 1544 559 1569 xxix,
578 1535 633 1570 tt).
660 1545 668 1561 ι
684 1534 737 1562 Sed
752 1535 815 1569 quid
831 1534 877 1562 ad-

82 1586 144 1622 iecit
159 1587 191 1613 dc
206 1585 350 1621 gentibus?
377 1584 410 1610 111
425 1583 481 1616 itta,
508 1583 604 1617 inquit,
620 1582 660 1609 die
683 1582 788 1607 audient
805 1581 877 1608 surdi

82 1632 154 1659 verba
166 1632 224 1658 libri
238 1632 326 1666 hujus,
341 1635 364 1657 et
380 1630 410 1656 de
426 1628 532 1655 tenebris
548 1633 570 1654 ct
586 1627 695 1662 caliqine
711 1626 778 1653 oculi
792 1634 875 1653 [ακο-

81 1686 138 1704 rum
152 1677 270 1704 videbunt
289 1676 383 1710 (totta,
398 1675 452 1710 18).
471 1683 481 1701 ι
495 1674 630 1701 Patefacta
645 1677 707 1701 sunt
719 1672 790 1700 enim
807 1673 874 1707 legis

83 1722 222 1758 mysteria.

118 1768 144 1795 5.
159 1768 258 1796 Judaeis
277 1774 341 1794 vero
356 1766 446 1794 clausa
459 1769 530 1797 sunt,
545 1765 615 1792 sicut
627 1769 654 1792 et
670 1764 762 1792 Daniel
784 1765 849 1792 dicit
863 1772 872 1794 ;

82 1813 175 1841 clausa
190 1817 260 1847 sunt,
276 1813 416 1847 signatique
427 1819 552 1838 terniones
566 1819 644 1846 usqne
658 1812 690 1837 ad
707 1815 802 1845 tempus
814 1818 874 1837 con-

83 1859 269 1892 summationis,
283 1867 412 1894 quousque
426 1858 561 1885 addiscant
590 1857 668 1893 104
691 1857 774 1889 mutii,
788 1862 811 1884 et
825 1858 873 1883 im-

84 1907 182 1942 plesstur
197 1906 269 1938 visio,
294 1910 316 1932 et
331 1909 482 1940 coqnoscant
506 1903 591 1930 omnia
603 1903 656 1930 haec
672 1902 753 1938 (Dan.
769 1910 817 1930 xit.
832 1901 872 1936 9).

84 1951 149 1978 Nam
165 1952 234 1986 quod
249 1956 275 1978 et
290 1951 373 1986 Moysi
390 1951 472 1978 facies
495 1950 630 1977 velamine
644 1949 795 1984 tegebatur,
810 1948 873 1975 dum

85 1998 262 2027 descenderet
281 1998 315 2026 de
336 2004 427 2027 monte
442 2006 503 2026 cum
519 1998 627 2030 tabulis,
653 1997 679 2024 id
695 1997 874 2031 significabat,

85 2045 145 2079 quia
159 2049 214 2078 prae
237 2044 367 2071 caecitatis
379 2044 494 2079 caligine
508 2043 634 2071 Iudaicus
650 2043 765 2077 populus
790 2042 876 2076 legem

86 2091 172 2125 ipsam
187 2098 240 2117 non
257 2095 349 2125 posset
361 2098 518 2125 agnoscere,
531 2090 593 2117 dum
607 2090 678 2116 enim
694 2089 789 2123 legitur
804 2088 876 2124 Moy-

85 2142 139 2170 ses,
157 2136 276 2164 velamen
291 2140 332 2163 cst
347 2136 462 2170 positum
483 2142 562 2170 super
577 2143 624 2163 cor
636 2142 740 2163 eorum.

369 2193 482 2221 CAPUT
503 2193 585 2220 xxti.

88 2237 163 2271 Quod
177 2237 274 2270 ludaei,
289 2238 339 2265 nisi
352 2238 454 2264 credant
474 2237 500 2276 in
515 2237 655 2272 Christum,
670 2245 722 2264 non
734 2237 876 2272 intelligent

396 2273 556 2308 Scripturas.

124 2318 152 2346 1.
163 2317 254 2354 Neque
265 2320 337 2347 enim
354 2323 465 2352 possunt
483 2319 567 2353 legem
583 2323 610 2346 et
622 2318 766 2353 prophetas
780 2318 879 2346 intelli·

89 2371 163 2400 gere,
188 2365 239 2391 nisi
264 2370 327 2392 ante
342 2365 368 2392 in
392 2365 527 2392 Christum
552 2365 726 2397 crediderint,
751 2365 879 2399 loquente

90 2410 175 2438 lsaia:
188 2409 219 2438 Si
232 2419 283 2439 ntm
297 2412 464 2446 credideritis,
476 2420 528 2439 non
543 2412 701 2448 ititelliqetis,·
711 2413 798 2448 justus
811 2413 879 2440 enim

91 2463 123 2484 a
137 2455 188 2491 fide
208 2464 264 2484 mea
275 2457 348 2490 vivet,
371 2459 408 2486 ait
432 2459 558 2487 Dominus
572 2467 620 2494 per
635 2459 794 2494 proplietam
810 2459 879 2495 (Ba-

90 2501 148 2528 tuac.
164 2508 195 2535 n,
210 2499 247 2536 t)
258 2520 266 2528 .
281 2501 358 2531 Unde
369 2506 399 2530 et
411 2503 545 2532 Abrabam
561 2509 638 2540 pater
651 2505 772 2540 gentium
792 2505 879 2532 tactus

127 2581 153 2608 ³.
172 2581 224 2615 ΑΙ..
239 2583 448 2616 constituebatur.
462 2592 512 2619 pro
526 2585 730 2614 construebatur.
746 2586 879 2614 stomata

57 2648 59 2650 ¹
92 2617 155 2653 legis
169 2618 300 2652 mysteria.
314 2621 337 2644 et
347 2617 463 2647 historia.
475 2619 548 2648 Eut.

125 2651 188 2680 Car.
215 2659 270 2679 xxi.
286 2652 318 2679 N.
335 2653 362 2680 1.
377 2654 431 2685 ΑΙ..
445 2654 567 2682 munem
591 2660 734 2684 cernentes.
754 2656 787 2684 Et
809 2663 873 2684 mox

92 2687 216 2720 sentietis,
231 2695 279 2723 pro
292 2688 388 2729 scietis.
402 2688 474 2716 En.
536 2706 539 2709 -

92 2721 230 2786 ...taeta
243 2723 470 2795 ’ξ’ἒῗῖῖεηᾶἴὶῗ
476 2723 828 2794 &afflatam
843 2725 877 2754 '³‘

127 2778 303 2822 monam.
329 2780 532 2823 mnia·
595 2796 602 2802 ·
656 2779 666 2790 “
738 2780 802 2826 t'nv
865 2811 879 2818 -

93 2828 132 2854 te.
145 2827 230 2856 Διιν.
305 2813 315 2828 ⁹
486 2814 496 2830 ⁹
507 2801 662 2832 ”am
684 2801 716 2824 m
804 2796 865 2833 ωδ·

11 2965 67 3016 ³2

8 3003 17 3016 Ι

940 195 1017 228 (Gen.
1034 203 1077 229 xv,
1091 195 1108 222 6
1121 196 1140 228 ).
1156 194 1203 222 isti
1213 199 1302 222 autem
1316 194 1439 230 quamvis
1452 194 1538 230 legem
1548 199 1576 222 et
1589 196 1733 230 prophetas

940 246 1060 273 teneant,
1085 246 1242 268 tamennon
1266 245 1310 269 est
1333 240 1526 276 indulgendum
1553 242 1601 275 eis,
1616 242 1731 270 Jeremia

940 292 1053 315 testante
1065 296 1071 313 ε
1090 296 1101 313 ι
1113 287 1146 314 Ει
1156 287 1222 314 dixit
1235 286 1364 314 Dominus
1373 287 1406 313 ad
1419 294 1462 314 mc
1477 295 1484 314 :
1497 286 1525 314 Si
1540 288 1646 315 steterit
1659 287 1734 324 floy-

938 342 993 370 ses‚
1017 338 1044 361 et
1065 334 1173 362 Samuel
1187 341 1279 362 coram
1294 341 1348 366 me,
1374 340 1428 360 non
1450 338 1494 360 est
1514 333 1602 361 anima
1619 342 1678 362 mea
1699 336 1733 363 ad

939 378 1066 412 populum
1080 379 1173 410 istuin;
1186 379 1253 412 ejice
1263 378 1324 406 illos
1334 386 1350 405 a
1360 377 1430 405 facie
1441 386 1512 411 mea,
1523 383 1550 406 et
1560 380 1734 414 egrediantur

939 425 1046 461 (Jerem.
1061 433 1105 458 xv,
1121 425 1165 460 1).
1185 434 1194 450 ι

971 471 999 497 2.
1016 470 1065 497 Per
1080 470 1189 504 Moysen
1203 469 1302 504 quippe
1313 469 1368 501 lex,
1383 476 1430 504 per
1447 469 1602 497 Samuelem
1618 472 1733 505 propbe-

938 522 971 544 ιιι
985 517 1179 550 intelliguntur.
1191 515 1265 548 Quos
1279 515 1403 548 quamvis
1418 514 1503 542 Judaei
1515 514 1641 544 babeant,
1653 524 1733 551 prop.

937 567 978 589 ter
992 562 1092 589 erroris
1116 565 1204 588 tamen
1228 561 1393 595 impietatem
1419 560 1533 595 projecti
1557 567 1629 587 sunt.
1646 562 1732 596 Opera

938 607 1008 634 cuim
1035 615 1128 634 eorum
1156 611 1183 633 ct
1203 605 1305 640 justitia
1329 606 1387 632 sine
1411 606 1465 633 tide
1477 606 1577 633 Christi
1602 607 1667 633 nibil
1694 608 1733 634 cis

938 655 1057 688 prodest,
1080 657 1195 681 testante
1219 652 1331 679 Domino
1348 659 1394 687 per
1419 652 1564 680 jeremiam
1580 661 1586 680 :
1602 653 1669 685 Quia
1685 654 1733 678 mei

937 701 1029 727 oblitus
1052 709 1087 731 es.
1114 708 1170 727 ecce
1196 708 1241 734 eqo
1266 699 1425 726 annuntiabo
1446 699 1576 734 justitium
1602 704 1682 732 tuam,
1710 704 1733 725 et

936 755 1013 782 opera
1029 751 1073 773 tua
1087 754 1138 773 non
1154 746 1292 779 proderunt
1310 745 1354 771 tibi
1372 744 1450 780 (lsai.
1467 752 1532 778 ιιίι,
1555 744 1610 779 12).

1221 790 1335 818 CAPUT
1357 790 1451 817 xxttt.

1028 838 1102 871 Quod
1116 839 1167 864 duo
1181 837 1343 864 Testamenta
1357 846 1373 863 a
1390 837 1443 864 Deo
1458 841 1518 864 sunt
1534 836 1639 863 tradita.

968 886 996 926 1.
1018 886 1071 914 Sed
1083 886 1208 919 quoniam
1225 885 1278 912 duo
1293 885 1475 916 Testamenta,
1498 887 1598 911 Novum
1610 894 1637 911 >-
1659 885 1731 912 scili·

934 938 1021 973 cet-5,
1037 938 1064 960 et
1089 933 1171 959 Vetus
1196 932 1230 958 ab
1255 934 1439 966 omnipotente
1464 932 1519 958 Deo
1534 936 1597 958 sunt
1619 931 1730 965 tradita,

933 980 1063 1008 Salomon
1079 981 1106 1007 in
1130 980 1248 1008 Canticis
1262 982 1426 1007 canticorum
1446 980 1522 1015 105
1542 980 1660 1007 declarat
1674 988 1681 1006 ε
1697 979 1731 1007 In

933 1027 1018 1059 {arinis
1033 1029 1127 1054 nostris
1143 1029 1229 1053 onmia
1244 1035 1319 1060 poma
1332 1034 1396 1053 nora
1410 1031 1430 1052 et
1445 1031 1537 1058 vetera,
1553 1027 1636 1061 frater
1647 1035 1730 1062 meuc,

934 1073 1029 1099 servam·
1041 1073 1085 1099 tibi
1110 1072 1198 1107 (Cant,
1214 1079 1261 1103 vit,
1279 1072 1335 1106 15).
1362 1071 1399 1098 De
1412 1072 1508 1105 quibus
1523 1076 1550 1097 et
1563 1071 1690 1099 Dominus
1703 1073 1731 1100 in

935 1119 1079 1154 Evangelio
1092 1119 1157 1146 dixit
1176 1128 1182 1145 ε
1198 1119 1288 1146 Simile
1303 1123 1339 1145 est
1360 1126 1467 1153 reanum
1481 1118 1605 1145 coeloram
1621 1120 1729 1153 patrifa-

934 1165 1028 1197 milias,
1054 1167 1097 1200 qai
1122 1166 1220 1201 profert
1246 1167 1276 1193 de
1296 1167 1413 1193 thesauro
1437 1174 1483 1192 suo
1508 1174 1572 1192 noua
1599 1170 1623 1191 et
1646 1172 1730 1193 vetera

934 1213 1043 1248 (Matth.
1062 1220 1120 1245 xiii,
1143 1212 1199 1247 52).
1217 1213 1251 1239 Et
1265 1213 1317 1239 alio
1330 1213 1476 1246 Scriptura:
1501 1211 1560 1238 loco
1582 1211 1616 1238 ita
1633 1218 1728 1246 repro·

934 1260 1016 1287 mittit
1041 1260 1131 1286 Deus:
1149 1258 1233 1291 Dabo,
1260 1259 1356 1293 inquit,
1380 1259 1448 1285 vobis
1469 1258 1581 1293 pluriam
1602 1263 1729 1295 ternppra-

934 1313 1017 1338 neam,
1034 1310 1058 1331 et
1072 1305 1221 1336 serotinam,
1249 1304 1330 1331 Vetus
1345 1304 1447 1331 scilicet
1472 1304 1684 1338 Testamentum,
1701 1310 1729 1333 et

931 1349 1046 1383 Novum,
1070 1354 1093 1376 et
1107 1355 1212 1383 utroque
1225 1349 1304 1376 imbre
1316 1358 1359 1377 vos
1371 1350 1482 1384 irriyabo
1509 1350 1598 1384 (Dent.
1615 1358 1652 1383 xi,
1671 1350 1727 1385 tt).

931 1397 1019 1424 lmber
1031 1397 1102 1423 enim
1115 1396 1236 1423 doctrina
1251 1396 1382 1431 accipitur
1397 1397 1640 1430 testamentorum,
1658 1399 1728 1426 unde

930 1448 971 1471 est
985 1443 1068 1470 iliud:
1091 1442 1270 1478 Exspectatur,
1291 1444 1356 1470 sicat
1382 1445 1478 1478 plavia,
1504 1453 1584 1471 sermo
1608 1453 1688 1473 meus.
1702 1451 1726 1473 et

930 1488 1043 1522 effundet
1055 1497 1132 1524 super
1144 1493 1239 1516 terram
1250 1490 1366 1517 imbrem.

1211 1534 1323 1561 CAPUT
1344 1535 1437 1562 xxiv.

931 1581 1007 1614 Quod
1021 1584 1182 1617 peccatorum
1197 1581 1311 1607 remissio
1327 1582 1414 1615 [utura
1429 1586 1484 1607 erat
1498 1589 1543 1616 per
1559 1582 1723 1616 baptismum.

965 1629 991 1655 1.
1012 1628 1088 1661 Quod
1103 1635 1150 1662 pet·
1163 1627 1326 1661 baptismum
1341 1631 1398 1654 crat
1414 1628 1534 1662 purgatio
1555 1634 1724 1661 peccatorum

927 1674 1026 1707 sutura,
1039 1682 1091 1700 non
1107 1681 1155 1708 per
1166 1673 1409 1705 circumcisionem,
1426 1681 1485 1708 quae
1501 1675 1625 1708 baptismi
1637 1674 1725 1704 tuerat

925 1721 1020 1752 torma,
1037 1719 1234 1754 Scripturarum
1250 1726 1328 1746 voces
1342 1719 1454 1753 idipsum
1471 1726 1562 1753 aperte
1573 1721 1722 1749 declarant.

928 1767 1009 1794 lsaias
1025 1766 1096 1794 enim
1112 1766 1229 1793 futurum
1244 1765 1368 1800 baptismi
1393 1766 1548 1800 mysterium
1569 1766 1607 1792 sic
1630 1768 1725 1801 prirci-

928 1813 1008 1840 ncbat
1025 1812 1089 1839 l'utui
1097 1812 1119 1839 is
1133 1811 1315 1844 credentibus,
1332 1811 1422 1838 dicens
1446 1819 1452 1837 :
1481 1811 1613 1838 Haurietis
1630 1821 1724 1846 aquam

929 1866 986 1884 cum
1000 1858 1093 1893 gaudio
1109 1858 1140 1884 de
1154 1857 1265 1892 sontibus
1279 1856 1422 1884 Salvatoria
1437 1856 1513 1891 (lsai.
1531 1865 1576 1889 xit,
1593 1858 1630 1891 5).
1660 1858 1726 1891 Qui·

929 1905 979 1932 bus
993 1904 1081 1931 verbis
1093 1904 1173 1930 etiam
1183 1904 1270 1937 ipsum
1280 1903 1445 1930 salvatorem
1454 1903 1571 1930 ostendit
1583 1904 1724 1938 propbeta,

930 1953 963 1980 de
977 1953 1052 1987 cujus
1069 1952 1184 1979 sontibus
1199 1959 1281 1985 aquas
1295 1950 1484 1985 purificationis
1507 1951 1635 1985 praedicat
1655 1951 1725 1977 bau-

928 2000 1046 2033 riendas,
1062 1999 1087 2026 id
1103 2003 1154 2029 est,
1170 1999 1204 2025 de
1221 1998 1338 2025 sontibus
1357 1997 1431 2025 lesu.
1455 1997 1511 2024 iioc
1526 1997 1597 2024 enim
1616 1997 1725 2025 nomine

930 2046 1102 2073 liebraeorum
1117 2046 1206 2079 lingua
1222 2045 1344 2072 Salvator
1358 2044 1525 2078 exprimitur.

965 2093 990 2119 9.
1014 2092 1089 2120 Unde
1103 2094 1196 2126 etipse
1210 2091 1344 2118 clamabat
1361 2099 1366 2116 :
1383 2089 1413 2117 Si
1432 2090 1489 2123 quis
1512 2089 1576 2121 sitit,
1591 2089 1675 2116 veniat
1690 2089 1724 2116 ad

931 2148 980 2172 me,
992 2146 1014 2166 et
1029 2139 1095 2166 bibat
1108 2137 1198 2172 (loun.
1215 2145 1261 2170 vit,
1276 2137 1333 2172 57).
1355 2135 1396 2163 Ad
1409 2135 1480 2170 quod
1496 2135 1621 2169 baptismi
1635 2142 1725 2162 saera·

932 2189 1049 2212 mentum
1068 2184 1137 2211 idem
1160 2184 1241 2211 isaias
1263 2182 1370 2210 Judaeos
1386 2186 1412 2209 et
1426 2187 1518 2217 gentes
1533 2182 1570 2208 iia
1584 2187 1723 2216 provocat,

930 2231 1038 2259 dicens:
1054 2230 1146 2256 ornnes
1161 2230 1272 2256 sitientes
1290 2229 1370 2256 venite
1383 2229 1417 2254 ad
1431 2236 1510 2263 aquas
1526 2227 1601 2262 (lsai.
1615 2235 1660 2260 ιν,
1683 2228 1724 2262 1).

930 2278 984 2306 Has
1002 2285 1085 2312 aquas
1098 2282 1125 2304 et
1138 2277 1210 2304 bunc
1225 2276 1324 2304 fontem
1340 2279 1367 2303 et
1380 2283 1426 2310 per
1440 2275 1543 2302 Joelem
1558 2274 1721 2307 praenuntia-

930 2324 974 2352 bat
987 2324 1102 2358 Spiritus
1114 2328 1233 2356 sanctus‚
1250 2322 1342 2350 dicens
1355 2330 1361 2349 :
1372 2320 1539 2348 Distillabunt
1554 2323 1650 2345 moritu
1662 2318 1725 2345 dut-

930 2372 1054 2404 cedinem,
1071 2375 1092 2397 et
1107 2370 1183 2397 cottes
1197 2371 1276 2404 fluent
1291 2369 1366 2401 lacte,
1382 2373 1405 2394 et
1420 2375 1466 2402 per
1476 2373 1562 2392 onmes
1576 2365 1642 2392 rivos
1653 2364 1726 2392 Iutta

931 2420 1003 2446 ibunt
1014 2425 1097 2451 aquoe,
1113 2421 1138 2444 et
1153 2418 1210 2451 [ons
1223 2416 1255 2443 de
1269 2416 1345 2442 domo
1358 2413 1462 2440 Domini
1476 2412 1630 2446 egredietur,
1652 2417 1675 2438 et
1689 2412 1726 2438 t'r-

930 2465 1022 2500 rigabit
1035 2465 1120 2491 orbem
1135 2467 1260 2489 terrarum
1275 2459 1353 2495 (1021.
1368 2467 1408 2492 ιιι,
1423 2458 1481 2493 18),
1497 2458 1524 2485 id
1543 2462 1595 2492 est,
1616 2457 1725 2486 univer·

930 2511 1037 2538 sitatem
1049 2510 1168 2537 omnium
1185 2508 1314 2544 gentium.

966 2587 1031 2615 Cn.
1045 2593 1109 2613 xxti.
1125 2584 1157 2611 N.
1173 2584 1186 2611 1
1206 2583 1262 2617 ΑΙ..
1276 2582 1387 2612 Christo.
1402 2580 1488 2615 proin
1499 2579 1640 2607 Christum.
1655 2578 1690 2606 Et
1702 2579 1726 2607 si

932 2631 983 2650 non
995 2620 1154 2649 credideritis
1166 2619 1241 2651 mitti,
1254 2625 1306 2645 non
1317 2617 1401 2644 intelli
1420 2616 1477 2642 etis.
1499 2614 1571 2643 ΜΑιι.

963 2659 990 2685 2.
1005 2658 1060 2690 At„
1077 2664 1128 2682 non
1139 2654 1280 2690 proderunt
1294 2653 1368 2680 mihi.
1413 2659 1458 2678 Αιι.

965 2694 1030 2720 th.
1047 2699 1122 2719 xxiii.
1137 2690 1170 2717 Ν.
1183 2691 1209 2718 t.
1232 2689 1289 2721 At..
1311 2688 1402 2716 dilecte
1420 2686 1466 2720 mi,
1490 2692 1540 2721 pro
1549 2684 1630 2721 [rator
1642 2692 1725 2714 meat.

931 2730 1032 2792 ΜἚᾸΡ.
1053 2769 1125 2790 xxiv.
1146 2760 1180 2788 N.
1200 2760 1229 2788 Ξ.
1249 2759 1307 2793 Al..
1336 2759 1378 2788 tac
1394 2763 1418 2788 ot
1441 2757 1502 2792 met.
1525 2762 1575 2793 pro
1593 2755 1725 2788 tacteulit

932 2801 1024 2835 fluent,
1035 2804 1083 2833 pro
1092 2797 1176 2826 ibunt.
1186 2796 1260 2826 un.

1007 2883 1058 2892 .,,,,
