1832 3016
141 182 192 208 307

667 181 696 209 s.
718 178 840 208 isinum
861 178 1084 211 insunt-:usis
1102 153 1256 214 iz'rtscorr

980 134 1084 143 --------
1085 139 1126 146 w

1718 189 1772 220 11118

140 241 213 267 lianc
236 239 389 273 sacrilegam
405 237 560 265 societatem
577 238 706 266 Dominus
726 238 849 265 Christus
876 237 924 265 illo
939 237 966 269 A
1013 240 1040 268 5.
1057 239 1132 270 Unde
1150 247 1178 271 et
1191 243 1288 271 merito
1308 243 1400 272 decem
1421 245 1510 273 verbis
1529 243 1640 282 tegenda
1665 239 1773 285 signari-

139 285 201 320 igne
215 283 354 315 comburit,
369 282 401 309 de
414 289 466 316 quo
481 282 508 309 in
519 282 665 319 Evangelio
679 284 718 310 ait
733 292 740 310 :
763 282 854 318 tynam
871 284 928 310 veni

138 331 235 356 mittere
249 329 274 354 in
289 333 380 354 terram
396 328 471 362 (Luc.
494 327 556 363 xn),
573 332 602 355 ut
617 329 743 362 quoniam
758 336 812 356 non
828 333 869 356 est
883 329 927 365 qui

136 382 165 401 se
180 373 325 400 abscondat
350 381 363 399 a
380 373 469 399 calore
484 373 541 407 ejus
553 394 560 405 ,
586 373 648 399 dum
672 374 697 400 in
721 381 783 401 eum
813 374 928 402 credunt

133 424 240 454 gentes,
265 419 326 453 igne
349 419 454 446 virtutis
478 419 537 454 ejus
552 419 683 446 diabolica
707 420 746 447 eis
773 420 857 448 torma
873 420 927 448 sol-

133 468 221 492 vatur.

168 512 195 538 7.
211 511 305 538 Totum
319 511 415 538 deinde
428 517 526 544 corpus
540 510 603 538 illud
613 511 815 546 comminuitur,
832 513 858 539 id
872 517 923 545 est,

133 557 167 583 ab
192 557 237 583 illa
262 557 339 583 malae
354 555 565 590 conspirationis
591 557 754 585 conflatione
781 558 924 585 discissum

130 603 213 629 verbo
224 603 343 629 veritatis
355 602 522 637 humiliatur,
537 607 564 630 et
578 599 772 631 comminutum
785 605 812 632 in
827 612 924 639 aquam

128 648 254 682 mittitur,
272 652 299 674 ut
315 655 361 675 cos
377 647 514 682 tsraetitae,
532 648 558 675 id
572 653 625 682 est,
643 649 782 684 Evangelii
795 649 924 684 praedica-

131 698 200 720 tores
215 701 247 720 ex
260 693 392 728 baptismo
410 693 436 720 in
449 701 496 720 sua
519 694 651 727 membra,
666 694 691 721 id
704 699 755 727 est,
771 695 798 722 in
810 695 924 722 domini-

128 747 188 766 cum
205 747 303 773 corpus
325 740 484 767 transierant
503 748 510 767 :
527 748 640 775 quorum
661 741 706 767 uui
724 741 922 776 israelitarum,

126 783 153 810 id
167 790 217 815 cst,
235 785 313 812 Petro
324 785 356 811 de
368 785 434 819 ipsis
444 785 570 820 gentibus
581 786 681 813 dictum
696 791 737 814 est.
751 787 790 814 sic
806 795 812 814 ε
835 786 923 814 Macra

126 835 148 856 et
161 831 286 857 manduca
300 831 366 865 (Act.
384 832 424 865 x).
438 831 466 858 Si
482 836 565 858 nancta
583 836 606 859 et
618 833 754 867 urendum,
771 841 853 868 quare
869 841 921 861 non

125 874 215 906 etiam,
234 875 337 902 concide
350 882 373 902 et
385 877 457 903 bibe?
472 877 508 903 ita
521 877 571 905 iste
589 878 688 906 vitulus
699 880 844 915 perignem
859 879 920 912 zeli,

125 924 151 946 ct
166 921 249 947 aciem
266 921 339 948 verbi
354 942 361 955 ,
385 927 412 949 et
426 930 522 957 aquam
538 923 684 958 baptismi,
710 925 745 952 ab
769 926 808 953 eis
831 925 918 960 potius
933 924 957 954 B
970 926 1110 962 Dominus,
1123 929 1322 964 jejunaverunt.

122 974 189 1001 quos
205 967 349 996 ahsorbere
364 969 512 996 conabatur
531 970 674 1004 absorptus
688 975 739 999 est.

349 1015 431 1050 388
448 1014 562 1044 CAPUT
581 1016 705 1045 xxxix.

310 1060 347 1087 De
359 1061 498 1095 intersectis
509 1062 588 1089 tribus
601 1062 723 1089 millibus.

158 1105 184 1131 1.
199 1104 275 1131 Nunc
289 1109 378 1132 autem
392 1107 453 1140 quid
471 1107 551 1134 etiam
568 1107 730 1143 propheticae
746 1107 917 1143 significatio-

123 1150 164 1177 nis
188 1150 311 1178 habuerit
331 1152 520 1186 requirendum
536 1157 587 1187 est,
611 1154 682 1188 quod
700 1162 732 1182 ex
748 1155 787 1182 eis
800 1156 898 1184 multus
909 1176 915 1188 ,

119 1195 163 1228 qui
181 1195 241 1228 sihi,
268 1197 378 1223 ahsente
398 1197 471 1231 ipso,
497 1198 597 1226 idolum
623 1200 834 1233 [abricaveraut‚
858 1202 916 1229 sine

121 1240 174 1267 ulla
191 1241 320 1275 cujusque
338 1244 542 1272 necessitudinis
556 1245 729 1274 distinctione
746 1246 827 1282 jussit
846 1247 914 1275 inte-

119 1286 192 1313 rimi.
209 1287 298 1314 Facile
315 1292 356 1315 est
376 1294 464 1316 autem
480 1295 506 1317 ιιι
523 1291 687 1325 intelligatur
703 1293 838 1320 huminum
855 1293 915 1320 illo-

120 1340 178 1359 rum
195 1333 402 1368 interemptione
425 1336 569 1370 significari
590 1337 714 1365 vitiorum
731 1340 822 1366 talium
841 1340 915 1368 inse-

119 1380 268 1411 cutionem,
282 1380 407 1414 qualibus
421 1381 453 1407 ad
466 1381 588 1408 eamdem
603 1383 781 1411 idololatriam
794 1385 914 1413 defluxe-

117 1430 196 1457 runt;
211 1426 234 1451 in
248 1426 310 1452 talia
320 1427 417 1461 quippe
428 1427 490 1454 vitia
501 1429 599 1456 srcvire
611 1436 659 1456 nos
669 1429 744 1464 jnbct
756 1433 911 1465 Apostolus,

115 1477 176 1496 cum
194 1470 255 1497 dicit
273 1480 279 1497 :
297 1471 454 1505 Mortificate
469 1474 580 1500 membra
598 1480 688 1509 vestra,
702 1484 758 1510 quoe
768 1482 912 1512 suntsuper

116 1521 221 1549 terram,
234 1518 438 1550 fornicationem,
454 1519 653 1553 immunditiam,
667 1522 806 1555 luxuriam,
818 1531 911 1550 concu-

114 1563 266 1597 piscentium
281 1563 390 1597 malam,
404 1569 428 1590 et
438 1566 583 1599 avaritiam,
599 1575 656 1601 quae
665 1573 702 1594 ert
719 1569 847 1596 idolorum
858 1578 911 1597 ser-

113 1605 178 1631 vitus
194 1605 304 1640 (Coloss.
321 1606 371 1641 tu).

149 1651 175 1677 2.
195 1651 232 1678 De
248 1656 324 1686 porta
338 1660 402 1680 vero
419 1661 502 1688 usque
528 1655 560 1682 ad
577 1660 679 1689 portam
702 1657 741 1684 ire
758 1663 799 1685 est
813 1666 827 1685 a
846 1659 909 1687 vitio

113 1703 197 1729 usque
209 1697 240 1723 ad
257 1697 359 1727 vitium,
376 1706 424 1732 pet·
438 1699 508 1733 quod
524 1701 555 1726 ad
573 1706 689 1728 mentem
706 1710 777 1730 mors
794 1704 908 1738 ingredi-

114 1745 167 1774 tur,
190 1750 249 1768 cum
265 1744 353 1777 gladio
379 1745 570 1779 increpationis
591 1747 753 1775 discurrere.
774 1749 826 1776 Sed
851 1750 907 1784 ipse

112 1795 240 1815 numerus
255 1789 335 1816 trium
356 1790 468 1817 millium
487 1791 689 1819 interfectorum
707 1793 837 1828 triplicem
853 1796 905 1823 ior-

112 1840 184 1859 1nam
201 1833 298 1860 indicat
315 1842 495 1868 peccatorum.
511 1836 598 1865 Omne
611 1839 682 1865 enim
700 1846 838 1873 per-catum
860 1846 907 1869 aut

111 1878 191 1912 tacto,
209 1883 255 1906 aut
268 1881 358 1913 verbo,
379 1886 425 1908 aut
437 1884 600 1918 cogitatione
614 1885 800 1913 committitur.

412 1927 524 1956 CAPUT
547 1930 600 1957 xt..

308 1972 347 2000 De
362 1975 532 2009 confractione
552 1977 707 2005 tabularum.

149 2017 175 2043 1.
191 2018 318 2046 Ascendit
334 2021 423 2054 itaque
438 2021 542 2056 Moyses
555 2022 643 2050 denuo
662 2024 687 2050 in
703 2029 833 2053 montem.
848 2026 902 2054 lte—

111 2068 224 2096 rumque
239 2064 284 2090 dat
309 2065 332 2091 ei
348 2065 420 2093 Deus
441 2066 526 2102 legem
542 2067 567 2094 in
582 2068 643 2095 aliis
658 2069 754 2097 tabulis
768 2071 801 2097 ad
818 2071 902 2099 instar

109 2108 229 2141 priorum
258 2111 387 2143 praecisis.
405 2111 457 2139 Sed
472 2113 533 2147 quid
558 2114 776 2147 significaverunt
799 2118 901 2147 eoedem

108 2153 216 2186 tabulae,
232 2162 297 2188 quas
325 2157 441 2189 primum
464 2165 478 2185 a
494 2158 607 2186 Domino
623 2160 727 2195 Moyses
741 2164 860 2198 accepit,
875 2169 902 2193 ct

106 2199 166 2226 sine
180 2206 252 2226 mera
271 2202 415 2236 confregit?

144 2244 170 2270 2.
193 2244 303 2271 Tabulae
319 2246 370 2272 111ae
393 2247 535 2282 imaginem
563 2250 783 2280 demonstrabant
807 2256 900 2288 priscae

107 2291 186 2326 'egis'
201 2298 254 2317 non
273 2296 331 2325 pos,
351 2292 460 2327 longum
484 2294 653 2323 intervallum
671 2304 721 2331 pm
733 2301 822 2334 populi
839 2308 901 2335 pec·
914 2294 941 2325 Ι)
954 2293 1032 2313 sona.
1058 2286 1116 2314 Jam
1132 2288 1230 2315 deinde
1243 2287 1270 2316 in
1286 2289 1461 2324 sequentibus
1471 2289 1559 2317 verbis
1579 2290 1640 2323 Dei,
1664 2291 1746 2325 futuri

106 2339 166 2362 cato
181 2336 323 2364 cessantis.
338 2337 405 2364 Atiae
419 2346 492 2372 vero,
507 2339 540 2366 ad
554 2340 639 2368 instar
652 2343 771 2376 priorum
782 2345 897 2374 iteratim

105 2381 208 2414 incisae,
221 2372 285 2409 Novi
298 2382 462 2412 Testamenti
477 2385 595 2415 habuere
606 2387 728 2422 liguram.
741 2390 824 2426 388
839 2392 898 2420 lstae

107 2432 161 2452 non
176 2426 344 2462 tranguntur,
366 2434 396 2457 ut
419 2431 629 2462 ostenderentur
641 2433 709 2462 Novi
733 2435 898 2466 Testamenti

105 2471 211 2507 eloquia
226 2481 411 2508 permansura.

137 2542 204 2570 Cn.
222 2551 313 2571 xxxix.
328 2543 361 2572 N.
377 2545 402 2573 1,
416 2545 494 2573 Nunc
508 2551 603 2582 autem,
617 2556 704 2583 usque
721 2550 755 2578 ad
769 2550 898 2581 idolorum

105 2579 222 2612 servitus,
234 2586 267 2606 ex
283 2587 319 2606 xit
333 2585 419 2608 contr.
433 2581 538 2616 rausi..
556 2591 616 2617 cap.
632 2585 677 2611 92.
693 2585 788 2614 Gmn„

140 2612 167 2639 2.
185 2614 309 2642 Nonnulli
326 2615 405 2648 Editi,
428 2624 551 2645 rtunrerur
563 2619 654 2654 viginti
675 2621 754 2648 trium
775 2621 897 2651 tuillium.

107 2647 195 2682 Atque
205 2649 241 2676 ita
253 2651 333 2686 ctiam
343 2650 461 2680 Grialius
473 2653 603 2687 ediderat.
614 2655 662 2683 sed
670 2659 791 2686 correxit
801 2658 899 2687 deiude

106 2689 229 2711 nutrieras
243 2685 320 2711 trium
331 2685 449 2719 mutium,
463 2687 535 2724 quod
550 2694 650 2717 rectum
661 2697 712 2724 est.
726 2691 813 2721 Artev.

141 2716 205 2746 Car.
220 2727 264 2747 xi..
278 2720 312 2748 N.
327 2722 354 2748 2.
379 2721 491 2750 Alboru.
520 2724 588 2751 cod.
607 2726 716 2755 exhibet
737 2727 897 2766 ostendetur,

106 2757 155 2785 pro
168 2754 371 2788 ostenderentur.
385 2761 413 2784 et
425 2765 458 2785 ex
471 2758 594 2794 originali
608 2759 713 2797 isidori,
728 2761 780 2801 Ιιορ
791 2767 851 2799 αἱ,
863 2771 900 2795 ex

103 2789 244 2816 vetustiori
258 2789 359 2818 Codice
373 2792 556 2822 ostenderetur.
572 2795 658 2824 Anu.
671 2799 673 2801 ’
795 2795 798 2802 ’

80 2843 84 2851 ,
143 2820 207 2851 cu.
225 2831 288 2852 ηιι.
303 2825 455 2867 masat·
468 2828 614 2861 enimam
654 2838 687 2871 ,r
712 2834 775 2869 aa·
787 2826 898 2864 cafit-

105 2836 762 2935 rectractaret-effla
770 2851 896 2939 a&

950 2736 999 2762 eu.
1014 2735 1038 2759 et
1048 2731 1196 2758 autumnitas
1206 2739 1223 2758 a
1237 2731 1339 2760 carino
1355 2738 1487 2770 suceptor
1518 2760 1520 2762 .
1633 2747 1635 2753 ι
1660 2734 1738 2771 §tin

952 2764 1467 2810 fanthasmata-Utrumquovyrni
1508 2793 1524 2803 ¹.
1579 2784 1611 2810 .·-‚
1638 2768 1679 2787 ·“”
1724 2790 1765 2810 ,ἡ

927 2850 931 2855 .
949 2797 1238 2875 ἰοιὲιέιυὲψιιὲᾞυμιε
1249 2800 1407 2846 butt-u
1506 2822 1510 2872 -γ
1528 2830 1576 2836 ..
1641 2820 1658 2857 ⁷2
1680 2815 1727 2861 [ξι

982 293 1035 321 tur,
1051 294 1141 325 utper
1154 292 1278 320 eumdem
1294 300 1436 321 numerum
1464 294 1547 330 ligura
1570 295 1659 324 crucis
1682 296 1772 332 expri-

979 340 1107 364 meretur.
1125 337 1208 371 nujus
1222 338 1293 366 euim
1310 338 1403 365 ior-mm
1418 339 1444 366 in
1460 339 1554 368 decern
1573 340 1595 368 X
1615 340 1702 370 littera
1717 339 1771 371 est.

979 381 1046 408 Nam
1061 387 1136 410 rento
1148 392 1202 411 uuo
1214 385 1291 419 apice
1306 392 1320 411 a
1335 392 1441 412 summo
1455 394 1538 421 usquc
1552 387 1585 414 ad
1598 388 1679 416 imum
1696 388 1771 418 ‹tuet-

979 430 1031 454 tur.
1055 427 1168 455 Rursum
1191 429 1243 456 alio
1269 437 1321 457 non
1345 430 1444 465 dispari
1467 439 1516 466 per
1535 435 1687 461 transversa
1709 434 1770 462 bra*

977 473 1099 501 chiorum
1115 475 1297 510 componitur.
1324 474 1400 503 Unde
1421 481 1448 504 ct
1473 478 1530 513 ipse
1548 478 1607 506 ait:
1631 479 1692 506 Non
1713 481 1770 507 veui

977 517 1058 553 leqem
1083 519 1198 553 solvere,
1219 520 1265 547 sed
1289 521 1396 555 impiere
1419 521 1524 558 (ΜαιιΙι.
1543 523 1581 559 v),
1606 524 1698 560 utique
1719 523 1769 561 per
1827 506 1832 544 Ῑ

978 564 1131 598 passionem
1147 565 1245 600 crucis,
1261 565 1337 601 cujus
1353 567 1440 602 imago
1455 568 1503 596 [uit
1518 569 1545 597 in
1558 570 1666 608 tabulis.

1270 631 1384 661 CAPUT
1404 633 1472 662 XL!-

1027 685 1068 714 De
1082 688 1253 723 quadraginta
1268 689 1355 718 diebus
1372 698 1436 726 quos
1447 692 1577 727 jejunavit
1597 693 1711 730 Moysen.

1013 744 1038 771 1.
1056 745 1125 779 Quid
1155 752 1243 775 antem
1271 747 1320 776 sibi
1352 749 1412 777 velit
1432 749 1503 785 quod
1529 751 1633 787 Moyses
1656 755 1768 788 quadra-

973 791 1046 825 ginta
1071 792 1164 820 dicbus
1185 794 1373 828 jejunaverit?
1400 795 1482 830 Cujus
1508 798 1621 826 actionis
1646 801 1766 835 quaedam

973 836 1056 872 figura
1073 842 1114 865 est
1138 838 1163 865 in
1180 838 1259 874 hujus
1275 841 1381 869 numeri
1396 840 1625 877 consideratione;
1650 846 1765 881 quadra-

973 884 1083 917 genario
1097 884 1168 912 enim
1195 893 1307 914 numero
1333 891 1359 914 et
1374 887 1495 923 Moyses,
1521 893 1548 916 et
1568 889 1650 923 Elias.
1667 884 1765 928 et‘ipse

1007 974 1034 1001 2.
1052 975 1291 1010 Praecipiturenim
1307 978 1383 1006 nobis
1398 987 1431 1007 ex
1447 980 1505 1016 lege
1522 985 1550 1009 et
1566 983 1713 1017 prophetis,
1737 988 1765 1012 et

971 1028 1003 1048 ex
1017 1021 1075 1055 ipso
1087 1022 1242 1057 Evangelio,
1258 1024 1329 1058 quod
1347 1026 1527 1054 testimonium
1544 1028 1624 1057 habet
1639 1037 1654 1056 a
1668 1030 1724 1066 lege
1737 1036 1764 1058 et
1808 1011 1832 1068 'i

971 1066 1108 1101 prophetis
1125 1067 1206 1102 (unde
1221 1070 1300 1096 etiam
1317 1069 1343 1096 in
1359 1076 1449 1099 monte
1463 1072 1533 1100 inter
1550 1078 1688 1110 utramque
1704 1084 1763 1111 per·
1828 1077 1832 1083 '

970 1119 1064 1139 sonam
1081 1111 1185 1139 medius
1201 1113 1327 1141 Salvator
1342 1114 1467 1151 effulsit),
1492 1121 1547 1144 uta
1569 1119 1661 1147 mundi
1675 1120 1763 1150 illece-

969 1157 1026 1185 bris
1038 1158 1193 1186 aviditatern
1211 1163 1331 1187 nostram
1346 1164 1472 1196 tanquam
1484 1163 1588 1198 jejunio
1610 1170 1761 1201 temperan-

969 1203 1012 1230 tiae
1028 1204 1206 1237 refrenemus,
1223 1205 1339 1240 quandiu
1355 1207 1484 1241 perfectio
1500 1208 1624 1245 Decalogi
1636 1211 1700 1247 legis
1713 1221 1760 1246 pet·

969 1254 1085 1284 quatuor
1106 1251 1227 1284 eJusdem
1244 1253 1337 1280 mundi
1363 1258 1470 1287 partes,
1497 1254 1523 1282 id
1539 1261 1594 1289 est,
1617 1260 1673 1285 toto
1697 1260 1761 1288 orbe

966 1297 1138 1331 praedicatur,
1162 1303 1191 1325 ut
1211 1298 1306 1326 decem
1323 1304 1416 1335 quater
1429 1301 1507 1329 ducta
1522 1302 1760 1340 quadragenarium

967 1350 1108 1370 numerum
1123 1345 1241 1379 signent.

1253 1401 1367 1431 CAPUT
1382 1403 1460 1432 tht.

966 1454 1042 1488 Quod
1056 1455 1181 1484 Dominus
1194 1456 1262 1485 Deus
1273 1459 1338 1520 dix-Z
1353 1460 1386 1521 (ἑά
1398 1460 1513 1496 Moysem
1522 1469 1532 1489 .·
1544 1461 1691 1492 Posteriora
1703 1473 1759 1494 mea
1807 1459 1810 1478 3

1296 1502 1318 1520 vr
1340 1503 1352 1521 e
1371 1503 1404 1522 rs.

999 1547 1026 1574 1.
1042 1546 1117 1580 Quod
1133 1555 1197 1574 vero
1213 1548 1306 1582 petivit
1320 1550 1425 1585 Moyses
1440 1556 1468 1579 ut
1484 1553 1631 1582 claritatem
1652 1555 1756 1585 Domini

924 1610 947 1642 C
964 1592 1078 1626 videret,
1089 1593 1206 1622 dicens:
1224 1594 1255 1622 Si
1278 1596 1366 1624 inveni
1387 1599 1499 1633 qratiam
1514 1602 1584 1635 apud
1598 1607 1631 1635 te,
1654 1605 1757 1632 ostende

1828 1470 1832 1491 ι

1826 1506 1832 1525 t

1826 1548 1832 1571 1

1827 1579 1832 1601 1

1824 1607 1832 1629 1

962 1638 1025 1665 milti
1037 1643 1061 1666 te
1080 1640 1167 1674 ipsum
1188 1642 1336 1677 manifeste.
1358 1644 1469 1679 Accepit
1486 1648 1558 1673 enim
1582 1648 1608 1675 in
1630 1651 1755 1683 rraesenti
1825 1634 1832 1704 Ι

960 1691 1105 1719 congruum
1130 1693 1288 1720 responsum
1311 1690 1381 1723 quod
1402 1690 1500 1718 taciem
1526 1692 1633 1721 Domini
1660 1695 1752 1724 videre
1825 1705 1832 1742 ἕ

960 1737 1013 1756 non
1029 1736 1131 1765 posset,
1152 1739 1231 1766 quarn
1247 1741 1327 1760 nenio
1341 1735 1452 1768 videret,
1469 1741 1496 1764 et
1513 1737 1626 1765 viveret.
1826 1758 1832 1771 t

994 1776 1021 1803 2.
1034 1777 1102 1810 Quid
1116 1782 1159 1804 est
1174 1785 1237 1813 ergo
1252 1777 1356 1806 Faciem
1376 1789 1458 1809 meam
1478 1783 1563 1811 videre
1584 1792 1634 1811 mm
1649 1785 1751 1822 poteris,
1825 1783 1832 1833 Ξ

959 1821 1010 1849 nisi
1026 1824 1088 1857 qnia
1114 1823 1236 1858 quamvis
1261 1833 1345 1860 usque
1365 1828 1397 1853 ad
1423 1829 1583 1862 parilitatem
1604 1832 1752 1867 angelicam

958 1868 1076 1895 humana
1091 1869 1171 1896 etiam
1187 1875 1247 1904 post
1263 1873 1489 1901 resurrectionem
1502 1880 1598 1903 natura
1615 1876 1747 1910 proficiat,
1823 1869 1832 1911 l

957 1919 984 1942 et
998 1915 1031 1942 ad
1051 1917 1285 1951 contemplandum
1298 1918 1382 1946 Deum
1396 1919 1533 1948 indefessa·
1542 1921 1623 1957 390
1636 1929 1749 1951 consur·
1822 1913 1832 1972 ¹

956 1966 1011 1996 gat,
1028 1962 1119 1989 videre
1131 1966 1220 1990 tamen
1235 1964 1293 1998 ejus
1305 1965 1450 1993 essentiam
1473 1967 1552 2002 plene
1574 1975 1628 1996 non
1647 1976 1751 2004 praeva-
1822 1987 1832 2015 Ι

955 2006 1015 2034 let?
1034 2014 1113 2042 quam
1129 2015 1179 2035 nec
1207 2008 1264 2043 ipsa
1284 2008 1413 2045 perfectio
1427 2012 1548 2046 angelica
1572 2013 1600 2040 in
1625 2017 1680 2041 toto
1701 2014 1746 2051 ve!
1821 2017 1832 2070 ἦ

955 2053 1059 2089 integre
1072 2055 1178 2090 attingit
1190 2055 1271 2088 scire.
1284 2057 1431 2084 seeundum
1446 2058 1617 2094 Apostolum,
1631 2060 1675 2094 qui
1693 2059 1747 2092 ait:

954 2100 1013 2128 Pax
1021 2102 1079 2135 Dei,
1091 2111 1148 2138 quw
1158 2109 1291 2139 exsuperat
1301 2112 1401 2132 omnem
1412 2113 1512 2133 sensum
1520 2105 1650 2143 (Philipp.
1662 2107 1712 2143 tv),
1720 2111 1749 2136 ut

953 2149 1098 2177 subaudias
1113 2155 1140 2177 et
1153 2152 1319 2186 angelorum.

990 2195 1016 2222 5.
1033 2195 1096 2223 Sota
1110 2197 1182 2224 enim
1198 2197 1248 2224 sibi
1262 2197 1366 2233 integre
1381 2202 1444 2226 nota
1458 2202 1500 2227 cst
1514 2199 1643 2232 Trinitas.
1657 2204 1686 2228 et
1697 2200 1747 2228 hu-

952 2241 1074 2268 manitati
1090 2247 1234 2276 susceptoe,
1257 2251 1318 2277 qnae
1332 2244 1408 2271 tertia
1423 2248 1464 2272 est
1487 2244 1514 2271 in
1530 2245 1662 2280 Trinitate
1685 2253 1747 2281 per-

952 2331 1052 2360 Christi
1067 2333 1253 2368 Ecclesiaeque
1267 2334 1428 2369 mysterium
1441 2334 1582 2370 figuratum
1597 2339 1647 2364 est.
1662 2331 1742 2375 '321

951 2377 1186 2414 Gestavitquippe
1200 2376 1308 2413 Moyses
1324 2383 1416 2414 typum
1438 2379 1530 2414 populi
1544 2379 1695 2408 Judaeorum
1717 2382 1744 2410 in

950 2423 1085 2451 Christum
1101 2428 1194 2458 postea
1208 2423 1346 2452 credituri.
1363 2424 1427 2452 ideo
1437 2424 1475 2452 illi
1491 2424 1592 2454 dictum
1606 2430 1645 2454 est
1657 2435 1665 2455 z
1678 2425 1743 2466 Cum

947 2469 1085 2502 transiero.
1100 2470 1242 2504 posteriora
1255 2477 1311 2498 mea
1325 2469 1429 2499 videbis.

952 2563 1003 2590 qua
1018 2555 1138 2590 subsistit
1152 2555 1180 2584 in
1195 2563 1246 2582 una
1259 2563 1292 2584 ex
1313 2556 1397 2585 tribus
1410 2557 1542 2598 personis.
1566 2557 1639 2588 Sunt
1649 2546 1738 2597 afilem

954 2591 1011 2618 haec
1026 2591 1164 2626 (quantum
1180 2590 1348 2628 conjicimus)
1368 2592 1454 2620 (ἔται
1467 2593 1581 2635 alicuius
1594 2593 1740 2631 sumptori·

950 2626 1045 2666 verba.
1069 2626 1135 2667 Nam
1149 2630 1309 2668 repetuntur
1321 2628 1457 2668 paululum
1471 2632 1635 2662 mutuetur
1644 2632 1739 2664 utpote

951 2667 986 2728 ἐξ
997 2660 1709 2739 ‘iiiss‘ssirl'if‘§iiiiiillitd'iakfflrmqsffl'm
