1832 3016
45 83 99 113 0⁹³

624 83 670 112 ot:
688 84 831 114 NATURA
851 85 975 118 nutum
995 88 1111 118 Ltsstttt.

1645 102 1700 132 996

45 140 252 175 maritimorum,
268 140 400 177 siqnidem
426 140 539 169 echinus
555 144 707 176 ostreaequc
727 141 755 169 in
779 149 845 177 aug-
859 145 886 175 A
901 145 1003 173 umbrae
1015 150 1095 175 terrae
1104 149 1272 182 extenditur.
1289 150 1351 180 ideo
1361 154 1454 182 evenit
1465 162 1658 193 nonnunquam
1670 166 1700 189 ut

46 191 137 214 mento
157 186 227 214 lunae
250 186 385 222 pleniores
399 187 512 222 reperiri
527 186 662 214 l'eruntur.

311 232 365 268 33
381 231 497 259 CAPUT
511 232 571 260 XX.

319 276 359 304 De
379 277 469 310 eclipsi
495 277 568 305 solis.

84 323 109 351 l.
129 322 219 350 Solem
245 322 379 357 sapientes
399 322 492 349 dicunt
509 323 589 349 altius
605 330 734 357 currere.
753 324 843 352 lunam

45 374 132 397 autem
153 368 298 403 proximam
318 375 378 395 esse
393 373 482 396 terrae.
501 368 563 396 llaec
581 376 645 404 ergo
658 391 666 404 ‚
685 370 748 397 dum
762 370 843 397 deor-

44 423 103 442 sum
119 414 152 441 ad
171 413 241 441 idem
266 414 370 448 siguum
391 414 434 441 vel
459 414 556 441 lineam
580 423 631 449 qna
659 415 699 443 sol
726 415 841 449 vehitur,

45 461 219 492 convenerit,
237 460 331 496 objicit
345 469 375 489 se
389 461 460 496 soli,
476 466 504 489 et
524 462 647 489 tenebras
668 462 749 489 totius
769 462 843 490 orbis

44 507 135 536 ellicit.
161 507 238 540 Quod
261 512 365 535 tantum
388 508 596 536 intermenstruo
619 508 760 544 contingit.
776 508 842 536 Nam

43 557 107 580 tune
123 553 183 580 luna
199 554 225 580 in
239 555 334 581 eadem
351 558 428 589 parte
449 555 517 588 signi
533 558 574 582 est
594 562 646 589 qua
669 555 709 582 sol
725 554 841 587 vehitur,

44 599 159 635 ideoque
174 600 203 627 lit
218 600 255 627 illi
272 601 404 634 proxima,
421 605 448 627 et
463 601 636 635 oppositione
648 600 690 628 sni
704 601 842 628 obscurari

42 645 77 673 ab
99 645 184 672 oculis
207 647 306 673 nostris
327 646 418 673 lumen
440 646 499 679 ejus
512 646 621 673 videtur
637 655 642 672 :
660 646 741 674 veluti
756 646 778 673 si
793 646 843 674 ali-

44 691 104 725 quis
119 691 207 719 oculis
223 699 332 719 manum
348 699 494 726 expansam
507 696 634 726 opponat,
646 698 746 726 quanto
757 692 842 727 magis

41 736 69 766 id
81 737 187 771 fecerit,
203 746 236 765 eo
247 738 335 765 minus
350 738 394 765 illa
410 738 495 766 videri
509 738 621 772 poterit;
639 743 739 772 quanto
751 744 840 766 autem

42 784 138 819 procul
149 783 316 818 discesserit,
333 792 366 813 eo
382 784 466 819 magis
477 784 515 812 llll
529 785 619 812 omnia
633 790 780 820 potuerunt
794 793 841 821 ap-

41 837 146 866 parere.

76 877 104 904 2.
125 876 213 905 Simili
227 877 315 912 itaque
339 878 441 905 ratione
467 885 527 906 cum
554 879 587 905 ad
609 878 676 906 solis
695 878 783 906 locum
799 879 840 906 vel

43 922 141 950 lineam
157 923 218 950 luna
235 923 408 958 pervenerit,
428 928 492 952 tunc
507 925 629 959 proxima
647 925 672 952 ei
693 932 753 953 esse
766 925 841 952 vide·

43 975 95 1004 tur,
111 976 138 999 et
152 972 242 999 radios
255 972 313 1007 ejus
338 973 374 999 ita
396 979 486 999 coram
511 973 596 999 oculis
620 973 720 1000 nostris
745 973 842 1001 obscu—

40 1025 113 1051 rare,
128 1023 157 1045 ut
170 1019 261 1047 lumen
277 1027 331 1046 non
348 1019 453 1053 possint
468 1020 576 1054 ejicere.
590 1020 655 1047 Cum
671 1026 763 1049 autem
778 1021 840 1048 luna

39 1063 74 1091 ab
85 1071 118 1091 eo
133 1064 192 1091 loco
207 1065 364 1092 discesserit
377 1085 384 1097 ‚
402 1070 465 1092 tnnc
486 1066 526 1093 sol
541 1066 630 1094 lumen
648 1066 721 1100 ejicit
735 1088 742 1100 ,
765 1071 793 1094 et
807 1067 840 1094 ad

41 1110 134 1137 oculos
151 1116 257 1138 nostros
271 1111 443 1138 transmittit.
465 1111 634 1147 Quapropter
655 1113 691 1140 ita
707 1113 757 1140 soli
771 1113 842 1148 obji-

40 1155 110 1182 citur
125 1156 198 1190 luna,
212 1157 282 1184 sicut
298 1157 367 1184 lunae
382 1159 527 1192 opponitur
540 1162 609 1186 terra
623 1166 630 1191 ;
651 1166 712 1193 quae
728 1164 841 1194 utraque

44 1202 147 1230 lumina
159 1210 220 1230 cum
235 1204 269 1230 ad
286 1209 371 1231 terras
390 1212 442 1231 non
458 1205 620 1239 perveniunt
633 1225 640 1238 ‚
654 1205 786 1233 defecisse
800 1206 840 1234 di-

39 1254 148 1278 cuntur.
168 1250 220 1278 Alii
246 1254 335 1278 autem
359 1251 451 1278 dicunt
473 1251 608 1279 delectum
631 1252 695 1279 solis
723 1252 792 1285 lieri,
817 1253 840 1280 si

43 1295 163 1324 toramen
179 1297 250 1324 aeris
262 1317 270 1329 ,
284 1305 337 1332 quo
352 1297 393 1324 sol
407 1298 497 1325 radios
511 1297 597 1325 fundit
610 1318 617 1330 ,
641 1298 730 1333 aliquo
744 1290 839 1333 spiritu

41 1342 215 1370 contrahatur
229 1343 286 1370 sive
299 1343 450 1370 obturetur.
472 1343 529 1370 Hoc
542 1343 646 1378 physici
659 1349 687 1371 et
702 1345 839 1379 sapientes

37 1388 130 1416 mundi
144 1389 246 1416 dicunt.

71 1434 97 1461 5.
113 1434 246 1461 Caeterum
268 1434 394 1462 doctores
421 1435 506 1462 nostri
530 1435 641 1470 mystice
671 1435 750 1470 liujus
773 1437 835 1464 ecli-

36 1480 92 1516 psis
118 1481 276 1515 mysterium
300 1480 326 1508 in
349 1480 458 1508 Christo
483 1481 607 1509 dixerunt
630 1488 692 1509 esse
719 1483 837 1517 comple-

897 191 963 218 solis
981 192 1047 220 radii
1060 213 1068 227 ,
1084 193 1230 236 objiciente
1246 204 1277 226 se
1291 199 1364 227 mole
1381 204 1463 230 terrae
1475 202 1518 230 vel
1533 204 1628 233 umora
1640 226 1648 240 ,
1664 208 1699 235 ad

897 244 956 265 eam
971 246 1024 266 non
1036 242 1203 275 perveniant.

932 283 960 311 (Ξ.
977 284 1079 314 Patitur
1089 292 1178 315 autem
1189 288 1242 318 hoc
1252 291 1452 326 quintadecima
1467 295 1540 329 luna.
1557 305 1698 335 quousque

896 334 1018 358 centrum
1047 337 1127 367 atque
1152 335 1273 363 umbram
1297 338 1429 367 obstantis
1449 345 1528 369 terrae
1542 349 1636 378 exeat,
1657 345 1698 373 vi-

895 373 1012 409 deatque
1031 378 1116 405 solem
1133 380 1176 407 vel
1194 388 1209 407 a
1229 382 1287 409 sole
1312 383 1445 412 videatur.
1457 385 1569 415 Constat
1581 397 1646 425 ergo
1661 391 1699 418 lu-

895 426 958 446 nam
973 427 1006 447 ex
1021 422 1087 450 solis
1107 424 1190 451 radiis
1212 425 1302 454 lumen
1316 428 1439 463 accipere
1449 450 1457 462 ‚
1471 435 1499 458 et
1511 432 1574 460 dum
1589 434 1697 469 objectu

896 467 974 492 terra),
988 466 1073 494 solem
1088 475 1140 495 non
1152 472 1299 504 aspexerit,
1310 477 1372 501 tunc
1383 474 1473 503 lumen
1484 478 1617 507 amittere.
1629 480 1696 509 Nam

894 509 987 537 dicunt
998 511 1075 539 stoici
1090 520 1198 541 omnem
1211 520 1308 543 terram
1322 520 1460 547 montibus
1471 521 1571 556 claudi,
1583 532 1696 558 quorum

895 555 988 583 umbra
996 556 1082 585 sertor
1090 559 1151 586 luna
1160 560 1250 588 subito
1257 568 1310 589 non
1321 570 1462 598 apparere.
1471 566 1548 597 Unde
1555 569 1694 601 Lucanus:

989 611 1042 636 Jam
1055 613 1150 639 Phoebe
1162 618 1241 640 totum
1253 616 1319 642 trani
1332 625 1387 643 cum
1399 621 1517 648 redderet
1530 624 1616 650 orbern

989 643 1122 669 Terrarum
1134 647 1215 672 subita
1229 654 1346 678 percussa
1363 651 1483 682 expalluit
1496 655 1591 680 umbra.
1619 645 1626 657 '

929 685 958 712 5.
972 685 1132 721 figuraliter
1148 693 1237 716 autern
1259 698 1307 724 per
1322 691 1392 719 lunae
1414 693 1549 723 delectum
1565 697 1696 727 Ecclesiae

895 732 1095 765 persecutiones
1124 734 1309 769 intelliguntur
1333 737 1441 771 quando
1470 745 1617 776 martyrum
1643 751 1697 771 ειε-

893 776 973 804 dibus
995 782 1021 804 et
1047 777 1179 806 effusione
1205 781 1356 815 sanguinis,
1381 787 1507 819 tanquam
1524 785 1570 813 illo
1589 787 1696 816 delectu

857 838 882 868 B
895 826 922 849 et
937 822 1126 851 obscuratione
1137 845 1145 858 ‚
1157 825 1235 859 quasi
1249 831 1388 854 cruentam
1404 828 1501 856 taciem
1521 830 1584 857 luna
1602 837 1696 859 osten-

894 868 961 895 dere
978 869 1097 903 videtur,
1112 875 1139 897 ut
1155 878 1170 898 a
1186 872 1295 899 nomine
1311 872 1466 902 Christiano
1490 880 1640 905 terreantur
1655 879 1698 906 iu·

893 914 973 941 lirmi.
990 914 1044 942 Sed
1057 916 1127 943 sicut
1137 916 1188 943 ista
1200 921 1261 951 post
1272 918 1407 946 desectum
1422 921 1564 955 perspicua
1579 922 1696 952 illustra-

894 958 966 986 tione
981 959 1110 987 clarescit
1123 981 1130 992 ‚
1145 960 1215 988 adeo
1231 966 1260 988 ut
1274 962 1342 989 nihil
1357 963 1515 991 detrimenti
1528 966 1645 994 sensisse
1658 969 1696 994 vi-

892 1003 998 1035 deatur,
1021 1004 1056 1031 ita
1072 1005 1195 1032 Ecclesia
1209 1026 1216 1038 ‚
1232 1012 1373 1042 postquam
1397 1016 1446 1043 per
1461 1015 1610 1046 martyrum
1631 1020 1697 1040 con-

893 1047 1039 1076 fessionem
1064 1057 1143 1077 suum
1167 1058 1217 1090 pro
1248 1051 1358 1080 Christo
1386 1056 1547 1090 sanguinem
1575 1057 1674 1086 ruderit
1686 1079 1694 1092 ‚

892 1093 994 1128 majore
1006 1093 1067 1121 fidei
1081 1094 1203 1123 claritate
1214 1096 1338 1132 refulget,
1349 1102 1430 1134 atque
1442 1100 1583 1134 insigniori
1594 1102 1695 1131 lumine

892 1139 1018 1167 decorata
1033 1141 1208 1176 semetipsam
1224 1143 1304 1171 latius
1319 1145 1346 1171 in
1361 1150 1416 1172 ιοιο
1428 1147 1493 1174 orbe
1508 1147 1644 1177 diffundit.

1150 1200 1204 1236 35
1224 1201 1337 1229 CAPUT
1353 1201 1436 1230 XXll.

1146 1246 1187 1274 De
1201 1255 1280 1275 cursu
1294 1249 1436 1276 stellarum.

929 1291 954 1318 1.
972 1290 1065 1319 stellae
1090 1291 1197 1326 quidem
1218 1300 1278 1320 cuin
1303 1295 1406 1322 mundo
1436 1299 1577 1324 vertuntur
1589 1306 1597 1330 ;
1620 1307 1672 1326 non
1684 1320 1692 1332 ‚

890 1342 978 1365 stante
992 1338 1104 1371 mundo,
1121 1340 1206 1366 stellae
1217 1346 1292 1374 vagat
1304 1340 1436 1375 seruntur,
1449 1343 1570 1377 exceptis
1579 1343 1623 1372 his
1633 1353 1694 1380 quae

891 1386 1006 1420 planetae
1024 1392 1162 1420 vocantur,
1175 1387 1201 1414 id
1214 1393 1257 1416 est
1270 1394 1404 1422 errantes,
1422 1398 1482 1424 qoae
1493 1393 1568 1427 vagis
1583 1400 1694 1421 moven-

892 1435 935 1458 tur
950 1432 1102 1459 ordinibus.
1116 1432 1239 1467 Coeterae,
1255 1441 1315 1468 quae
1326 1435 1438 1469 aplanes
1449 1437 1628 1472 appellantur,
1640 1447 1694 1467 uuo

890 1477 950 1505 loeo
960 1478 1021 1505 lixae
1032 1486 1093 1506 curn
1106 1479 1207 1506 mundo
1221 1480 1377 1508 volvuntur.
1393 1481 1455 1509 ldeo
1466 1489 1555 1510 autem
1567 1484 1692 1518 planetae,

38 1529 93 1552 tum
117 1530 180 1553 tunc
203 1533 263 1553 cum
278 1547 286 1559 ,
315 1526 465 1561 interrupto
497 1527 590 1554 aeterni
622 1526 730 1554 soederis
754 1535 836 1555 cursu
850 1528 874 1560 C
890 1523 916 1550 id
931 1527 973 1550 8⁵²
986 1530 1110 1552 effflssless
1124 1524 1261 1559 dicuntur,
1278 1527 1339 1561 ΨΜ
1350 1535 1399 1562 Ρθῐ
1409 1533 1495 1556 ῑθῑῑΙΠΙ
1507 1530 1638 1559 mundum
1647 1539 1694 1560 Vt-

36 1572 148 1600 insolito
163 1593 171 1606 ‚
196 1573 301 1600 turbata
326 1573 448 1600 ordinem
468 1580 546 1600 suum
564 1572 698 1600 elementa
715 1574 838 1607 perdide-

37 1623 109 1651 runt,
125 1627 185 1647 cuin
197 1620 335 1654 sacrilegae
348 1620 446 1647 lactum
462 1620 657 1654 conjurationis
673 1619 712 1647 sol
725 1621 774 1647 iste
790 1629 837 1649 ve-

39 1674 88 1694 rus
101 1667 262 1694 horrescens
275 1686 283 1700 .
303 1667 410 1694 insertis
432 1667 458 1693 in
482 1667 580 1701 populo
591 1667 699 1701 judaico
713 1675 836 1695 errorum

38 1712 174 1745 tenebris,
187 1713 322 1747 paululum
337 1713 510 1747 semetipsum
526 1721 574 1747 per
590 1718 706 1740 mortem
722 1714 837 1741 abscon-

37 1758 87 1791 dit.
101 1766 132 1786 ac
143 1759 177 1786 de
188 1766 268 1786 cruce
283 1759 422 1794 depositus
435 1780 442 1792 ,
457 1766 518 1786 sese
540 1760 567 1786 in
591 1760 714 1794 sepulcro
729 1760 836 1787 abditus

35 1804 212 1836 obscuravit,
237 1807 325 1832 donec
347 1806 425 1833 tertia
451 1806 495 1833 die
515 1806 655 1840 augustior
673 1806 753 1833 solito
773 1806 836 1833 huic

36 1849 148 1882 mundo,
165 1850 191 1877 id
202 1855 243 1877 est
253 1850 387 1884 gentibus,
400 1850 531 1879 claritatis
543 1859 598 1879 suae
611 1851 755 1886 potentiam
767 1859 836 1886 prae-

35 1898 174 1928 sen'taret;
190 1903 221 1923 ac
237 1896 307 1923 sicut
320 1896 360 1923 sol
376 1897 402 1923 in
419 1896 517 1925 virtute
533 1905 581 1925 sua
596 1897 742 1933 refulgens,
760 1902 835 1926 tene-

36 1940 98 1968 bras
112 1941 196 1976 operti
212 1943 304 1969 saeculi
319 1942 493 1970 illuminaret.

291 1999 346 2035 34
365 2000 478 2028 CAPUT
499 2000 572 2028 XXl.

300 2045 340 2072 De
366 2045 436 2073 lunoe
463 2046 562 2082 eclipsi.

73 2091 100 2117 l.
122 2090 196 2118 Luna
215 2098 269 2119 non
296 2091 399 2123 delicit.
414 2092 463 2120 sed
478 2093 663 2126 obumbratur,
682 2100 731 2121 uec
751 2093 834 2121 dimi-

37 2136 178 2165 nutionem
203 2137 287 2165 sentit
310 2139 431 2172 corporis
442 2157 451 2171 ,
466 2138 513 2165 sed
526 2137 633 2172 objectu
649 2138 835 2166 obumbrantis

38 2182 116 2210 lerrae
131 2189 221 2210 casum
237 2183 336 2218 patitur
356 2183 476 2211 luminis.
498 2183 574 2211 lianc
593 2184 665 2211 enim
681 2184 834 2220 philosophi

890 1570 931 1597 rio
943 1575 1016 1597 motu
1031 1571 1199 1598 discurrunt.

924 1616 951 1642 2.
973 1615 1099 1643 Partibus
1119 1622 1209 1644 autem
1230 1617 1344 1646 diversis
1366 1618 1437 1647 inter
1451 1627 1481 1647 se
1499 1627 1643 1651 moventur
1655 1624 1692 1652 si-

889 1663 962 1690 dera.
981 1663 1046 1690 Nan·
1063 1663 1186 1698 quaedam
1204 1664 1344 1698 superius,
1366 1666 1488 1700 quaedam
1510 1667 1621 1696 inferius
1635 1678 1692 1698 cur-

889 1714 961 1736 runt.
986 1709 1062 1736 Unde
1085 1715 1112 1736 ct
1136 1710 1180 1736 illa
1206 1717 1266 1744 quae
1293 1711 1371 1738 terris
1399 1713 1589 1748 propinquiora
1616 1720 1691 1749 sunt,

889 1756 965 1789 quasi
990 1756 1094 1790 maiora
1120 1756 1197 1783 nobis
1213 1757 1337 1784 videntur
1360 1766 1439 1792 qnam
1465 1767 1496 1787 ea
1512 1768 1572 1795 quae
1588 1761 1690 1791 circum

889 1802 987 1830 coelum
1004 1803 1157 1839 volvuntur.
1174 1803 1380 1838 Longinquitate
1394 1805 1466 1833 enim
1481 1806 1601 1836 locorum
1617 1810 1690 1838 visus

890 1848 1051 1883 languescit.
1068 1848 1137 1876 ltine
1159 1849 1257 1876 accidit
1277 1854 1305 1876 ut
1327 1850 1468 1879 intervallo
1484 1851 1563 1888 longo
1577 1854 1646 1882 inter
1659 1863 1690 1883 se

889 1894 1048 1922 distantium
1062 1894 1236 1928 circulorum.
1262 1895 1313 1922 alia
1327 1896 1452 1931 celerius,
1471 1898 1523 1926 alia
1540 1900 1640 1928 tardius
1655 1902 1688 1929 ad

888 1949 984 1969 cursus
998 1943 1039 1968 sui
1053 1941 1194 1969 exordium
1209 1947 1387 1970 revertantur.

924 1989 952 2018 5.
966 1987 1033 2016 Nam
1049 1988 1171 2023 quaedam
1194 1988 1283 2016 sidera
1295 2009 1303 2023 ,
1329 1990 1444 2018 celerius
1468 1996 1580 2025 exorta,
1600 1993 1688 2021 serius

887 2035 1014 2063 occidere
1022 2035 1225 2068 existimantur3
1237 2036 1359 2070 quaedam
1371 2037 1462 2070 etiam,
1471 2037 1573 2066 tardius
1582 2041 1688 2068 caeteris

887 2087 992 2117 exorta,
1013 2082 1095 2110 citius
1111 2082 1145 2110 ad
1159 2089 1285 2110 occasum
1302 2085 1472 2118 perveniunt.
1484 2084 1610 2118 Quaedam
1623 2094 1688 2115 vero

887 2129 988 2164 pariter
998 2129 1130 2162 oriuntur,
1144 2134 1172 2157 et
1182 2137 1235 2157 non
1249 2130 1329 2157 simul
1340 2130 1477 2159 occidunt.
1489 2131 1584 2160 Omnia
1595 2139 1685 2162 autem

887 2184 937 2205 suo
947 2181 1068 2212 tempore
1078 2177 1111 2204 ad
1126 2184 1233 2204 cursum
1245 2178 1382 2212 proprium
1393 2182 1576 2206 revertuntur.
1593 2179 1686 2208 Radiis

35 2235 88 2257 non
102 2229 200 2257 habere
216 2229 308 2257 lumen
323 2230 459 2264 proprium
472 2248 481 2263 ,
497 2230 543 2257 sed
558 2229 680 2257 eamdem
696 2237 712 2257 a
726 2230 784 2258 sole
798 2231 832 2258 il-
847 2223 874 2252 D
886 2228 976 2251 ’luem
988 2223 1053 2250 ⁵⁰¹i⁵
1067 2223 1212 2258 Pfaepediffl
1225 2223 1326 2255 ‘idem-
1341 2228 1388 2251 ³¹¹²
1406 2224 1530 2251 ³¹¹⁰m²¹³
1545 2225 1621 2258 ⁶⁰⁰²»
1638 2231 1685 2254 ²⁸¹²

34 2276 160 2305 luminari
176 2277 325 2305 defendunt
338 2285 346 2311 ;
367 2282 394 2304 et
408 2278 467 2312 quia
483 2285 515 2305 ea
530 2278 698 2305 dimensione
718 2277 801 2305 distat
815 2286 830 2306 a

36 2323 103 2356 sole,
120 2327 148 2350 ut
160 2331 208 2357 per
219 2323 337 2351 mediam
352 2327 450 2350 terram
461 2323 483 2351 si
494 2323 558 2358 qnid
568 2323 700 2351 directum
714 2324 830 2358 trajicia-

34 2372 89 2402 tur,
103 2369 260 2402 contingere
275 2369 360 2402 possit
376 2369 461 2396 solem
481 2369 533 2396 sub
549 2374 662 2401 terram,
678 2369 769 2396 lunam
783 2377 831 2397 au-

35 2418 89 2442 tem
101 2421 182 2449 supra
193 2419 307 2448 terratn;
319 2420 347 2443 et
356 2414 418 2451 quia
429 2422 514 2450 usque
523 2415 557 2443 ad
567 2415 689 2444 lunarem
699 2416 828 2444 circulum

71 2478 141 2507 Ibid.
156 2479 278 2512 Echinus.
290 2485 438 2517 oureoeque,
452 2486 506 2510 etc.
519 2482 688 2515 Dracontius,
703 2482 756 2511 loc.
767 2484 826 2511 cit.;

97 2519 199 2545 Crescat
209 2523 236 2544 et
247 2519 365 2546 tnetusu-
373 2522 452 2552 capite
463 2529 544 2555 genus
554 2528 627 2547 omne
639 2523 747 2554 cerebri,

98 2550 128 2575 Et
137 2553 273 2575 minuantur
283 2557 364 2583 aque,
374 2551 432 2576 luna
443 2555 580 2584 minuente,
591 2553 724 2584 liquentes.

35 2586 116 2615 Plura
130 2587 165 2614 de
179 2586 222 2614 his
236 2586 291 2614 dixi
305 2587 332 2614 in
349 2593 422 2615 nota.
438 2588 526 2617 Ant-v.

70 2621 135 2650 Car.
150 2621 209 2649 XX.
224 2635 260 2644 -
273 2621 306 2649 N.
322 2622 348 2650 ¹.
366 2622 453 2650 Solem
465 2632 493 2651 sa
514 2625 589 2652 'enm
603 2625 725 2652 dicunt...
741 2630 827 2653 trans-

35 2657 123 2684 nn'uit.
137 2657 222 2684 Totus
241 2657 363 2684 locussex
384 2657 478 2692 Hygini
508 2659 554 2694 ib.!
564 2666 678 2695 tv.,cap.
692 2661 727 2688 de
742 2661 828 2689 Luna.

72 2692 142 2720 Ibid.
164 2692 215 2719 Pro
228 2692 327 2719 veum
340 2693 368 2720 in
383 2693 518 2721 nonnullis
532 2695 596 2722 Hes.
611 2694 652 2723 bis
672 2699 714 2723 est
732 2696 824 2731 scitur,

36 2731 65 2756 et
79 2729 191 2756 tortasse
206 2727 348 2762 legendum
363 2728 476 2755 vertitur.
491 2731 577 2757 Aur.

35 2774 37 2777 ·
71 2763 100 2790 2.
110 2763 142 2791 si·
153 2763 267 2798 [oramen
275 2763 354 2796 aeris.
361 2768 416 2791 etc.
422 2763 499 2797 Quod
509 2764 709 2794 Anaximandro
718 2764 826 2801 placuit·

17 2816 19 2823 ,
34 2796 174 2831 mutareh.
191 2805 209 2824 n
223 2797 256 2825 de
271 2797 366 2826 Placit.
383 2805 442 2833 cap.
457 2797 494 2826 20
506 2802 534 2827 et
545 2798 593 2827 st.

31 2840 46 2860 ς’
71 2831 137 2864 Ωιι».
150 2832 221 2864 ΧΧΙ.
236 2847 274 2857 -
286 2833 319 2863 N.
335 2834 364 2864 t.
382 2833 514 2873 Pleraque
525 2841 561 2864 ox
576 2834 638 2865 οοιι.
654 2835 752 2875 tinio.
766 2843 827 2876 rap.

885 2270 1052 2305 retrograda,
1068 2274 1115 2297 aut
1126 2270 1294 2298 stationaria.
1309 2270 1391 2298 Juxta
1407 2271 1479 2306 quod
1490 2275 1518 2299 et
1530 2276 1609 2306 poeta
1620 2280 1683 2301 me-

884 2316 971 2349 minit,
984 2315 1092 2343 dicens:

1103 2378 1213 2387 .....
1225 2361 1268 2386 Sol
1281 2365 1390 2392 tempora
1402 2362 1489 2386 dividit
1500 2362 1556 2392 aevi,

977 2392 1056 2417 Mum
1067 2395 1141 2416 nocte
1152 2392 1227 2420 diem,
1243 2392 1365 2420 radbsme
1378 2393 1520 2422 potentibus
1530 2396 1596 2417 astra

975 2423 1016 2448 lre
1030 2426 1112 2454 vetat,
1124 2429 1261 2454 cursusque
1273 2429 1348 2453 vagos
1357 2424 1462 2448 statione
1471 2428 1587 2448 moratur.

881 2484 915 2512 de
932 2484 1017 2512 Luna.

917 2520 945 2547 2.
962 2519 1032 2546 Nam
1042 2520 1130 2547 dicunt
1143 2520 1235 2547 Stoici.
1248 2519 1284 2547 lto
1300 2520 1364 2547 Mss.
1376 2528 1470 2548 omnes
1480 2529 1488 2554 ;
1500 2521 1614 2549 tuf-corici
1628 2522 1679 2550 lm-

883 2563 967 2590 presS.
986 2555 1104 2590 Hyginus
1125 2563 1134 2583 ι
1157 2555 1212 2582 Etsi
1223 2556 1341 2582 nonnulli
1353 2557 1473 2582 dixerunt
1486 2557 1513 2583 in
1527 2557 1589 2584 sotis
1600 2566 1677 2586 cursu

882 2591 990 2621 evenire,
1005 2595 1031 2617 ut
1047 2599 1104 2617 cum
1118 2591 1258 2625 peruenerit
1277 2591 1311 2617 nd
1324 2599 1382 2618 eum
1399 2591 1484 2618 locum
1498 2592 1541 2618 ubi
1559 2594 1675 2621 occidere

883 2627 994 2658 dicutur,
1011 2627 1045 2652 iln‘
1059 2627 1181 2652 montium
1195 2627 1370 2661 msyniutdine
1384 2635 1400 2653 a
1410 2627 1482 2654 nobis
1495 2626 1581 2655 lumen
1593 2630 1674 2656 auerti·

881 2663 954 2694 solis,
969 2666 993 2687 et
1007 2662 1044 2688 ita
1057 2666 1156 2688 noctem
1170 2661 1261 2689 videri.
1285 2661 1362 2695 Quod
1379 2663 1403 2689 si
1424 2664 1460 2690 ita
1479 2663 1509 2697 fit
1520 2682 1530 2697 ,
1555 2664 1675 2692 nimirum

880 2697 996 2732 eclipsim
1005 2697 1069 2723 solis
1084 2697 1167 2724 verius
1181 2705 1259 2731 quam
1270 2702 1368 2724 noctem
1380 2698 1504 2725 dicimus.-

916 2733 934 2760 5
959 2730 992 2758 Fi
1012 2732 1118 2759 urateter
1130 2737 1227 2759 autem.
1237 2733 1277 2760 Ex
1292 2735 1360 2768 Aug.
1373 2733 1399 2760 in
1412 2741 1452 2768 ps.
1466 2741 1494 2761 x.

915 2769 981 2794 cnr.
1022 2766 1078 2794 xlt.
1089 2780 1126 2788 --·
1138 2766 1172 2794 N.
1184 2767 1210 2795 l.
1227 2767 1316 2796 soeuoe
1326 2769 1431 2803 quidem
1446 2777 1504 2796 cnm
1514 2769 1610 2798 mundo
1621 2777 1676 2798 ser·-

880 2807 979 2831 tuntur.
993 2803 1019 2828 ιιι
1031 2803 1125 2836 probat
1137 2802 1256 2838 Hyginus
1266 2803 1332 2832 ibid.
1349 2803 1410 2833 vid.
1423 2804 1476 2834 nti.-
1483 2811 1514 2834 ιιι
1523 2805 1677 2846 mymotq.

854 2837 1112 2876 ·.aoep.6⁰usquo
1124 2838 1159 2867 ad
1171 2838 1215 2868 ⁷0.
1331 2861 1345 2867 ..
