1832 3016
63 160 137 191 ‘1⁰89

597 157 642 186 ot:
661 157 752 187 vinis
771 158 994 189 tLLtJSTRlsus
1014 161 1128 190 UBER-

1629 173 1696 202 ¹090

69 214 318 252 „ymipresbyteffi
335 212 412 250 155
421 220 481 248 quas
500 219 584 248 usque
602 213 680 241 hodic
695 214 721 241 in
736 214 856 242 Valentis
870 220 895 249 A
909 217 1058 252 multasque
1080 225 1141 246 cum
1167 219 1246 247 beato
1270 221 1412 258 Fulgentio
1437 226 1633 259 propositiones
1657 230 1698 257 al-

68 258 180 295 Augusti
199 260 338 293 imperium
356 258 426 286 edita
442 258 605 288 declaratur.
620 258 718 285 dehine
731 259 764 286 ab
788 267 859 287 anno

62 306 154 342 ¹primo
175 303 321 332 Theodosii
344 303 456 338 Augusti
481 311 566 337 usque
594 305 621 330 in
635 311 733 330 annum
755 304 859 340 imperii

67 351 164 382 Leonis
177 354 300 378 octavum
316 348 484 383 subjunctam
515 349 635 383 sequitur
658 349 806 385 historiam,
833 351 860 378 in

67 405 119 434 qua
152 396 235 431 magis
273 395 450 423 Barbararum
479 394 597 430 gentium
637 396 706 423 bella
741 397 860 424 crudelia

68 448 175 478 narrat,
200 450 260 478 quae
286 443 444 478 premebant
469 443 633 477 Hispaniam.
666 444 787 472 Decessit
811 445 861 472 sub

68 491 157 520 Leone
172 490 303 525 principe,
330 489 423 517 ultima
442 488 498 523 jam
524 496 593 524 pene
616 495 765 524 senectute,
792 490 861 519 sicut

68 536 147 566 etiam
160 535 325 571 praefationis
339 542 394 563 suat
410 535 610 563 demonstratur
625 536 732 564 indicio.

380 600 494 629 caput
514 601 549 628 x.
581 594 584 598 ’

105 651 149 678 12.
165 650 310 684 Eusebius,
327 650 488 678 Dorolitanae
509 650 583 677 urbis
603 651 754 685 episcopus.
772 650 820 678 ilic
835 652 861 678 in

69 701 140 726 eoetu
153 696 379 724 Chalcedonensis
398 696 504 723 concilii
520 696 785 723 contra-Dioscorum
807 696 862 723 hae-

69 743 181 771 relicum
192 742 381 769 Alexandrinae
394 742 468 769 urbis
481 743 634 776 episcopum
644 742 741 769 librum
756 742 859 774 obtulit,

68 796 101 816 ac
116 788 241 823 praesenti
259 788 362 823 synodo
382 795 475 815 omnes
497 788 616 816 Dioscori
632 796 739 815 errores
756 793 782 815 et
807 788 862 815 bla-

69 834 205 869 sphemias
226 833 357 861 recitavit.
380 833 455 860 hunc
475 833 545 860 euim
568 841 599 861 ac
619 838 740 861 sanetum
756 833 862 860 Flavia-

70 887 134 906 num
155 878 480 913 Constantinopolitanum
496 879 649 914 episcopum
666 879 736 906 idem
753 880 861 907 Diosco-

70 932 116 952 rus
135 925 160 951 in
178 924 315 959 Ephesina
331 924 448 951 secunda
475 925 578 959 synodo
605 926 861 952 excommunicatio-

70 969 113 996 nis
128 969 262 996 sententia
276 969 422 1003 deiecerat,
438 976 470 995 eo
484 970 554 1003 quod
576 977 623 1004 pro
644 971 793 1007 orthodoxa
811 971 861 998 [ide

69 1019 161 1042 contra
181 1015 296 1042 haeresin
315 1020 504 1049 repugnarent.
524 1015 598 1043 Unde
615 1021 706 1051 postea
722 1017 792 1044 idem
809 1018 862 1044 Eu-

69 1060 160 1087 sebius
188 1060 215 1086 in
249 1059 462 1087 Chalcedonensi
499 1061 601 1094 synodo
629 1061 861 1089 innumerabilium

69 1105 200 1133 malorum
224 1104 283 1139 ejus
305 1105 433 1137 crimina,
456 1106 497 1133 vel
522 1106 700 1141 blasphemias
723 1108 860 1142 detegens,

69 1150 247 1178 damnationis
272 1150 331 1184 ejus
355 1150 516 1177 seutentiam
542 1158 622 1186 super
645 1160 705 1179 eum
731 1160 745 1179 a
769 1157 862 1179 sancto

69 1196 184 1223 concilio
207 1195 381 1230 imprecatur,
397 1196 511 1229 scilicet,
530 1201 558 1223 ut
572 1197 641 1231 quod
656 1197 728 1232 juste
744 1198 788 1225 ille
804 1198 862 1225 aliis

70 1240 207 1273 intulerat,
219 1240 244 1267 in
256 1247 289 1267 eo
298 1240 370 1274 juste
381 1245 591 1274 retorqueretur.

373 1304 486 1333 CAPUT
513 1306 557 1333 Xl.

107 1351 150 1383 '15ss
157 1354 284 1387 Cerealis,
292 1355 501 1383 castellanensis
510 1356 637 1384 Ecclesia:
644 1358 795 1393 episeopus.
804 1359 860 1392 ilic,

71 1400 134 1429 dum
150 1401 220 1435 apud
237 1400 485 1435 Carthaginiensem
500 1402 597 1429 Airicae
611 1404 754 1437 provinciae
768 1406 860 1432 urbem

71 1445 200 1478 venisset,
223 1445 256 1473 de
278 1445 329 1473 nde
348 1451 448 1473 sanctae
464 1446 602 1474 Trinitatis
617 1455 676 1475 cum
690 1449 859 1483 Maximiano,

71 1490 284 1519 Ammonitarum
295 1491 431 1527 episcopo,
447 1498 619 1520 concertatus
633 1498 684 1526 est,
697 1495 862 1529 respondens

70 1537 296 1573 propositionibus
321 1538 390 1572 ejus,
412 1545 464 1566 non
486 1539 653 1574 eloquiorum
679 1542 860 1575 argumentis,

70 1585 118 1614 sed
141 1586 174 1613 de
202 1585 363 1613 testimoniis
393 1590 544 1613 sanctarum
572 1588 780 1622 scripturarum.
810 1589 898 1627 Ebc

70 1637 125 1661 stat
137 1633 188 1661 hoc
203 1633 289 1667 ipsum
304 1633 424 1668 eiusdem
440 1635 597 1669 opusculum
619 1644 714 1664 novem
730 1642 756 1664 et
768 1636 860 1664 decem

70 1680 275 1715 responsionum
290 1681 412 1715 capitulis
426 1681 625 1716 proesignatum.

368 1744 481 1773 CAPUT
501 1745 557 1773 Xll.

106 1796 148 1823 u.
163 1795 323 1827 Ferrandus,
337 1795 565 1830 Carthaginiensis
580 1795 705 1824 Ecclesia}
721 1797 860 1830 diaconus,

73 1839 154 1877 ιω
164 1841 274 1868 multum
289 1842 314 1868 in
328 1841 412 1868 sacris
428 1841 572 1875 scripturis
587 1841 709 1868 floruisse
721 1843 859 1875 asseritur,

71 1913 113 1948 tor
124 1906 291 1938 Priscilliani,
303 1905 383 1946 suerit
395 1905 535 1940 episcopus
548 1906 729 1946 UamecenstS,
743 1909 857 1933 assernit

69 1941 856 2015 txsss⁶¹t¹1093¹5ffi0212¹2¹3n{flgitifgssltstfifftt¹¹l333÷

70 2013 153 2040 habes
164 2013 189 2039 in
202 2013 248 2038 cit.
263 2011 331 2038 Bihl.
344 2010 478 2042 Golland.‚
495 2015 559 2038 tom.
584 2010 622 2043 X,
639 2019 665 2045 p.
681 2011 743 2038 523.
770 2015 854 2039 Anav.

106 2046 150 2075 ¹2.
166 2044 199 2073 1η
215 2051 289 2078 coetu,
310 2051 364 2073 etc.
378 2046 489 2073 Actione
515 2046 530 2072 3
555 2046 654 2073 Concil.
678 2047 803 2073 Chalced.
818 2061 854 2068 —-

70 2082 140 2110 md.
158 2081 297 2115 Epheaina.
313 2083 390 2107 Anno
402 2080 498 2107 Christi
511 2080 575 2107 448.
589 2096 624 2101 ·—
636 2080 704 2107 Ibid.
721 2081 856 2108 chalcedo-

70 2117 152 2145 nensi.
167 2116 243 2143 Anno
255 2116 318 2143 45¹.
334 2115 432 2142 Penez.

106 2152 176 2179 ibid.
194 2152 232 2178 De
247 2151 361 2178 Eusebio
389 2150 493 2177 borilaei
518 2151 659 2184 episcopo,
675 2157 701 2179 et
717 2151 750 2178 de
767 2157 858 2179 sancto

71 2188 196 2216 Flaviano
213 2187 342 2213 Baronius
358 2185 416 2212 l'use
431 2186 485 2220 agit
497 2187 522 2211 in
537 2187 695 2218 Annalibus,
712 2191 738 2214 et
754 2187 779 2213 in
801 2192 856 2214 not.

71 2223 104 2250 ad
117 2221 333 2257 Martyrologium
355 2220 449 2250 Rom..
467 2220 510 2247 uie
525 2221 557 2247 ¹8
581 2221 715 2248 selu-uarii.
746 2222 772 2249 ln
797 2223 858 2249 Edi-

71 2259 144 2286 tione
158 2257 261 2287 Grialii,
279 2255 417 2288 mendose,
432 2255 589 2282 Bor-amante
600 2257 678 2283 urbis.
690 2258 777 2284 Ansv.

109 2294 152 2320 ¹5.
170 2291 274 2324 Exstat,
288 2295 339 2318 etc.
354 2298 413 2317 cum
428 2291 486 2317 aliis
502 2291 527 2317 in
542 2291 744 2326 llaereseologia.
758 2292 857 2320 Peusz.

108 2327 178 2355 und.
193 2326 348 2354 Gennadius
360 2326 498 2352 Cerealem
511 2326 706 2358 Castulensem.
719 2334 765 2354 seu
780 2328 859 2354 Cata-

73 2363 209 2391 lauensem
235 2361 391 2396 episcopum
417 2366 547 2392 recenset,
571 2369 631 2395 cap.
658 2362 702 2394 96,
727 2370 779 2394 quo
802 2363 860 2390 loco

74 2398 202 2426 videndus
223 2397 336 2423 miraeus.
363 2396 415 2422 l‘sro
429 2401 588 2422 concertatus
603 2402 656 2429 est,
677 2397 773 2424 melius
789 2402 861 2425 esset

74 2432 242 2464 concertavit,-
256 2431 303 2458 sed
317 2431 378 2458 illud
390 2431 536 2465 genuinum
552 2431 665 2458 videtur.
682 2433 735 2458 Pro
757 2433 860 2460 Ammo-

74 2469 196 2499 mtmum,
210 2466 305 2494 alicubi
318 2466 412 2501 legitur
427 2466 588 2498 Arianorum,
606 2474 652 2493 seu
664 2466 859 2502 Africanorum,

74 2503 122 2531 sed
141 2501 279 2537 legendum
297 2501 403 2528 videtur
418 2501 646 2528 Ariomanitarum.
668 2502 747 2529 Notat
767 2502 785 2529 F
788 2503 859 2530 lore-

73 2538 141 2601 ἶίυε,
153 2537 180 2565 in
190 2535 336 2571 exemplari
346 2535 470 2563 Marianae
485 2535 579 2563 deesse
589 2537 620 2563 de
628 2541 690 2564 ante
698 2538 858 2565 testimoniis.

97 2580 328 2642 *niteret-iprum.
343 2606 437 2633 Editus
450 2609 491 2633 est
506 2605 598 2633 Romae
611 2606 644 2634 ab
652 2606 858 2635 AchilleStatio.

109 2643 180 2671 nid.
197 2642 266 2676 thst
280 2641 393 2676 prodest.
423 2640 494 2667 idem
516 2641 624 2675 scripsit
639 2642 783 2669 Pontianus
801 2643 859 2676 epi-

35 2709 38 2716 ·
74 2684 172 2742 ml:
185 2676 862 2745 ttt‘„t‘¹„{‚·:.{²il'¹ie“t¹;¹nslz”„tz„sol‘’ffltfft‘tfflss

67 2732 217 2776 mandore
241 2747 435 2782 Mopsuestenm
450 2745 511 2773 vide
525 2746 571 2778 24,
596 2731 693 2780 quaesif
705 2745 732 2773 2.
759 2733 859 2775 Pefiez.

69 2781 180 2810 orrum,
191 2781 343 2811 Fet-raudus
360 2780 491 2809 diaeonus
505 2780 597 2807 ttoruit
618 2787 690 2807 anno
711 2780 774 2808 507.
797 2782 861 2817 Ejus

68 2814 157 2854 =ffia
171 2817 241 2846 odit·
252 2819 368 2850 exstant,
380 2815 562 2843 Paraensticus
580 2815 614 2842 ad
627 2815 666 2842 Re
685 2816 757 2846 inum
771 2815 862 2845 Comi-

70 2853 137 2881 Μυ-
153 2851 284 2888 spinula,
295 2851 425 2880 breviatio
436 2856 579 2883 canonum,
595 2855 648 2877 etc.
685 2850 755 2878 idem
768 2859 783 2879 a
794 2858 861 2880 non-

77 2871 159 2922 mnis
167 2887 308 2920 wattun·
319 2885 380 2915 Vita
390 2885 476 2915 saneti
488 2883 621 2924 Fulget-tu
637 2885 784 2922 itu-pemi-
804 2887 874 2931 ⁸9¹?

874 2243 898 2272 D

911 263 993 291 ternis
1007 264 1128 298 epistolis
1151 266 1274 294 habuisse
1293 274 1425 297 narratur.
1448 271 1500 299 iste
1513 272 1545 298 ad
1560 273 1695 309 Pelagium

910 313 937 335 et
954 310 1106 338 Anatolium
1121 311 1255 340 Romanos
1280 313 1407 342 diaconos
1428 317 1599 346 consulentes
1621 327 1694 353 eum,

911 357 999 381 utrum
1007 355 1086 382 liceat
1096 364 1256 391 quemquam
1270 358 1397 386 damnare
1409 366 1468 393 post
1479 367 1602 396 mortem,
1613 365 1696 392 edidit

911 401 1085 432 rescriptum,
1103 401 1147 428 ubi
1163 402 1232 430 inter
1246 403 1298 430 alia
1312 405 1352 431 sic
1372 405 1479 432 locutus
1502 411 1553 440 est,
1581 408 1692 437 dicens:

914 451 924 467 ε
941 443 1009 476 Quid
1029 445 1139 478 prodest
1153 447 1346 475 dormientibus
1363 450 1507 477 Ecclesiam
1523 455 1696 485 perturbare?

911 487 1008 521 Siquis
1026 489 1114 516 adhuc
1133 490 1158 516 in
1173 498 1285 525 corpore
1309 494 1404 520 mortis
1425 494 1504 528 hujus
1517 502 1657 524 accusatus
1670 503 1698 526 et

911 533 1064 566 damnatus,
1081 539 1223 569 antequam
1239 540 1388 564 mereretur
1401 539 1516 572 absolvi,
1533 540 1566 567 de
1580 541 1698 569 Ecclesia

913 583 1004 612 raptus
1024 583 1076 610 est¹
1093 579 1195 607 absolvi
1216 588 1269 607 non
1297 586 1384 615 potest
1403 583 1518 610 humano
1534 585 1646 619 judicio.
1669 587 1697 615 Si

912 624 972 659 quis
982 630 1123 652 accusatus
1145 631 1172 653 et
1195 627 1333 654 absolutus
1357 628 1383 654 in
1406 636 1469 662 pace
1490 630 1630 658 catholicae
1651 633 1699 660 Ec-

912 670 1001 696 clesiae
1032 670 1156 697 transivit
1179 671 1212 698 ad
1238 672 1332 706 Deum,
1362 674 1532 702 condemnari
1549 683 1600 703 non
1617 682 1700 712 potest

913 716 1026 743 ulterius
1052 717 1169 744 humano
1192 719 1303 752 judicio.
1331 719 1359 746 Si
1384 721 1444 755 quis
1471 728 1610 750 accusatus
1639 730 1700 752 ante

914 761 984 789 diem
1000 762 1068 789 sacri
1089 762 1218 789 examinis
1237 765 1373 798 repentina
1395 768 1534 794 vocatione
1553 774 1701 802 praeventus

913 811 963 840 est,
987 807 1055 834 iutra
1072 808 1159 835 sinum
1175 809 1268 836 matris
1284 810 1414 838 Ecclesiae
1428 813 1597 847 constitutus¹
1613 814 1701 842 divino

914 853 1100 888 intelligendus
1119 859 1161 881 est
1177 854 1278 888 iudicio
1298 857 1439 890 reservari,
1455 858 1528 885 etde
1544 859 1594 885 hoc
1614 860 1700 888 nullus

878 904 900 934 Β
914 900 994 926 homo
1010 904 1097 934 potest
1112 900 1278 927 manifestam
1296 902 1416 936 prot'errc
1432 904 1602 938 sententiam,
1618 905 1660 931 cui
1676 905 1699 932 si

913 943 983 971 Deus
1005 944 1196 978 indulgentiam
1217 946 1301 978 dedit,
1319 946 1385 973 nihil
1399 951 1480 974 nocet
1495 953 1586 975 nostra
1601 949 1700 976 severi-

914 995 973 1024 tas;
997 992 1044 1018 sed
1068 992 1091 1018 si
1116 993 1471 1029 supplicium-praeparavit,
1501 996 1567 1024 nihil
1594 998 1700 1032 prodest

913 1042 1004 1064 nostra
1019 1038 1179 1072 benignitas.

1208 1096 1319 1125 CAPUT
1349 1099 1416 1126 Xlll.

948 1140 992 1168 ¹15.
1001 1141 1105 1174 Petrus,
1113 1141 1255 1170 ilerdensis
1266 1143 1451 1178 Hispaniarum
1466 1145 1700 1181 Ecclesioeepisco-

914 1195 972 1222 pus,
990 1189 1072 1215 edidit
1085 1188 1198 1216 diversis
1211 1191 1424 1219 solemnitatibus
1445 1199 1623 1228 congruentes
1641 1203 1701 1222 ora-

915 1235 1012 1268 tiones,
1030 1240 1057 1262 et
1072 1236 1169 1263 missas
1184 1238 1298 1272 eleganti
1315 1245 1404 1272 sensu,
1421 1244 1448 1266 et
1463 1245 1555 1274 aperto
1569 1248 1701 1271 sermone.

1207 1294 1320 1323 CAPUT
1335 1296 1403 1323 xlv.

949 1338 992 1365 16.
1001 1338 1179 1373 Marcellinus,
1189 1339 1268 1367 ltaliae
1276 1344 1539 1377 presbyter,scripsit
1550 1345 1701 1375 Theodosio

912 1383 1017 1416 Minori,
1031 1384 1199 1419 Arcadioque
1210 1385 1429 1421 imperatoribuS,
1440 1389 1596 1422 opusculum
1609 1399 1702 1424 unum,

914 1431 939 1457 in
955 1438 1006 1465 quo
1022 1431 1119 1457 retexit
1139 1435 1211 1464 gesta
1228 1433 1413 1466 episcoporum
1429 1435 1471 1467 qui
1489 1435 1522 1461 ad
1544 1435 1701 1464 destructio-

913 1485 974 1504 nem
995 1477 1152 1504 ltomousion
1179 1478 1291 1505 Arimini
1319 1485 1516 1513 convenerunt;
1549 1483 1645 1517 quique
1669 1485 1702 1511 ita

915 1525 997 1548 totum
1014 1521 1141 1548 mundum
1158 1522 1266 1555 perfidia
1285 1523 1358 1557 impii
1374 1524 1507 1559 dogmatis
1520 1526 1701 1561 turbaverunt,

914 1571 942 1593 ut
961 1568 1002 1593 rix
1027 1568 1102 1601 pauci
1130 1568 1262 1594 antistites
1279 1570 1426 1597 existerent
1448 1571 1535 1605 quiin
1560 1572 1703 1601 inviolabili

915 1613 976 1640 {idei
1000 1613 1071 1640 cultu
1092 1619 1304 1646 perseverarent.
1326 1614 1439 1648 Exponit
1456 1623 1561 1650 quoque
1581 1618 1614 1645 de
1628 1619 1701 1652 Ario,

915 1659 978 1685 dum
1002 1659 1033 1684 ad
1057 1659 1188 1692 synodum
1203 1664 1327 1693 pergeret
1341 1667 1400 1687 cum
1416 1661 1568 1690 Alexandro
1588 1663 1703 1698 disputa·

917 1709 1000 1739 turus,
1017 1705 1130 1739 qualiter
1144 1712 1288 1732 conversus
1304 1707 1330 1732 in
1348 1707 1388 1733 via
1406 1707 1438 1733 ad
1455 1709 1632 1736 necessariam
1643 1717 1701 1738 cau-

915 1759 982 1784 sam,
1008 1752 1111 1778 viscera
1136 1751 1194 1786 ejus
1217 1751 1328 1779 ruissent
1345 1752 1449 1780 diffusa.
1471 1754 1507 1781 De
1534 1755 1585 1782 fine
1600 1763 1702 1791 quoque

914 1797 968 1824 Osii
993 1796 1174 1824 Cordubensis
1201 1797 1273 1824 urbis
1288 1798 1416 1832 episcopi,
1431 1799 1487 1833 qui,
1504 1804 1575 1826 metu
1591 1800 1701 1835 impera-

916 1843 991 1872 toris.
1008 1843 1086 1869 tidem
1099 1842 1299 1876 praevaricatus,
1314 1844 1432 1878 perfidiae
1444 1850 1559 1872 assertor
1572 1851 1598 1873 et
1610 1847 1701 1881 impie-

913 1909 996 1941 scopi.
1014 1910 1102 1934 Annv.

948 1943 990 1969 15.
1009 1942 1088 1968 Missa
1100 1942 1124 1968 in
1138 1942 1225 1970 officio
1238 1943 1352 1970 Gothico
1367 1948 1408 1971 est
1420 1945 1541 1979 quaedam
1553 1948 1650 1980 oratio,
1667 1948 1700 1976 de

911 1985 960 2011 qua
978 1978 1037 2004 vide
1052 1982 1105 2004 not.
1123 1977 1169 2004 lib.
1194 1977 1294 2006 iOl'iic.
1315 1981 1424 2012 eccles..
1443 1987 1501 2014 cap.
1517 1981 1560 2013 15,
1582 1990 1655 2009 num.
1674 1983 1700 2011 1.

911 2015 996 2039 Anev.

947 2048 989 2074 16.
1005 2047 1180 2074 Marcellinus.
1198 2048 1282 2074 Hu'us
1299 2049 1417 2076 meminit
1429 2049 1615 2079 Gennadiusin
1630 2053 1700 2080 Fau-

912 2082 984 2144 ῗὶιιο
1002 2083 1170 2118 presbytero
1185 2098 1220 2103 —
1250 2084 1304 2110 bid.
1326 2084 1512 2112 Convenerunt.
1533 2086 1611 2114 Anno
1635 2088 1698 2115 559.

935 2125 1013 2144 enez.

947 2151 1016 2180 Ibid.
1034 2152 1178 2180 Marcellini
1190 2153 1303 2181 Historia
1315 2154 1348 2181 de
1358 2155 1412 2181 Osii
1424 2155 1603 2184 Cordubensis
1615 2163 1700 2186 morte

911 2187 1002 2214 iisdem
1020 2188 1118 2221 verbis,
1132 2189 1177 2215 sed
1197 2189 1276 2223 paulo
1298 2190 1381 2216 fusior
1395 2195 1481 2217 exstat
1494 2192 1520 2218 in
1536 2192 1634 2220 Codice
1645 2193 1700 2220 Go-

912 2222 983 2249 thico
998 2223 1042 2249 bib
1055 2224 1167 2250 iotheeae
1181 2224 1380 2258 Complutensis
1402 2225 1435 2251 ad
1452 2226 1530 2252 linem
1553 2227 1645 2254 isidori
1666 2229 1700 2255 de

914 2258 983 2284 Viris
1007 2258 1169 2291 illustribus,
1192 2260 1249 2286 siue
1278 2260 1386 2286 nomine
1407 2262 1523 2287 auctoris
1544 2262 1698 2291 Marcellini.

911 2292 995 2319 Porro
1008 2293 1086 2320 Osius
1102 2294 1284 2320 nobilissimus
1295 2295 1357 2321 olim
1372 2295 1518 2327 consessor,
1531 2301 1558 2323 et
1575 2297 1700 2324 doctissi-

911 2336 980 2359 mus,
997 2328 1031 2355 ab
1046 2328 1194 2362 Augustino
1215 2334 1242 2356 et
1261 2329 1409 2356 Athanasio
1425 2331 1556 2362 laudatus,
1567 2331 1699 2358 Conslan-

911 2363 967 2389 tino
981 2363 1137 2397 imperatori
1149 2364 1229 2391 etiam
1245 2372 1292 2398 per
1304 2365 1405 2391 litteras
1418 2364 1554 2391 familiaris
1568 2366 1608 2398 (ut
1619 2371 1659 2393 est
1671 2367 1698 2394 in

911 2397 976 2424 Cod.
990 2398 1113 2425 Theodos
1129 2418 1136 2430 ,
1152 2399 1220 2425 titul.
1236 2400 1269 2425 de
1285 2399 1466 2425 sacrosanctis
1481 2399 1628 2433 Ecclesiis),
1643 2402 1700 2435 qui-

910 2440 962 2467 que
977 2433 1004 2460 in
1019 2433 1140 2459 conciliis
1163 2433 1338 2465 Eliberitauo,
1358 2433 1466 2460 Nicaeiio
1487 2438 1514 2460 et
1535 2434 1698 2469 Sardicensi,

911 2475 970 2494 cum
984 2475 1079 2502 magua
1091 2468 1131 2494 sui
1145 2468 1222 2494 laude
1238 2469 1324 2494 suerat
1337 2467 1535 2495 catholicorum
1550 2477 1700 2504 propugna-

912 2507 964 2533 tor,
982 2505 1088 2529 tandem
1106 2502 1181 2528 senio
1193 2502 1319 2535 delirans,
1334 2502 1359 2528 in
1377 2503 1522 2537 Syrmiensi
1543 2504 1645 2538 synodo
1666 2505 1699 2532 ad

911 2538 1023 2564 Arianos
1034 2536 1140 2564 deiecit.
1161 2536 1197 2564 De
1210 2544 1262 2571 quo
1276 2538 1336 2566 vide
1355 2539 1435 2564 etiarn
1451 2537 1590 2570 Hilarium,
1607 2539 1652 2567 lib.
1667 2540 1700 2567 de

912 2572 1051 2607 Synodisss'
1070 2572 1261 2604 Athanasium,
1283 2572 1331 2599 lib.
1358 2572 1392 2599 de
1414 2572 1519 2600 Unitate
1538 2573 1697 2608 Trinitatis;

912 2607 1022 2641 Sulpicii
1037 2606 1128 2633 severi
1143 2606 1296 2639 Historiam,
1312 2611 1340 2634 et
1363 2606 1509 2634 Honorium
1532 2609 1699 2642 A'ugustodu-

912 2649 998 2673 uenS„
1015 2642 1062 2669 iil).
1076 2642 1109 2668 de
1123 2640 1303 2675 Scriptoribus
1314 2641 1417 2670 Eccles.
1431 2642 1528 2670 Psasz.

947 2676 1014 2703 ibid.
1027 2675 1197 2703 Homousion.
1214 2676 1270 2709 At..
1286 2676 1419 2703 homousii.
1435 2677 1472 2704 De
1485 2682 1578 2705 sancto
1594 2678 1698 2714 Grego-

911 2712 952 2739 rio
966 2710 1128 2738 Eliberitano
1142 2711 1357 2746 Mai-tyrologiuut
1374 2710 1466 2744 Rom„
1477 2712 1521 2740 die
1531 2712 1567 2740 2⁴
1587 2713 1695 2747 Api-itis.

911 2746 940 2773 ln
955 2746 1076 2774 Editione
1097 2745 1206 2773 Patrum
1220 2746 1388 2773 ‘rolennau
1402 2746 1472 2774 hunc
1485 2747 1571 2775 locum
1594 2749 1696 2776 erudita

912 2786 973 2808 nota
982 2781 1134 2816 subjicitur,
1147 2788 1198 2815 qua
1208 2779 1359 2808 ostenditur
1369 2782 1551 2810 commentitia
1563 2789 1623 2811 esse
1639 2791 1698 2819 qun

911 2816 1080 2844 Marcellinus
1106 2819 1196 2843 narrat
1215 2815 1249 2843 de
1271 2815 1324 2843 nne
1333 2816 1409 2850 usin
1425 2818 1518 2852 quoin
1541 2823 1697 2853 argumento

912 2851 1013 2880 Natalis
1037 2850 1200 2886 Alexander,
1226 2850 1378 2885 Floresius,
1400 2851 1499 2888 aliique
1511 2853 1609 2882 ver-nti
1623 2858 1687 2882 sunt

912 2888 999 2917 Aatv.
1496 2895 1498 2897 ’
1524 2906 1532 2912 -
