1832 3016
380 95 607 157 οῖιεετιοιιὲε
625 116 659 149 tu
677 106 757 148 vm.
776 113 927 147 restitit.
946 93 983 138 ’Ξ
1003 90 1039 145 tu
1055 91 1375 145 ecurt-:nonontuuj'

1633 107 1689 142 3⁶2

49 194 120 219 mus.
134 194 195 216 cum
213 186 247 215 de
265 186 321 222 ipsa
342 184 521 214 inchoationis
543 181 698 211 infirmitate
720 179 839 216 suspecti
852 182 879 212 Α
892 179 1007 215 quisque
1028 178 1087 208 sine
1113 178 1276 206 detrimento
1300 176 1390 211 operis
1413 174 1511 211 jungit.
1533 175 1688 210 saplentem

50 233 194 270 primordia
210 240 321 270 operum
334 235 485 260 nostrorum
501 237 556 258 non
576 228 765 264 approbamus.

85 281 115 308 2.
131 280 214 309 Poma
228 283 316 308 autem
337 285 397 314 qua
420 277 573 313 germinant
587 275 725 304 immunda
745 274 838 301 existi·

51 334 167 360 mamus,
188 326 339 360 nostrisque
348 324 415 352 cibis
428 331 480 351 non
494 327 628 359 aptamus,
639 321 701 357 quia
713 328 772 348 eum
786 321 839 356 pri-

52 375 156 402 mordia
178 373 240 402 boni
263 371 404 399 laudantur
423 370 525 406 operis,
540 370 648 406 dignum
671 373 714 397 est
737 373 766 396 ut
790 369 841 396 hoe

52 421 171 450 animuin
186 426 238 448 non
252 422 344 454 pascat
354 418 503 453 operantis,
519 425 565 451 ne,
578 417 642 444 dum
655 419 765 451 accepta
783 415 841 442 lans

52 467 169 496 suaviter
180 465 311 501 carpitur,
327 464 430 492 tructus
443 462 534 499 operis
549 461 735 497 intempestive
748 468 839 489 come-

52 512 141 541 datur.

363 554 477 584 CAPUT
499 554 530 581 V.

168 603 206 631 De
216 611 267 631 mm
279 602 408 638 operando
422 603 449 629 in
465 602 533 629 bovis
548 600 727 636 primoqenito.

87 650 113 678 1.
130 649 190 677 Non
200 649 343 686 operaberis
359 649 385 675 ιἰι
401 648 571 684 primogenito
587 646 667 679 bot-is,
679 650 702 671 et
723 652 773 671 non
788 648 844 670 ten-

51 695 122 724 debt's
134 695 303 731 primoqenita
314 695 408 721 ocium.
427 694 454 720 ln
469 692 646 728 primogenitu
658 690 755 725 quippe
769 683 845 716 boris

51 742 158 779 operari
173 747 215 770 εει
229 742 306 769 bona:
320 739 532 768 conversationis
556 738 699 774 primordia
724 738 750 764 in
765 744 843 764 exer-

51 789 116 818 citio
147 788 260 824 publicae
290 787 403 815 actionis
434 786 588 813 ostendere.
616 784 711 811 Ovium
739 791 846 817 quoquc

52 834 228 871 primogenita
263 833 374 861 tondere
402 837 444 860 est
470 832 503 860 ab
531 830 715 858 occultationis
742 837 798 856 sna:
821 834 846 857 te

52 881 142 919 gmine
168 879 292 908 humanis
306 879 390 907 oculis
406 877 559 906 inchoantia
573 877 642 905 bona
659 880 749 904 nostra
762 875 845 902 denu-
862 886 886 916 Β

52 928 126 957 dare.

87 974 115 1002 2.
132 974 159 1002 ln
183 973 359 1009 primogenito
373 979 437 1007 ergo
448 971 523 999 bovis
538 970 644 1005 operari
660 968 843 1004 prohibemur,

53 1026 133 1056 atque
147 1028 160 1046 a
183 1019 367 1055 primogenitis
386 1019 475 1046 ovium
498 1015 675 1045 detondendis
698 1015 843 1049 compesci·

54 1074 126 1100 ntur,
140 1066 200 1101 quia
221 1066 271 1093 etsi
293 1065 356 1100 quid
381 1064 520 1091 robustum
544 1063 685 1097 incipimus
707 1068 843 1094 exercere,

55 1109 106 1139 boc
130 1112 156 1138 in
180 1115 274 1145 aperto
289 1109 366 1137 citius
392 1117 444 1137 non
468 1109 596 1136 debemus
621 1108 772 1135 ostendere.
793 1105 845 1134 Sed

53 1165 114 1186 cum
132 1156 184 1184 vita
209 1161 299 1183 nostra
322 1146 436 1191 simplex
460 1155 524 1190 quid
546 1158 626 1189 atque
640 1154 784 1181 innocuum
807 1153 847 1180 in-

55 1204 147 1237 choat,
163 1203 273 1238 dignum
298 1207 339 1230 est
353 1207 382 1229 ut
395 1203 492 1229 secreti
519 1200 559 1229 sui
575 1201 707 1228 velamina
731 1207 782 1227 non
804 1206 847 1227 re-

54 1248 168 1286 linquat,
182 1257 232 1278 nec
247 1250 298 1278 hoc
312 1249 437 1277 numanis
448 1248 543 1283 oeulis,
559 1249 634 1284 quasi
646 1247 779 1276 subducto
792 1247 848 1275 vel-

53 1297 123 1331 lere,
136 1297 270 1325 ostendat.

91 1342 117 1369 5.
133 1342 170 1370 Ad
193 1342 250 1370 sola
270 1349 333 1377 ergo
349 1341 437 1369 divina
456 1339 587 1368 sacrificia
611 1340 691 1367 boum
715 1340 848 1375 primoge-

55 1388 121 1421 nita,
133 1389 275 1424 oviumque
290 1387 439 1422 proficiant,
452 1391 480 1414 ut
493 1386 516 1414 si
540 1386 602 1421 quid
621 1386 687 1413 iorte
702 1386 846 1413 innocuum

54 1434 210 1470 incipimus,
235 1434 286 1461 boc
308 1433 341 1461 ad
363 1433 492 1460 honorem
518 1431 603 1459 intimi
629 1431 729 1459 Judicis
751 1432 777 1459 in
801 1439 845 1458 ara

55 1480 142 1510 cordis
157 1479 334 1507 immolemus.
352 1478 429 1512 Quod
449 1478 483 1507 ab
498 1478 544 1506 illo
559 1478 652 1511 procul
669 1477 751 1505 dnbio
766 1477 845 1513 463

56 1530 128 1554 tanto
151 1525 277 1554 libentius
299 1525 438 1559 accipitur,
460 1529 560 1560 quanto
583 1529 609 1551 ct
638 1524 671 1551 ab
693 1523 847 1551 bominibus

54 1573 214 1602 occultatum
230 1571 303 1600 nullo
319 1571 404 1599 laudis
422 1571 540 1606 appetitu
556 1570 714 1598 maculatur.

87 1619 115 1646 t.
131 1619 209 1654 Soepe
223 1624 311 1646 autem
328 1625 403 1646 novae
417 1617 627 1645 conversationis
640 1617 786 1653 primordia
795 1617 844 1645 ad-

54 1665 106 1695 huc
120 1665 219 1693 carnali
244 1665 307 1693 vita:
321 1669 385 1692 sunt
400 1664 553 1692 commista.
574 1663 605 1691 Et
621 1663 722 1691 idcirco
742 1663 847 1691 innote-

54 1719 131 1742 scere
141 1711 219 1740 citius
231 1719 283 1739 non
298 1711 406 1743 debent,
421 1718 454 1739 ne
474 1719 534 1739 cum
549 1710 692 1738 laudantur
705 1710 774 1737 bona
787 1717 847 1745 qna:

54 1758 171 1795 placent,
186 1757 314 1792 deceptus
328 1756 407 1785 laude
422 1764 468 1784 sua
483 1757 588 1784 :inimus
604 1756 807 1792 deprehendere
820 1756 846 1784 in

55 1803 96 1833 eis
108 1808 222 1840 nequeat
239 1803 307 1832 mala
324 1811 383 1838 quzc
399 1803 491 1831 latent.

364 1849 477 1877 CAPUT
494 1848 537 1877 Vl.

219 1896 257 1924 De
268 1905 317 1924 non
328 1897 426 1923 arando
441 1896 466 1923 in
480 1895 539 1924 bove
552 1900 575 1923 ct
588 1896 671 1923 asino.

95 1941 119 1970 1.
135 1942 196 1970 Non
209 1942 294 1969 arabit
313 1942 340 1969 in
354 1940 415 1968 bove
427 1939 505 1968 timul
521 1946 544 1968 et
565 1941 648 1968 asino.
663 1940 692 1967 In
705 1940 780 1967 box-is
802 1946 850 1967 no-

58 1989 131 2018 mine
145 1988 258 2024 populus
279 1995 311 2015 ex
325 1986 529 2015 circumcisione
545 1987 648 2022 positus
666 1985 716 2013 sub
730 1985 794 2020 jugo
811 1985 850 2012 le-

59 2034 100 2070 gis
110 2034 254 2069 accipitur;
271 2033 296 2060 in
312 2033 386 2060 asino
399 2037 488 2060 autem
509 2031 623 2067 populus
635 2030 753 2066 gentium
769 2029 851 2064 pcrti-

61 2085 128 2109 nens
141 2079 174 2107 ad
187 2079 360 2114 evangelium
378 2087 384 2105 ε
401 2079 426 2106 in
445 2079 513 2106 bove
528 2078 626 2113 qnippe
639 2081 667 2104 ει
682 2076 758 2103 asino
772 2075 851 2103 simul

60 2131 119 2155 orat
129 2126 172 2162 qui
185 2125 224 2153 sic
235 2125 329 2160 reciplt
340 2124 526 2160 Evangelium,
539 2129 567 2151 ιιι
578 2122 746 2151 Iudaicarum
759 2129 853 2156 super-

61 2173 209 2206 stitionum,
225 2179 285 2207 quae
308 2171 334 2199 in
357 2171 450 2198 umbra
465 2175 492 2199 et
514 2169 630 2204 imagine
650 2172 850 2204 praecesserant,

62 2218 234 2247 ceremonias
249 2223 301 2246 non
315 2217 458 2253 relinquat.

892 235 956 256 vero
969 232 996 255 et
1009 227 1118 255 stultum
1135 225 1200 261 (non
1216 229 1247 253 ut
1274 231 1344 252 unus
1358 222 1506 259 praecipiat,
1521 226 1550 250 et
1562 222 1629 250 alter
1641 223 1691 250 ob·

893 278 1037 309 temperet,
1052 273 1100 302 sed
1115 277 1147 301 ut
1160 272 1261 308 pariter
1271 270 1368 306 aquati
1384 274 1517 305 potestate
1531 270 1692 298 annuntient

893 320 1004 348 verbum
1032 319 1092 354 Dei)
1118 326 1171 347 non
1192 318 1252 345 sine
1278 316 1406 345 scandalo
1433 316 1547 351 quisque
1577 316 1691 344 comites

894 366 969 394 tacit.

1198 398 1312 427 CAPUT
1326 397 1384 426 vn.

1019 444 1058 472 De
1071 453 1122 472 non
1136 444 1269 480 alligando
1281 452 1324 470 ore
1339 443 1408 470 boris
1419 443 1574 470 triturantis.

932 493 958 520 1.
975 492 1036 519 Non
1050 491 1168 527 altiqabis
1190 498 1219 517 os
1232 489 1289 517 bovi
1302 487 1479 523 triturarum!
1492 488 1553 515 Cor.
1570 496 1607 519 ix,
1621 486 1637 513 9
1652 497 1658 519 ;
1681 487 1694 514 1

895 539 962 567 Tim.
981 547 1009 572 v.
1026 538 1086 573 18).
1100 538 1204 565 Dictum
1218 541 1260 564 est
1270 535 1342 571 quod
1362 535 1388 562 in
1400 536 1476 563 bovis
1490 535 1572 570 464
1586 543 1646 562 nom
1661 543 1694 563 no

896 586 951 612 vita
963 583 1172 618 uniuscujusque
1179 581 1490 618 operantisexprimitur.
1500 581 1693 615 Dicitquodam

897 631 923 658 in
941 632 1000 658 loco
1020 629 1166 665 Apostolus
1187 628 1295 661 Paulus,
1313 627 1515 662 reprehendens
1541 631 1568 654 et
1587 628 1696 662 dolens,

897 678 967 713 quod
982 685 1061 705 nemo
1075 677 1112 704 illi
1128 674 1368 703 communicaverit
1383 674 1408 700 in
1420 674 1526 701 ratione
1535 673 1589 700 dati
1606 679 1633 701 et
1647 681 1696 700 ac-

898 724 967 757 cepti
981 722 1095 757 (Philip.
1111 724 1162 756 tv).
1183 721 1252 755 Quid
1264 726 1305 748 est
1320 721 1346 747 in
1358 721 1462 747 ratione
1472 719 1527 746 dati
1538 725 1564 747 et
1579 720 1694 754 accepti,

899 770 951 798 nisi
965 770 1035 804 quod
1051 770 1103 796 alio
1129 769 1155 796 in
1176 769 1235 796 loco
1259 772 1351 802 aperte
1367 767 1508 802 exposuit,
1526 767 1621 794 dicens
1637 776 1643 794 ε
1665 767 1698 794 Si

899 825 946 844 rios
958 816 1026 843 vobis
1039 815 1190 850 spiritualia
1200 814 1392 847 seminavimus,
1406 821 1530 848 maymtm
1546 818 1581 840 est
1593 818 1619 840 ut
1634 822 1698 840 car-

900 865 969 891 nalia
987 869 1069 891 vestra
1085 868 1209 890 metamus
1223 861 1249 898 (1
1264 861 1332 888 Tim.
1346 869 1382 893 tx,
1398 860 1461 895 m?
1475 861 1530 888 lloc
1541 861 1674 896 significat
1689 868 1696 887 :

900 911 962 942 Hm
975 910 1137 946 alliqabism
1151 909 1207 936 bovi
1218 908 1359 935 trituranti.

933 957 960 985 2.
979 956 1054 984 Unde
1070 960 1097 983 et
1110 955 1179 983 idem
1197 955 1341 989 Apostolus
1354 953 1406 981 alio
1423 954 1483 981 loco
1499 953 1563 980 dicit
1577 962 1584 980 :
1600 953 1699 988 Diqnun

897 1008 932 1031 est
946 1004 1078 1038 operarius
1091 1002 1207 1029 mercede
1221 1009 1268 1028 sua
1283 1000 1309 1036 (1
1325 1000 1390 1028 Tim.
1408 1000 1456 1035 vt).
1475 1000 1536 1027 Vult
1554 1008 1617 1034 ergo
1629 1000 1699 1028 Seri·

897 1054 974 1084 ptura
986 1048 1138 1076 doctoribus
1154 1052 1280 1082 praestare
1304 1047 1419 1074 earnalia
1434 1067 1442 1079 ‚
1458 1054 1472 1073 a
1496 1046 1593 1080 quibus
1617 1046 1699 1081 spiri-

899 1097 980 1124 tualia
1005 1101 1217 1129 consequuntur,
1234 1095 1294 1130 quia
1313 1095 1500 1128 praedicatores
1523 1094 1647 1128 occupati
1672 1093 1699 1122 itt

898 1142 1020 1170 doctrina
1037 1141 1189 1168 necessaria
1205 1140 1255 1168 sibi
1272 1140 1414 1174 providere
1433 1147 1486 1166 non
1498 1143 1620 1174 possunt.

1202 1186 1316 1214 CAPUT
1331 1186 1400 1213 Vlll.

1005 1235 1044 1263 De
1058 1243 1110 1262 non
1123 1234 1252 1269 coquendo
1267 1233 1341 1260 ltoedo
1356 1233 1382 1259 in
1400 1233 1465 1259 tacte
1484 1232 1585 1258 matris.

935 1284 960 1310 1.
987 1282 1047 1309 Non
1063 1290 1155 1316 coques
1172 1281 1274 1308 hoedum
1293 1280 1319 1306 in
1335 1279 1399 1306 lacae
1414 1279 1503 1305 matris
1517 1286 1580 1305 sttae.
1598 1277 1697 1307 Hoedus

900 1327 944 1354 liic
955 1327 1005 1354 sub
1017 1326 1163 1360 peccatoris
1183 1326 1264 1359 figura
1287 1323 1474 1350 introducitur.
1493 1323 1609 1350 Proinde
1633 1330 1697 1358 pec-

899 1380 963 1400 cans
976 1373 1095 1408 graviter
1110 1380 1162 1399 non
1176 1375 1218 1399 est
1230 1369 1386 1405 coquendus
1402 1369 1428 1397 in
1444 1370 1514 1397 lactc
1527 1370 1620 1397 matris
1629 1378 1696 1405 suae,

900 1418 925 1446 id
949 1423 999 1451 est,
1017 1425 1069 1445 non
1091 1421 1133 1445 est
1155 1416 1308 1452 purgandus
1325 1415 1507 1443 mediocribus
1525 1415 1695 1443 tenerrimis-

900 1474 952 1501 que
967 1465 1096 1493 Ecclesia:
1111 1465 1274 1500 disciplinis,
1290 1464 1337 1492 sed
1349 1463 1543 1491 austerioribus
1555 1463 1697 1498 praeceptis

901 1513 959 1549 ejus
974 1517 1036 1541 sunt
1048 1511 1223 1547 excoquenda
1238 1515 1359 1546 peccata,
1370 1510 1447 1544 cuius
1461 1517 1555 1545 magna
1568 1514 1630 1537 sunt
1644 1509 1697 1537 cri·-

902 1562 985 1594 mina,
1003 1565 1032 1588 ut
1048 1560 1093 1595 qui
1109 1559 1280 1595 perlascivioe
1294 1557 1510 1585 blandimentum
1522 1565 1550 1585 se
1565 1556 1697 1592 perdidit,

898 1607 1002 1634 fortiori
1015 1605 1154 1640 disciplina
1168 1612 1198 1632 se
1214 1603 1338 1632 redimat.

1206 1660 1320 1690 CAPUT
1340 1660 1387 1688 tx.

1024 1708 1062 1736 De
1075 1717 1125 1735 non
1136 1708 1265 1735 induenda
1279 1709 1345 1734 veste
1359 1715 1390 1734 ex
1399 1707 1459 1734 latta
1470 1711 1494 1733 et
1503 1706 1566 1733 lino,

935 1757 961 1784 1.
979 1756 1039 1783 Νοιι
1054 1756 1145 1783 indues
1164 1759 1256 1782 vestem
1281 1762 1311 1781 ex
1334 1754 1394 1781 lana
1411 1753 1513 1788 linoque
1536 1756 1695 1781 contextam.

899 1802 951 1831 Per
964 1802 1051 1830 lanam
1066 1801 1164 1835 quippe
1180 1799 1337 1834 simplicitas
1348 1820 1355 1833 ,
1374 1807 1421 1834 pcr
1435 1799 1518 1826 linum
1529 1806 1593 1826 vero
1609 1798 1695 1826 subti-

901 1848 961 1876 litas
976 1847 1142 1882 designatur.
1159 1844 1195 1872 Et
1207 1845 1332 1872 nimirum
1348 1845 1432 1872 vestis
1445 1852 1504 1879 qnae
1525 1851 1558 1872 ex
1584 1844 1638 1872 lino
1654 1844 1696 1871 la-

901 1900 988 1929 naque
1003 1892 1143 1920 coniicitur
1158 1891 1242 1918 linum
1258 1890 1370 1919 interius
1395 1891 1485 1924 celat,
1510 1891 1537 1918 in
1553 1890 1696 1925 superficie

901 1939 990 1967 Ianam
1004 1938 1181 1965 demonstrat.
1197 1936 1303 1964 Vestem
1313 1944 1377 1972 ergo
1388 1944 1420 1964 ex
1431 1937 1491 1963 lana
1508 1937 1616 1971 linoque
1633 1942 1699 1963 cona

903 1988 1007 2012 textam
1029 1983 1128 2016 induit,
1145 1983 1190 2017 qui
1212 1982 1262 2010 sub
1289 1983 1424 2009 locutione
1447 1981 1609 2009 innoeentiae
1624 1980 1699 2008 intus

902 2030 1078 2058 subtilitatem
1098 2029 1167 2057 celat
1188 2028 1307 2056 malitiae.
1329 2028 1386 2056 lloe
1403 2028 1550 2055 secundum
1567 2028 1697 2056 moralem

903 2083 1023 2104 sensum.

939 2121 967 2148 2.
987 2120 1123 2149 Caeterum
1140 2118 1287 2148 secundum
1309 2119 1464 2156 allegoriam
1487 2119 1566 2148 lineis
1580 2120 1699 2148 vestibus

904 2169 1011 2198 misceri
1021 2169 1122 2201 lanam,
1132 2167 1213 2204 465
1222 2167 1263 2196 vel
1274 2175 1429 2203 purpuram,
1443 2167 1611 2196 etlinostima
1623 2172 1699 2196 veste

907 2217 992 2251 indui,
1004 2222 1045 2246 est
1055 2216 1207 2245 inordinate
1217 2215 1317 2247 vivere,
1328 2219 1355 2243 et
1369 2214 1467 2243 diversi
1475 2215 1581 2250 generis
1593 2215 1698 2250 proles-

97 2265 125 2294 2.
137 2266 201 2295 Item
212 2273 401 2301 nonnunquam
413 2265 439 2293 in
450 2264 518 2293 bove
531 2264 600 2293 bene
611 2263 777 2300 operantium
786 2264 849 2295 vita.
865 2275 892 2307 n
905 2265 995 2294 siones
1007 2264 1077 2293 velle
1092 2264 1205 2292 miscere
1215 2283 1222 2296 .
1238 2267 1267 2290 ut
1290 2263 1332 2290 vel
1360 2262 1575 2290 sanctimonialis
1600 2263 1699 2291 habeat

65 2313 92 2342 in
106 2313 183 2342 asino
194 2313 338 2341 stultorum
349 2312 473 2340 vecordia
488 2313 625 2347 figuratur.
638 2311 706 2346 Quid
722 2315 850 2346 ostergoz

67 2358 129 2387 Non
139 2359 223 2387 arabis
237 2360 263 2386 in
277 2358 336 2386 bove
347 2358 425 2386 simul
440 2363 463 2386 et
476 2358 571 2386 asino?
586 2365 616 2385 ae
632 2358 653 2385 si
674 2358 776 2385 diceret
788 2365 796 2384 z
809 2356 855 2384 Fa·

70 2409 144 2432 tuum
169 2403 280 2438 sapienti
299 2404 326 2431 in
353 2404 542 2439 praedicatione
565 2412 618 2431 non
640 2404 737 2438 socies,
757 2410 790 2431 ne
808 2410 856 2438 per

68 2456 130 2477 enm
145 2448 190 2484 qui
205 2455 262 2476 rem
277 2449 390 2484 implero
404 2457 458 2478 non
477 2450 550 2478 valet
567 2453 595 2478 et
610 2449 647 2477 illi
663 2450 708 2485 qui
730 2448 857 2484 praevalet

68 2494 192 2523 obsistas.

105 2540 133 2568 ὅ.
148 2539 247 2568 Bovem
260 2539 358 2576 quippo
377 2544 406 2569 et
416 2541 531 2575 atinum,
546 2541 568 2570 si
589 2548 700 2570 necesse
711 2541 762 2575 sit,
773 2548 855 2569 unus-

105 2616 172 2658 (ΞΑ-ιν.
186 2624 213 2644 v.
226 2615 259 2644 N.
276 2615 304 2644 1.
320 2614 381 2644 Non
400 2617 552 2652 operaberis,
564 2626 649 2653 usque
665 2619 698 2646 ad
713 2618 803 2652 latent,
816 2622 858 2647 to·

71 2657 128 2680 turn
140 2657 204 2680 item
219 2655 300 2691 capnt
308 2658 341 2679 ex
351 2651 446 2680 eodem
459 2651 482 2680 G
529 2659 571 2681 or.
583 2654 680 2690 capite.
691 2653 791 2682 (ἶιιΑι.

107 2686 134 2715 5.
151 2686 186 2715 Ut
200 2687 223 2713 ai
241 2687 303 2722 quiet
327 2687 403 2721 [orte.
423 2694 459 2714 ex
527 2695 560 2722 ις
586 2688 620 2716 Ut
639 2689 762 2725 quiaquia
779 2689 858 2725 sorte,

71 2721 184 2758 cingor.
199 2726 228 2750 et
236 2729 287 2750 ms.
302 2720 399 2749 Gaui..

105 2757 171 2800 can.
185 2764 222 2786 vi.
237 2757 270 2785 N.
292 2756 320 2784 1.
337 2755 400 2784 Nou
421 2756 520 2791 mun,
543 2765 629 2794 nsque
644 2758 679 2787 ad
692 2757 806 2794 obsita.
823 2767 858 2789 ox

48 2830 53 2834 ,
66 2793 135 2856 ἕξ.
148 2793 195 2822 lib.
207 2800 216 2820 ι
230 2791 336 2834 Iloral..
345 2798 407 2827 cap.
420 2792 555 2834 72G1m..
725 2829 733 2837 .
780 2820 784 2827 ,
829 2831 837 2838 ⁶

57 2847 77 2878 =t'
126 2848 135 2856 .
150 2826 245 2857 Βοηηι
257 2833 350 2864 qnippe
373 2830 399 2856 et
411 2835 493 2860 αειιι..
506 2834 593 2865 usque
609 2828 643 2858 ad
665 2834 770 2874 contum
785 2831 859 2867 facte,

70 2863 155 2908 juba
168 2867 232 2894 tunt
245 2863 326 2899 Aug„
339 2867 463 2891 vicoutr.
475 2862 578 2897 Faust„
593 2871 619 2892 c.
634 2865 661 2894 9.
675 2867 770 2895 (mitt.

249 2909 387 2942 I‘nnot..
409 2908 590 2943 Lxxxm.

907 2314 1063 2339 ornamenta
1078 2314 1232 2345 nuptarum,
1249 2313 1293 2335 ant
1310 2316 1340 2335 ea
1360 2316 1421 2343 quae
1439 2315 1470 2336 se
1485 2314 1538 2335 non
1554 2307 1700 2335 continens

907 2358 997 2394 nupsit
1011 2357 1127 2393 speciem
1148 2355 1258 2391 virginis
1273 2359 1348 2390 gerat
1365 2363 1371 2380 ε
1388 2354 1543 2382 omnimodo
1571 2354 1621 2380 boc
1643 2358 1702 2388 pee⁴

907 2408 996 2433 catum
1012 2407 1062 2436 est,
1078 2408 1106 2431 et
1116 2402 1139 2431 si
1153 2401 1217 2437 quid
1244 2399 1464 2428 inconvenienter
1479 2407 1511 2426 ex
1534 2399 1642 2425 diverso
1655 2406 1702 2433 ge-

908 2456 973 2477 nere
987 2447 1028 2475 vel
1043 2446 1174 2482 religione
1188 2446 1215 2473 in
1229 2445 1281 2472 vita
1293 2443 1424 2478 cujusque
1435 2441 1701 2470 contexitur-Verum

908 2493 975 2521 illud
989 2497 1053 2520 tnnc
1065 2491 1229 2526 figurabatur
1244 2490 1271 2517 in
1281 2488 1400 2517 vestibus
1414 2487 1485 2524 qnod
1500 2494 1572 2516 nune
1583 2488 1704 2516 declara-

908 2544 952 2567 tur
967 2539 994 2567 in
1006 2537 1136 2566 moribus.

944 2615 1009 2644 en».
1033 2623 1079 2643 vn.
1103 2613 1136 2642 Ν.
1161 2613 1184 2642 1.
1209 2612 1296 2640 Verba
1321 2611 1522 2640 Deuteronomii
1541 2611 1568 2639 in
1589 2611 1704 2647 Vulgata

909 2657 972 2681 sunt
988 2660 997 2680 t
1011 2650 1072 2679 Non
1083 2650 1173 2687 ligabit
1183 2657 1212 2676 οε
1225 2648 1294 2676 bouis
1306 2647 1410 2675 terentis
1424 2647 1450 2675 in
1464 2654 1526 2675 area
1537 2647 1623 2684 srttqee
1629 2655 1702 2677 ιω.

909 2690 1012 2750 Ακέἔιῖ.
1027 2729 1064 2749 ιιι.
1076 2720 1109 2748 Ν.
1126 2720 1150 2748 1.
1167 2719 1230 2748 Non
1247 2720 1338 2747 indues
1356 2723 1467 2752 vestem,
1483 2688 1569 2754 usqne
1581 2718 1616 2747 ad
1630 2690 1715 2748 muli-¹

913 2758 966 2792 tiae,
980 2757 1060 2799 (ἶνες.
1071 2756 1168 2798 yerbn,
1181 2763 1227 2783 vtn
1243 2755 1349 2790 notak,
1361 2762 1421 2790 cap.
1436 2753 1484 2796 5¹3
1499 2753 1596 2783 Garat„
1664 2789 1672 2798 ²
1693 2763 1712 2798 ‘l

912 2790 1346 2893 ⁷⁶3¹3ef⁵³32¹ff²¹²3²²¹³³35²³3·
1358 2790 1392 2860 25}
1403 2789 1704 2862 0222⁶3¹3312⁸n2ffi¹1i2¹

912 2873 978 2895 rest
1021 2871 1048 2893 ι.
1146 2881 1153 2890 .

1507 2906 1546 2939 12
1697 2885 1710 2924 ἒ
