1832 3016
30 87 81 118 0⁰¹

649 81 920 110 SENTENTtARuu
940 83 1006 110 [AB.
1028 82 1059 110 ΙΙ.

1619 81 1669 111 602

31 144 231 180 sitnpticitateni
261 150 325 172 vero
335 149 395 172 cnm
420 140 558 176 prudentia
589 139 679 167 vocari
709 139 957 174 sapien-Acorde
980 145 1097 175 tenetur,
1118 141 1141 168 si
1162 147 1211 169 ore
1225 147 1280 168 non
1301 140 1464 175 proteratur.
1478 139 1517 168 De
1531 139 1576 167 tali
1598 141 1671 168 enim

33 193 107 220 timu.

69 237 111 266 11.
128 236 199 265 Utile
210 240 252 264 est
265 235 348 263 multa
370 233 439 261 scire
453 236 482 260 et
504 236 576 260 recte
590 231 689 259 vivere.
705 231 782 265 Quod
798 232 822 260 si

31 287 174 317 utrumque
189 288 243 309 non
255 280 385 312 valemus,
400 278 497 305 melius
515 282 557 305 est
577 282 606 305 ut
630 277 699 306 bene
714 278 822 306 vivendi

31 329 148 356 studium
163 334 240 363 quam
255 325 338 353 multa
353 324 455 352 sciendi
471 331 626 358 sequamur.

69 375 114 403 ¹2.
127 374 185 402 Non
201 371 334 408 pertinere
347 371 382 398 ad
397 370 590 398 beatitudinem
605 371 822 405 consequendam

32 421 172 450 scientiam
186 425 286 451 rerum,
302 424 351 445 nec
369 425 429 445 esse
442 417 549 445 beatum
565 417 648 444 multa
670 418 750 450 scire¹
774 416 822 445 sed

33 475 94 496 esse
105 473 228 501 magnum
244 465 322 492 beate
336 465 438 491 vivere.

68 513 110 540 ¹5.
133 510 203 538 Niltii
218 510 345 545 prodesse
367 517 474 537 omnem
496 514 566 537 scire
579 511 747 544 prudentiam
761 516 821 538 cum

30 557 174 594 ignorantia
192 557 248 588 Dei,
261 561 288 584 et
299 556 364 583 nibil
375 556 471 583 obesse
483 556 632 583 scientibus
648 556 731 583 Deum
747 557 823 591 igno-

28 604 142 632 rantiam
159 603 262 630 mundi.
276 603 396 630 Perlecte
408 608 498 630 autem
510 602 570 635 scit,
581 604 626 638 qui
641 603 728 638 potius
738 603 822 631 neum

29 655 56 678 et
72 650 121 678 istu
137 657 189 677 non
201 657 250 684 pro
265 657 305 682 se,
317 649 366 677 sed
383 657 429 684 pro
446 650 502 677 Deo
515 650 576 677 scit.

65 697 110 725 11.
124 696 194 724 Nihil
218 696 313 724 obesse
328 696 450 731 cuiquam
467 696 489 723 si
505 703 553 730 per
563 696 762 730 simplicitatem
776 703 824 723 an-

28 750 105 778 quam
119 742 153 770 de
165 743 305 770 elementis
318 742 426 777 indigne
439 742 548 776 sentiat,
560 742 706 770 dummodo
720 742 755 769 de
768 742 823 769 Deo

29 797 92 817 vera
108 790 273 824 pronuntiet.
286 789 351 816 Nam
364 789 485 824 quamvis
496 789 530 816 de
545 789 711 823 incorporeis
724 796 822 823 corpo-

875 187 928 214 tide
941 188 1072 222 propbeta
1089 187 1124 214 ita
1147 186 1278 222 quosdam
1294 186 1427 222 objurgat,
1448 186 1541 214 dicens
1558 194 1565 213 ι
1590 186 1671 214 Periit

875 232 949 266 fides,
965 233 1050 259 ablata
1068 237 1105 260 est
1127 233 1159 259 de
1172 240 1216 259 ore
1226 240 1314 259 eorum
1328 232 1436 268 (Ierem.
1455 240 1503 264 vn,
1518 231 1576 267 28).
1592 231 1672 260 Fides
1717 267 1722 270 ᾖ

875 277 946 304 enim
962 285 1021 310 qua:
1031 277 1113 305 corde
1125 278 1254 311 creditur,
1265 278 1432 306 contusione
1442 278 1496 305 oris
1510 277 1544 306 ad
1556 277 1671 306 salutem

874 324 1008 358 protertur
1023 323 1111 359 (Rom.
1125 332 1153 358 x,
1171 324 1228 359 10).

910 370 938 397 8.
965 370 1081 397 Vacuam
1104 378 1165 398 esse
1188 371 1247 398 sine
1266 370 1395 405 operibus
1416 370 1508 404 tidem,
1525 375 1551 398 et
1574 371 1672 400 frustra

875 416 926 444 sibi
941 416 974 443 de
988 416 1043 443 sota
1059 416 1111 443 lide
1128 416 1207 451 19³
1230 416 1375 448 blanditur,
1391 416 1436 451 qui
1456 416 1533 443 bonis
1546 418 1672 451 operibus

876 471 928 490 non
942 466 1064 490 ornatur.

911 509 938 537 9.
953 509 1003 543 Qui
1016 515 1126 536 crucem
1141 511 1230 543 portat
1244 508 1325 535 debet
1338 513 1366 535 et
1383 508 1483 535 mundo
1499 509 1576 535 mori.
1605 508 1671 536 Nam

875 555 947 583 serre
971 562 1095 586 erucem,
1122 559 1148 581 et
1171 554 1255 586 mori,
1281 553 1446 581 mortificare
1469 553 1586 588 seipsum
1609 558 1671 587 est;

876 601 957 634 terre,
970 605 997 628 ct
1011 608 1063 628 non
1080 600 1164 632 mori,
1181 599 1316 627 simulatio
1331 599 1531 634 hypocritarum
1546 605 1598 627 est.

911 648 954 675 10.
980 647 1030 680 Qut
1055 654 1101 680 per
1128 646 1206 674 iidem
1225 645 1405 681 cognitionem
1428 646 1474 672 Dei
1501 645 1620 679 liabent,
1646 650 1673 674 et

875 695 1000 730 operibus
1016 694 1204 725 obscurantur,
1219 693 1370 727 exemplum
1386 692 1493 719 Balaam
1512 697 1670 727 sequuntur3

875 741 920 775 qui
939 739 1039 767 cadens
1055 746 1149 773 opere,
1162 742 1271 773 apertos
1286 738 1378 766 oculos
1391 737 1484 765 habuit
1495 745 1542 772 per
1553 744 1672 766 contem-

875 786 1001 822 plationis
1017 786 1108 812 iidem.

27 835 134 870 reisque
158 835 261 863 naturis
281 840 398 870 nequeat.
411 836 523 870 quisque
550 835 694 870 disputare,
716 835 822 863 beatum
838 831 863 862 B
913 836 958 862 11.
973 834 1101 862 carnales
1115 833 1193 860 fidem
1210 840 1262 860 non
1278 840 1326 867 pro
1341 832 1439 859 virtute
1454 831 1546 863 animi,
1562 831 1607 858 scd
1625 839 1672 865 pro

29 886 116 910 tamen
132 882 206 909 illum
222 881 284 909 facit
297 881 348 908 vita
364 886 436 909 recta
449 889 509 908 cum
526 882 588 909 tide.

300 939 378 975 192
396 939 510 966 CAPUT
524 939 555 966 ιι.

67 1029 91 1057 ι.
115 1020 172 1047 Non
194 1027 274 1054 posse
297 1019 330 1046 ad
346 984 649 1047 vgssrssdfieatuudtnem
670 1019 821 1054 pervenire,

29 1067 79 1094 nisi
104 1075 150 1101 per
174 1067 268 1098 tidem;
294 1066 401 1093 beatum
427 1070 516 1092 autem
541 1072 614 1098 esse,
633 1066 677 1099 qui
703 1069 731 1092 et
750 1070 823 1093 recte

28 1112 163 1139 credendo
177 1111 245 1139 bene
267 1110 343 1145 vivit,
359 1114 387 1138 et
401 1111 469 1138 bene
484 1111 608 1143 vivendo,
623 1110 703 1138 fidem
721 1117 822 1139 rectam

28 1159 154 1187 custodit.

69 1205 95 1232 2.
114 1206 194 1238 Deus,
212 1206 233 1232 si
256 1205 385 1237 creditur,
402 1208 498 1231 merito
520 1208 658 1231 luvocatur
681 1208 706 1231 et
727 1205 825 1239 quaeri-

31 1255 87 1283 tur;
105 1258 135 1277 ac
151 1258 199 1285 per
212 1251 261 1277 boc
275 1255 338 1277 tunc
353 1250 469 1284 perfecte
482 1249 615 1282 laudatur,
631 1249 736 1284 quando
749 1250 825 1277 invo-

29 1302 106 1324 catur
117 1301 143 1324 et
159 1296 285 1324 crs-ditur.

65 1342 91 1369 5.
106 1342 164 1369 Non
174 1346 274 1369 tantum
291 1341 317 1368 id
326 1341 489 1368 credendum
500 1344 551 1374 est,
561 1340 631 1375 quod
642 1347 723 1367 sensu
734 1341 824 1368 caruis

31 1389 223 1423 dignoscimus,
240 1388 286 1415 sed
303 1388 385 1422 magis
399 1387 478 1414 etiarn
490 1387 559 1421 quod
575 1386 709 1414 intellectu
725 1388 823 1414 mentis

30 1436 222 1470 conspicimus,
239 1435 264 1461 id
290 1440 340 1467 est,
358 1435 452 1461 Deum.
472 1434 535 1461 Sine
558 1433 611 1461 fide
636 1440 714 1461 nemo
736 1438 823 1468 potest

30 1482 136 1517 placere
151 1481 205 1508 Deo
221 1480 316 1515 (Heln.
328 1487 364 1512 ιιι,
382 1479 409 1514 6)
427 1489 433 1507 τ
452 1479 533 1506 Omne
547 1479 613 1506 enim
628 1479 696 1513 quod
716 1487 767 1506 non
787 1484 824 1506 ese

30 1535 62 1556 a
74 1528 124 1562 fide
138 1532 268 1562 peccatum
282 1531 318 1553 est
334 1526 422 1561 (Rom.
436 1534 489 1558 xiv,
501 1525 557 1561 25).

66 1573 91 1600 4.
115 1574 192 1601 Fides
214 1580 380 1608 nequaquam
407 1572 432 1599 vi
452 1575 636 1606 extorquetur,
653 1571 700 1598 sed
723 1571 825 1599 ratione

30 1624 109 1655 atque
133 1619 264 1653 exemplis
288 1618 428 1646 suadetur.
449 1619 470 1645 A
491 1617 589 1652 quibus
604 1622 692 1645 autem
712 1618 827 1651 exigitur

33 1665 173 1697 violenter,
195 1671 371 1699 perseverare
393 1664 419 1690 in
435 1664 474 1690 eis
493 1670 545 1690 non
562 1667 650 1697 potest
667 1671 674 1689 z
691 1662 823 1696 exemplo,

34 1715 62 1738 ut
76 1710 182 1744 quidam
198 1710 244 1741 ait,
257 1710 368 1737 novellat
381 1709 495 1742 arboris,
508 1708 584 1742 cujus
594 1708 685 1742 siquis
696 1714 826 1735 cacumen

23 1755 163 1783 ‘violenter
175 1755 349 1789 impresserit,
362 1755 462 1787 denuo,
475 1755 538 1781 dum
552 1754 666 1787 laxatur,
681 1754 706 1780 in
718 1754 744 1781 id
756 1754 828 1788 quod

33 1805 128 1835 fuerat,
143 1803 283 1830 confestim
297 1803 440 1830 revertitur

70 1844 97 1877 5.
114 1849 187 1877 Sicut
202 1849 294 1881 Ιιοιιιυ,
308 1849 392 1876 libero
403 1848 515 1875 arbitrio
523 1848 658 1882 conditus,
670 1854 718 1875 sua
732 1850 829 1882 sponte

32 1896 141 1925 divertit
162 1904 177 1922 a
203 1896 269 1929 Deo,
294 1896 330 1922 ita
354 1903 386 1923 ex
408 1895 513 1930 propria
535 1896 631 1922 mentis
650 1897 829 1923 conversione

33 1942 182 1974 credendo,
199 1941 313 1968 recurrit
325 1940 359 1968 ad
375 1941 471 1974 Deum,
485 1945 516 1967 ut
530 1945 557 1968 et
576 1941 683 1968 libertas
698 1948 829 1975 agnosca-

35 1992 79 2015 tur
93 1986 199 2014 arbitrii
225 1993 271 2021 per
289 1986 423 2021 propriam
438 1986 614 2019 voluntatem,
630 1989 658 2013 et
672 1986 828 2013 beneficium

35 2033 129 2068 gratiae
141 2039 189 2066 per
202 2035 339 2066 acceptam
353 2031 413 2059 tidei
428 2033 578 2059 veritatem.

72 2079 100 2108 6.
115 2080 143 2106 ln
164 2079 245 2107 corde
267 2079 375 2113 respicit
399 2079 470 2106 Deus
485 2079 577 2112 tidem,
594 2079 639 2106 ubi
653 2086 684 2106 se
697 2086 749 2106 non
770 2086 831 2112 pos-

35 2131 99 2156 cunt
123 2126 245 2153 homines
269 2132 410 2157 excusare,
434 2125 479 2159 qui
503 2132 550 2152 ore
573 2125 699 2152 simulant
712 2125 831 2152 veritatis

39 2171 230 2207 professionem
258 2175 287 2199 et
313 2169 395 2198 corde
419 2176 555 2199 retentant
579 2172 680 2198 erroris
707 2171 830 2207 impieta-

38 2221 103 2245 lem.

73 2263 100 2292 7.
117 2264 192 2292 Sicut
205 2264 271 2292 nibil
291 2263 396 2298 proiicit
415 2264 482 2291 tides
503 2271 562 2299 quae
577 2271 624 2292 ore
644 2265 786 2299 retinetur,
803 2270 831 2293 et.

38 2310 120 2338 eorde
142 2318 194 2338 non
215 2310 344 2342 creditur.
370 2311 405 2338 ita
427 2310 493 2337 nibil
519 2310 658 2345 protutura
679 2311 755 2344 sides,
771 2319 830 2346 quae

77 2389 122 2418 13.
137 2388 262 2416 Prodesse
273 2397 381 2417 omnem.
398 2389 452 2422 Λ1.,
466 2391 568 2425 prodent
583 2389 688 2417 homini.
705 2389 793 2418 Αιιιν.

41 2462 62 2490 Α
76 2425 140 2453 Cn.
153 2431 183 2451 tt.
193 2423 225 2451 N.
238 2423 255 2450 5
269 2433 276 2451 :
289 2423 364 2452 Fidei
377 2425 516 2452 ueritatem.
529 2425 583 2457 Α1.,
595 2425 656 2459 fidei
669 2425 830 2459 firmitatem.

66 2468 128 2489 ntv.

78 2497 105 2522 ·t.
121 2494 149 2522 ln
163 2494 288 2522 omnibus
302 2494 389 2522 Editis
403 2499 460 2522 erat
481 2494 645 2530 confessionis
656 2496 721 2529 oris,
736 2496 806 2523 mate
823 2506 830 2524 :

42 2530 90 2559 sed
105 2530 130 2557 in
138 2528 262 2556 omuibus
273 2528 335 2557 Mes.
357 2530 513 2565 confessione
524 2531 586 2562 oria,
598 2538 676 2565 quam
688 2531 830 2559 lectionem

44 2565 143 2608 probo;
156 2564 195 2591 stc
203 2567 247 2591 ent
257 2563 326 2597 apud
338 2550 425 2597 i’aul„
440 2564 517 2592 Rom.
527 2573 560 2592 x:
572 2565 656 2592 Corde
667 2566 783 2594 creditur
797 2567 832 2594 ud

42 2600 168 2636 ,ustitiam
197 2606 240 2625 ore
252 2603 335 2626 entem
348 2599 472 2633 contnuo
483 2600 521 2631 fit.
537 2600 646 2628 tonsi.

79 2634 149 2662 md.
166 2621 328 2674 broseratur.
343 2633 396 2666 At„
442 2634 570 2668 optentur.
585 2635 672 2664 Anv.

80 2671 106 2698 9.
119 2669 276 2704 Gregorius,
289 2668 337 2695 ub.
350 2674 396 2695 vtu
435 2669 503 2696 orat.
513 2685 522 2701 ,
531 2676 592 2705 cap.
605 2670 652 2702 ξεῖ.
667 2670 777 2699 Lanu.

81 2705 127 2732 10.
139 2703 266 2739 Gregor..
280 2702 328 2731 lib.
342 2710 395 2730 xxv
406 2702 513 2737 110111..
523 2710 584 2739 etp.
597 2704 643 2737 tu,
655 2706 690 2733 ad
708 2706 832 2734 verbum.

30 2739 234 2855 fiij-*lotum
260 2781 299 2802 vi.
326 2773 376 2802 tut
397 2773 479 2802 ettam
493 2774 564 2807 apud
579 2773 673 2812 Grau..
698 2775 748 2806 lib.
763 2783 832 2806 xxm

0 2807 1 2835 1
121 2810 158 2845 1.,
167 2816 228 2845 cap.
239 2809 284 2838 17.
297 2807 408 2839 uun.

0 2856 68 3016 ti

874 880 1016 908 commodo
1025 886 1148 914 quaerere,
1157 878 1311 913 temporali.
1325 877 1403 905 Unde
1413 881 1440 904 et
1452 878 1579 903 Dominus
1590 876 1671 903 dicit:

877 926 998 960 Quoert'tis
1010 934 1059 958 me,
1078 933 1130 952 non
1144 925 1204 959 quia
1218 925 1316 952 vicistis
1326 924 1415 959 siqua,
1433 923 1477 950 sed
1492 923 1551 952 αιιὶα
1564 923 1673 950 mandu-

875 974 951 999 cantis
965 973 996 998 de
1008 971 1115 1007 panibus
1131 964 1221 1006 (Ioan.
1234 978 1259 997 vi
1269 992 1276 1003 ,
1293 970 1352 1004 26).

911 1019 955 1045 19..
971 1018 1140 1045 Christianus
1156 1018 1242 1045 malus
1253 1038 1260 1048 ,
1283 1017 1345 1044 dum
1370 1016 1517 1044 secundum
1535 1016 1673 1050 Evangelii

875 1064 1024 1092 doctrinam
1037 1072 1090 1091 non
1106 1064 1183 1096 vivit,
1195 1064 1276 1091 etiam
1289 1064 1374 1098 ipsam
1391 1063 1482 1095 tidem,
1495 1070 1575 1097 quam
1591 1062 1672 1090 verbo

876 1111 951 1143 colit,
968 1111 1063 1138 oborta
1080 1111 1237 1142 tentatione.
1252 1110 1328 1137 facile
1344 1110 1442 1144 perdit.

912 1159 955 1185 15.
972 1158 1043 1185 Multi
1060 1158 1112 1185 tide
1127 1164 1227 1184 tantum
1253 1158 1396 1185 Christiani
1411 1162 1473 1184 sunt
1485 1178 1491 1189 .
1509 1164 1591 1192 opere
1607 1164 1673 1184 vero

877 1211 891 1230 a
904 1203 1055 1230 Christiana
1067 1204 1190 1230 doctrina
1201 1204 1374 1231 dissentiunt.
1387 1203 1461 1230 Multi
1472 1210 1579 1237 quoque
1593 1202 1671 1229 tidem

875 1249 974 1277 Christi
1000 1257 1031 1276 ex
1057 1250 1139 1277 corde
1162 1257 1215 1276 non
1233 1254 1342 1282 amant,
1369 1250 1415 1276 sed
1432 1250 1548 1275 humano
1571 1253 1673 1276 terrore

875 1296 997 1322 eamdem
1010 1302 1056 1329 per
1083 1295 1244 1329 hypocrisim
1265 1299 1357 1322 tenere
1372 1302 1401 1321 se
1416 1294 1552 1321 simulant.
1571 1294 1604 1321 Et
1627 1295 1671 1328 qui

875 1348 934 1368 esse
950 1349 1001 1368 non
1014 1345 1126 1376 possunt
1141 1346 1234 1374 aperte
1242 1341 1316 1373 mali,
1334 1348 1382 1375 per
1393 1345 1524 1368 terrorem
1539 1341 1599 1368 stete
1610 1341 1672 1368 boni

876 1393 1031 1416 noscuntur.

912 1434 956 1461 14.
974 1435 1114 1462 Amatores
1130 1434 1222 1460 mundi
1239 1437 1357 1468 pugnant
1368 1433 1512 1468 aliquando
1536 1440 1585 1467 pro
1602 1433 1653 1459 tide
1664 1453 1672 1466 ,

875 1485 902 1508 et
915 1481 974 1507 aliis
989 1480 1094 1515 quidem
1109 1481 1267 1514 proiiciuut;
1284 1480 1333 1514 ipsi
1353 1487 1427 1513 vcro,
1453 1486 1545 1506 amore
1568 1485 1674 1506 terreno

838 1521 860 1552 C
877 1528 1022 1562 implicati,
1044 1527 1162 1554 coelestia
1179 1534 1232 1553 non
1248 1527 1396 1561 requirunt,
1412 1525 1459 1553 sed
1477 1525 1559 1552 verbo
1572 1530 1674 1551 tantum

878 1575 957 1602 iidem
972 1574 1128 1602 defendunt.

915 1620 958 1647 15.
975 1620 1087 1653 Quidam
1101 1626 1148 1653 pro
1166 1618 1218 1646 tide
1233 1618 1313 1646 etiam
1330 1618 1471 1645 haereticos
1487 1617 1674 1651 insequuntur,

878 1665 924 1693 sed
950 1672 999 1699 per
1025 1664 1206 1699 arrogantiam
1229 1671 1277 1691 eos
1297 1663 1340 1697 qui
1361 1663 1429 1690 intra
1447 1663 1594 1690 Ecclesiam
1615 1666 1676 1688 sunt

878 1716 1064 1739 contemnunt.
1082 1711 1257 1739 Adversarios
1270 1710 1378 1746 quidem
1392 1710 1455 1737 iidei
1475 1708 1615 1737 contutant
1629 1718 1676 1744 pro

879 1758 1051 1791 infidelitate,
1065 1757 1111 1785 sed
1129 1757 1221 1785 fideles
1236 1762 1361 1791 premunt
1373 1756 1445 1784 fasce
1460 1756 1602 1791 superbiae.

1188 1813 1302 1840 CAPUT
1317 1812 1361 1840 ttt.

1166 1849 1205 1876 De
1239 1849 1375 1876 charitate.

918 1896 944 1923 1.
966 1896 1094 1929 Quamvis
1110 1895 1231 1922 nonnulli
1254 1895 1305 1922 lide
1323 1901 1404 1929 atque
1425 1894 1552 1929 operibus
1580 1895 1678 1922 sanctis

881 1942 1023 1969 videantur
1046 1949 1107 1969 esse
1134 1941 1295 1975 participes,
1322 1946 1431 1972 tamen,
1455 1941 1516 1975 quia
1541 1940 1679 1974 privantur

881 1987 1012 2014 charitate
1037 1986 1161 2014 fraternae
1182 1986 1351 2019 dilectionis,
1372 1985 1451 2021 194
1463 1985 1565 2012 nullum
1581 1985 1678 2012 habeut

882 2032 1082 2062 incrementum
1097 2031 1213 2059 virtutis.
1229 2031 1295 2058 Nam
1315 2031 1385 2058 sicut
1404 2033 1440 2058 ait
1454 2031 1598 2064 Apostolus
1618 2039 1624 2056 1
1648 2030 1679 2058 Si

883 2080 1012 2108 tradidero
1034 2086 1126 2113 corpus
1143 2085 1243 2109 meum,
1271 2081 1299 2103 ut
1321 2077 1425 2103 ardeam
1437 2097 1444 2108 ,
1460 2076 1609 2102 charitatem
1629 2083 1678 2102 non

883 2129 1004 2160 habuero,
1021 2126 1086 2154 nituit
1101 2125 1162 2152 milti
1176 2125 1278 2159 prodeat
1295 2123 1320 2159 (1
1338 2123 1396 2150 Cor.
1414 2131 1470 2155 ιιιιι,
1487 2123 1524 2157 5).

918 2175 945 2201 Ξ.
963 2173 1027 2201 Sine
1052 2179 1143 2199 amore
1166 2171 1317 2204 charitatiS‚
1335 2169 1456 2205 quamvis
1471 2169 1583 2204 quisque
1607 2173 1680 2196 recte

846 2212 873 2244 D
885 2221 993 2254 credat,
1007 2219 1039 2246 ad
1055 2218 1248 2246 beatitudinem
1266 2217 1407 2252 pervenire
1425 2223 1478 2243 non
1505 2219 1602 2250 potest,
1616 2215 1678 2249 quia

885 2271 956 2295 tantu
978 2270 1019 2294 est
1046 2264 1184 2292 charitatis
1207 2264 1308 2296 virtus,
1325 2267 1354 2290 ut
1368 2263 1448 2290 etiam
1477 2262 1617 2297 prophetin
1651 2264 1680 2288 et

884 2313 1041 2348 martyrium
1053 2312 1114 2339 sine
1124 2311 1169 2338 illa
1182 2310 1247 2337 niltil
1259 2317 1320 2337 esse
1332 2310 1484 2336 credantur.

920 2392 988 2419 ibid.
1002 2392 1124 2419 Carnutes
1140 2392 1228 2425 fidem.
1243 2390 1297 2422 At..
1311 2388 1456 2427 carnalium
1470 2389 1507 2412 est
1519 2385 1605 2419 fidem.
1625 2384 1678 2413 Sed

885 2428 950 2455 nibil
968 2432 1065 2459 mutes,
1076 2426 1198 2461 quamvis
1214 2425 1265 2451 hoc
1276 2424 1375 2451 clarius
1389 2423 1520 2448 videatur.
1537 2421 1622 2447 Αιιεν,

921 2464 965 2491 15.
978 2463 1071 2497 Greg„
1094 2462 1139 2488 lib.
1157 2468 1213 2492 xxi,
1228 2467 1286 2492 cap.
1305 2459 1348 2490 ¹0,
1364 2462 1392 2484 et
1406 2457 1453 2484 llb.
1475 2463 1558 2488 xxvn.
1574 2462 1634 2490 cap.
1650 2455 1666 2483 6

885 2498 978 2526 Mor-at.
994 2498 1101 2524 Loitsit.

923 2532 966 2559 15.
983 2532 1066 2559 Fam
1078 2531 1215 2565 superbioe.
1237 2530 1312 2557 Meus
1321 2527 1412 2555 Codex
1429 2533 1480 2554 ms.
1499 2526 1568 2560 fastu
1589 2533 1679 2560 auper-

885 2569 944 2599 bt'oe,
958 2568 1028 2602 quod
1041 2567 1154 2594 fortasse
1167 2565 1271 2592 melius.
1286 2566 1372 2592 Anev.

921 2603 988 2630 Cn.
1005 2610 1043 2630 ιιι.
1056 2602 1087 2629 Ν.
1103 2601 1129 2628 1.
1149 2601 1187 2628 Ex
1197 2600 1290 2635 Grcg..
1303 2599 1350 2626 lib.
1365 2597 1544 2626 xvtuMoral..
1555 2603 1615 2631 cap.
1633 2595 1676 2628 14ς

885 2640 1016 2673 ass'ertque
1029 2638 1053 2664 id
1066 2636 1248 2663 testimonium
1266 2633 1371 2665 Pauli‚l
1386 2633 1449 2660 Cor.
1465 2635 1523 2660 xnt.
1538 2632 1646 2659 Lomu-

922 2674 990 2700 lbid.
1005 2673 1035 2700 Si
1052 2672 1193 2699 tradidero.
1213 2671 1258 2698 Sic
1270 2676 1364 2697 omnes
1378 2669 1464 2696 cuttu.
1492 2675 1569 2700 msa„
1583 2672 1612 2694 et
1629 2666 1650 2693 C
1675 2679 1682 2688 ·

884 2710 1006 2746 priauus,
1030 2708 1064 2734 de
1089 2707 1193 2734 unitate
1206 2705 1292 2737 Ecel..
1307 2708 1334 2732 et
1347 2703 1502 2737 Cassianus,
1527 2703 1632 2734 collat..
1666 2720 1674 2733 ‚

884 2746 919 2774 ‹le
943 2743 1065 2772 uomet..
1081 2741 1191 2773 «testim,
1207 2747 1268 2775 cap.
1282 2740 1310 2767 tt.
1325 2739 1412 2767 Locus
1426 2743 1470 2767 est
1489 2737 1559 2772 apud
1575 2737 1651 2765 Paul.
1665 2735 1676 2764 1

883 2781 946 2810 cor.
964 2786 1024 2806 xtu.
1038 2777 1142 2809 Graece,
1157 2777 1200 2804 ἵνα
1210 2773 1382 2812 {aveamu-
1403 2773 1512 2802 Lonstt.
