<?xml version="1.0" encoding="UTF-8"?>
<!DOCTYPE html PUBLIC "-//W3C//DTD XHTML 1.0 Transitional//EN"
    "http://www.w3.org/TR/xhtml1/DTD/xhtml1-transitional.dtd">
<html xmlns="http://www.w3.org/1999/xhtml" xml:lang="en" lang="en">
 <head>
  <title>
</title>
<meta http-equiv="Content-Type" content="text/html;charset=utf-8" />
  <meta name='ocr-system' content='tesseract 3.04.00' />
  <meta name='ocr-capabilities' content='ocr_page ocr_carea ocr_par ocr_line ocrx_word'/>
</head>
<body>
  <div class='ocr_page' id='page_1' title='image "./patrologiae83unknuoft_0047.png"; bbox 0 0 1832 3016; ppageno 0'>
   <div class='ocr_carea' id='block_1_1' title="bbox 0 127 136 3016">
    <p class='ocr_par' dir='ltr' id='par_1_1' title="bbox 0 127 136 3016">
     <span class='ocr_line' id='line_1_1' title="bbox 0 127 12 299; baseline 0 -47"><span class='ocrx_word' id='word_1_1' title='bbox 0 127 12 299; x_wconf 95' lang='lat' dir='ltr'><strong>   </strong></span> 
     </span>
     <span class='ocr_line' id='line_1_2' title="bbox 0 299 11 388; baseline 0 -47"><span class='ocrx_word' id='word_1_2' title='bbox 0 299 11 388; x_wconf 95' lang='lat' dir='ltr'><strong>  </strong></span> 
     </span>
     <span class='ocr_line' id='line_1_3' title="bbox 0 388 11 441; baseline 0 2575"><span class='ocrx_word' id='word_1_3' title='bbox 0 388 11 441; x_wconf 95' lang='lat' dir='ltr'><strong> </strong></span> 
     </span>
     <span class='ocr_line' id='line_1_4' title="bbox 0 441 11 598; baseline 0 -20"><span class='ocrx_word' id='word_1_4' title='bbox 0 441 11 598; x_wconf 95' lang='lat' dir='ltr'><strong>    </strong></span> 
     </span>
     <span class='ocr_line' id='line_1_5' title="bbox 0 598 11 773; baseline 0 -72"><span class='ocrx_word' id='word_1_5' title='bbox 0 598 11 773; x_wconf 95' lang='lat' dir='ltr'><strong>   </strong></span> 
     </span>
     <span class='ocr_line' id='line_1_6' title="bbox 0 773 10 912; baseline 0 -43"><span class='ocrx_word' id='word_1_6' title='bbox 0 773 10 912; x_wconf 95' lang='lat' dir='ltr'><strong>   </strong></span> 
     </span>
     <span class='ocr_line' id='line_1_7' title="bbox 0 912 11 1005; baseline 0 0"><span class='ocrx_word' id='word_1_7' title='bbox 0 912 11 1005; x_wconf 95' lang='lat' dir='ltr'><strong>  </strong></span> 
     </span>
     <span class='ocr_line' id='line_1_8' title="bbox 0 1005 11 1049; baseline 0 1967"><span class='ocrx_word' id='word_1_8' title='bbox 0 1005 11 1049; x_wconf 95' lang='lat' dir='ltr'><strong> </strong></span> 
     </span>
     <span class='ocr_line' id='line_1_9' title="bbox 0 1049 11 1207; baseline 0 -67"><span class='ocrx_word' id='word_1_9' title='bbox 0 1049 11 1207; x_wconf 95' lang='lat' dir='ltr'><strong>    </strong></span> 
     </span>
     <span class='ocr_line' id='line_1_10' title="bbox 0 1280 11 1419; baseline 0 -49"><span class='ocrx_word' id='word_1_10' title='bbox 0 1280 11 1419; x_wconf 95' lang='lat' dir='ltr'><strong>   </strong></span> 
     </span>
     <span class='ocr_line' id='line_1_11' title="bbox 0 1419 12 1554; baseline 0 -40"><span class='ocrx_word' id='word_1_11' title='bbox 0 1419 12 1554; x_wconf 95' lang='lat' dir='ltr'><strong>   </strong></span> 
     </span>
     <span class='ocr_line' id='line_1_12' title="bbox 0 1554 12 1644; baseline 0 -48"><span class='ocrx_word' id='word_1_12' title='bbox 0 1554 12 1644; x_wconf 95' lang='lat' dir='ltr'><strong>  </strong></span> 
     </span>
     <span class='ocr_line' id='line_1_13' title="bbox 0 1644 12 1737; baseline 0 0"><span class='ocrx_word' id='word_1_13' title='bbox 0 1644 12 1737; x_wconf 95' lang='lat' dir='ltr'><strong>  </strong></span> 
     </span>
     <span class='ocr_line' id='line_1_14' title="bbox 0 1737 12 1828; baseline 0 -49"><span class='ocrx_word' id='word_1_14' title='bbox 0 1737 12 1828; x_wconf 95' lang='lat' dir='ltr'><strong>  </strong></span> 
     </span>
     <span class='ocr_line' id='line_1_15' title="bbox 0 1828 13 1874; baseline 0 1142"><span class='ocrx_word' id='word_1_15' title='bbox 0 1828 13 1874; x_wconf 95' lang='lat' dir='ltr'><strong> </strong></span> 
     </span>
     <span class='ocr_line' id='line_1_16' title="bbox 0 1874 13 1981; baseline 0 -13"><span class='ocrx_word' id='word_1_16' title='bbox 0 1874 13 1981; x_wconf 95' lang='lat' dir='ltr'><strong>   </strong></span> 
     </span>
     <span class='ocr_line' id='line_1_17' title="bbox 0 1981 10 2078; baseline 0 0"><span class='ocrx_word' id='word_1_17' title='bbox 0 1981 10 2078; x_wconf 95' lang='lat' dir='ltr'><strong>   </strong></span> 
     </span>
     <span class='ocr_line' id='line_1_18' title="bbox 0 2078 74 2233; baseline 0 -40"><span class='ocrx_word' id='word_1_18' title='bbox 0 2078 74 2233; x_wconf 95' lang='lat' dir='ltr'><strong>   </strong></span> 
     </span>
     <span class='ocr_line' id='line_1_19' title="bbox 0 2233 74 2340; baseline 0 0"><span class='ocrx_word' id='word_1_19' title='bbox 0 2233 74 2340; x_wconf 95' lang='lat' dir='ltr'><strong>  </strong></span> 
     </span>
     <span class='ocr_line' id='line_1_20' title="bbox 0 2340 34 2471; baseline 0 -43"><span class='ocrx_word' id='word_1_20' title='bbox 0 2340 34 2471; x_wconf 95' lang='lat' dir='ltr'><strong>     </strong></span> 
     </span>
     <span class='ocr_line' id='line_1_21' title="bbox 0 2471 46 2577; baseline 0 -5"><span class='ocrx_word' id='word_1_21' title='bbox 0 2471 46 2577; x_wconf 95' lang='lat' dir='ltr'><strong>   </strong></span> 
     </span>
     <span class='ocr_line' id='line_1_22' title="bbox 0 2577 40 2670; baseline -0.15 -21"><span class='ocrx_word' id='word_1_22' title='bbox 0 2577 40 2670; x_wconf 95' lang='lat' dir='ltr'><strong>   </strong></span> 
     </span>
     <span class='ocr_line' id='line_1_23' title="bbox 0 2670 121 2856; baseline 0 -67"><span class='ocrx_word' id='word_1_23' title='bbox 0 2670 121 2856; x_wconf 95' lang='lat' dir='ltr'><strong>     </strong></span> 
     </span>
     <span class='ocr_line' id='line_1_24' title="bbox 0 2856 112 2884; baseline 0 132"><span class='ocrx_word' id='word_1_24' title='bbox 0 2856 112 2884; x_wconf 95' lang='lat' dir='ltr'><strong> </strong></span> 
     </span>
     <span class='ocr_line' id='line_1_25' title="bbox 0 2884 136 3016; baseline 0 -55"><span class='ocrx_word' id='word_1_25' title='bbox 0 2884 136 3016; x_wconf 95' lang='lat' dir='ltr'><strong>  </strong></span> 
     </span>
    </p>
   </div>
   <div class='ocr_carea' id='block_1_2' title="bbox 18 244 821 652">
    <p class='ocr_par' dir='ltr' id='par_1_2' title="bbox 19 244 819 324">
     <span class='ocr_line' id='line_1_26' title="bbox 19 244 819 281; baseline -0.001 -8"><span class='ocrx_word' id='word_1_26' title='bbox 19 250 60 275; x_wconf 65' lang='lat' dir='ltr'><strong>net</strong></span> <span class='ocrx_word' id='word_1_27' title='bbox 69 246 204 281; x_wconf 80' lang='lat' dir='ltr'>longiores</span> <span class='ocrx_word' id='word_1_28' title='bbox 214 246 332 274; x_wconf 74' lang='lat' dir='ltr'><strong>formatae</strong></span> <span class='ocrx_word' id='word_1_29' title='bbox 342 249 414 277; x_wconf 84' lang='lat' dir='ltr'><strong>sunt,</strong></span> <span class='ocrx_word' id='word_1_30' title='bbox 421 248 451 271; x_wconf 89' lang='lat' dir='ltr'><strong>ut</strong></span> <span class='ocrx_word' id='word_1_31' title='bbox 458 244 554 272; x_wconf 83' lang='lat' dir='ltr'><strong>stabile</strong></span> <span class='ocrx_word' id='word_1_32' title='bbox 561 251 660 280; x_wconf 84' lang='lat' dir='ltr'><strong>corpus</strong></span> <span class='ocrx_word' id='word_1_33' title='bbox 670 246 699 273; x_wconf 81' lang='lat' dir='ltr'><strong>el</strong></span> <span class='ocrx_word' id='word_1_34' title='bbox 699 246 819 274; x_wconf 85' lang='lat' dir='ltr'><strong>licerent.</strong></span> 
     </span>
     <span class='ocr_line' id='line_1_27' title="bbox 19 289 748 324; baseline -0.001 -4"><span class='ocrx_word' id='word_1_35' title='bbox 19 291 126 321; x_wconf 78' lang='lat' dir='ltr'><strong>tcatces</strong></span> <span class='ocrx_word' id='word_1_36' title='bbox 139 297 228 320; x_wconf 85' lang='lat' dir='ltr'><strong>autem</strong></span> <span class='ocrx_word' id='word_1_37' title='bbox 241 298 256 318; x_wconf 82' lang='lat' dir='ltr'><strong>a</strong></span> <span class='ocrx_word' id='word_1_38' title='bbox 269 290 336 318; x_wconf 76' lang='lat' dir='ltr'><strong>callo</strong></span> <span class='ocrx_word' id='word_1_39' title='bbox 351 289 447 324; x_wconf 86' lang='lat' dir='ltr'><strong>pedum</strong></span> <span class='ocrx_word' id='word_1_40' title='bbox 463 290 502 318; x_wconf 87' lang='lat' dir='ltr'><strong>sic</strong></span> <span class='ocrx_word' id='word_1_41' title='bbox 517 291 661 319; x_wconf 77' lang='lat' dir='ltr'><strong>nominatae</strong></span> <span class='ocrx_word' id='word_1_42' title='bbox 675 296 748 319; x_wconf 86' lang='lat' dir='ltr'><strong>sunt.</strong></span> 
     </span>
    </p>

    <p class='ocr_par' dir='ltr' id='par_1_3' title="bbox 18 336 821 652">
     <span class='ocr_line' id='line_1_28' title="bbox 67 336 820 371; baseline -0.003 -5"><span class='ocrx_word' id='word_1_43' title='bbox 67 339 112 365; x_wconf 75' lang='lat'><strong>72.</strong></span> <span class='ocrx_word' id='word_1_44' title='bbox 134 338 232 366; x_wconf 83' lang='lat' dir='ltr'><strong>Pedum</strong></span> <span class='ocrx_word' id='word_1_45' title='bbox 243 336 317 371; x_wconf 78' lang='lat' dir='ltr'><strong>digiti</strong></span> <span class='ocrx_word' id='word_1_46' title='bbox 332 340 359 363; x_wconf 88' lang='lat' dir='ltr'><strong>et</strong></span> <span class='ocrx_word' id='word_1_47' title='bbox 373 336 497 364; x_wconf 76' lang='lat' dir='ltr'>decorem</span> <span class='ocrx_word' id='word_1_48' title='bbox 509 341 536 364; x_wconf 85' lang='lat' dir='ltr'><strong>et</strong></span> <span class='ocrx_word' id='word_1_49' title='bbox 554 345 630 364; x_wconf 86' lang='lat' dir='ltr'><strong>usum</strong></span> <span class='ocrx_word' id='word_1_50' title='bbox 645 338 742 366; x_wconf 84' lang='lat' dir='ltr'><strong>terunt.</strong></span> <span class='ocrx_word' id='word_1_51' title='bbox 755 338 820 364; x_wconf 77' lang='lat' dir='ltr'><strong>Nam</strong></span> 
     </span>
     <span class='ocr_line' id='line_1_29' title="bbox 19 384 820 422; baseline -0.004 -7"><span class='ocrx_word' id='word_1_52' title='bbox 19 394 139 414; x_wconf 56' lang='lat' dir='ltr'><strong>*currere</strong></span> <span class='ocrx_word' id='word_1_53' title='bbox 158 386 212 422; x_wconf 72' lang='lat'><strong>92</strong></span> <span class='ocrx_word' id='word_1_54' title='bbox 230 391 283 411; x_wconf 90' lang='lat' dir='ltr'><strong>non</strong></span> <span class='ocrx_word' id='word_1_55' title='bbox 307 391 458 418; x_wconf 76' lang='lat' dir='ltr'><strong>possemus,</strong></span> <span class='ocrx_word' id='word_1_56' title='bbox 478 384 529 411; x_wconf 89' lang='lat' dir='ltr'><strong>nisi</strong></span> <span class='ocrx_word' id='word_1_57' title='bbox 554 384 644 419; x_wconf 79' lang='lat' dir='ltr'><strong>digitis</strong></span> <span class='ocrx_word' id='word_1_58' title='bbox 663 384 690 411; x_wconf 91' lang='lat' dir='ltr'><strong>in</strong></span> <span class='ocrx_word' id='word_1_59' title='bbox 710 384 820 412; x_wconf 85' lang='lat' dir='ltr'><strong>humum</strong></span> 
     </span>
     <span class='ocr_line' id='line_1_30' title="bbox 19 431 821 468; baseline -0.004 -7"><span class='ocrx_word' id='word_1_60' title='bbox 19 433 134 468; x_wconf 64' lang='lat' dir='ltr'><strong>ipressis</strong></span> <span class='ocrx_word' id='word_1_61' title='bbox 147 432 257 466; x_wconf 74' lang='lat' dir='ltr'><strong>soloque</strong></span> <span class='ocrx_word' id='word_1_62' title='bbox 269 431 414 458; x_wconf 73' lang='lat' dir='ltr'>nitentibus</span> <span class='ocrx_word' id='word_1_63' title='bbox 425 431 554 465; x_wconf 90' lang='lat' dir='ltr'><strong>impetum</strong></span> <span class='ocrx_word' id='word_1_64' title='bbox 566 431 718 466; x_wconf 75' lang='lat' dir='ltr'><strong>saltumque</strong></span> <span class='ocrx_word' id='word_1_65' title='bbox 731 432 821 466; x_wconf 87' lang='lat' dir='ltr'><strong>capia-</strong></span> 
     </span>
     <span class='ocr_line' id='line_1_31' title="bbox 19 477 819 512; baseline -0.003 -5"><span class='ocrx_word' id='word_1_66' title='bbox 19 487 100 507; x_wconf 74' lang='lat' dir='ltr'><strong>·mus.</strong></span> <span class='ocrx_word' id='word_1_67' title='bbox 115 477 222 512; x_wconf 78' lang='lat' dir='ltr'><strong>Reliqua</strong></span> <span class='ocrx_word' id='word_1_68' title='bbox 234 484 294 505; x_wconf 88' lang='lat' dir='ltr'><strong>ossa</strong></span> <span class='ocrx_word' id='word_1_69' title='bbox 313 477 444 512; x_wconf 88' lang='lat' dir='ltr'><strong>corporis,</strong></span> <span class='ocrx_word' id='word_1_70' title='bbox 457 477 530 505; x_wconf 85' lang='lat' dir='ltr'><strong>velut</strong></span> <span class='ocrx_word' id='word_1_71' title='bbox 544 478 675 505; x_wconf 85' lang='lat' dir='ltr'><strong>columnae</strong></span> <span class='ocrx_word' id='word_1_72' title='bbox 687 478 819 512; x_wconf 76' lang='lat' dir='ltr'><strong>qnaedam,</strong></span> 
     </span>
     <span class='ocr_line' id='line_1_32' title="bbox 18 523 819 560; baseline 0 -10"><span class='ocrx_word' id='word_1_73' title='bbox 18 524 124 560; x_wconf 65' lang='lat' dir='ltr'><strong>oquibus</strong></span> <span class='ocrx_word' id='word_1_74' title='bbox 143 530 206 550; x_wconf 84' lang='lat' dir='ltr'><strong>earo</strong></span> <span class='ocrx_word' id='word_1_75' title='bbox 229 527 404 557; x_wconf 68' lang='lat' dir='ltr'><strong>sustentatur,</strong></span> <span class='ocrx_word' id='word_1_76' title='bbox 425 523 525 550; x_wconf 88' lang='lat' dir='ltr'><strong>inserta</strong></span> <span class='ocrx_word' id='word_1_77' title='bbox 543 527 616 557; x_wconf 82' lang='lat' dir='ltr'><strong>sunt,</strong></span> <span class='ocrx_word' id='word_1_78' title='bbox 633 528 659 550; x_wconf 89' lang='lat' dir='ltr'><strong>et</strong></span> <span class='ocrx_word' id='word_1_79' title='bbox 678 531 819 551; x_wconf 83' lang='lat' dir='ltr'><strong>nervorum</strong></span> 
     </span>
     <span class='ocr_line' id='line_1_33' title="bbox 20 570 820 604; baseline -0.004 -5"><span class='ocrx_word' id='word_1_80' title='bbox 20 570 140 599; x_wconf 52' lang='lat' dir='ltr'><strong>vinculis</strong></span> <span class='ocrx_word' id='word_1_81' title='bbox 149 570 287 604; x_wconf 82' lang='lat' dir='ltr'><strong>colligata,</strong></span> <span class='ocrx_word' id='word_1_82' title='bbox 303 574 332 596; x_wconf 88' lang='lat' dir='ltr'><strong>ut</strong></span> <span class='ocrx_word' id='word_1_83' title='bbox 347 570 485 604; x_wconf 86' lang='lat' dir='ltr'><strong>aptissimo</strong></span> <span class='ocrx_word' id='word_1_84' title='bbox 497 574 572 597; x_wconf 89' lang='lat' dir='ltr'><strong>motu</strong></span> <span class='ocrx_word' id='word_1_85' title='bbox 586 570 739 597; x_wconf 84' lang='lat' dir='ltr'><strong>flectantur.</strong></span> <span class='ocrx_word' id='word_1_86' title='bbox 758 570 820 597; x_wconf 76' lang='lat' dir='ltr'><strong>llaec</strong></span> 
     </span>
     <span class='ocr_line' id='line_1_34' title="bbox 18 616 818 652; baseline 0.001 -9"><span class='ocrx_word' id='word_1_87' title='bbox 18 617 181 646; x_wconf 65' lang='lat' dir='ltr'><strong>tlactantius</strong></span> <span class='ocrx_word' id='word_1_88' title='bbox 190 617 332 652; x_wconf 78' lang='lat' dir='ltr'><strong>eaeierique</strong></span> <span class='ocrx_word' id='word_1_89' title='bbox 344 616 378 644; x_wconf 87' lang='lat' dir='ltr'><strong>de</strong></span> <span class='ocrx_word' id='word_1_90' title='bbox 393 617 496 644; x_wconf 87' lang='lat' dir='ltr'><strong>ratione</strong></span> <span class='ocrx_word' id='word_1_91' title='bbox 506 617 629 651; x_wconf 86' lang='lat' dir='ltr'><strong>corporis</strong></span> <span class='ocrx_word' id='word_1_92' title='bbox 639 617 818 652; x_wconf 81' lang='lat' dir='ltr'><strong>scripserunt.</strong></span> 
     </span>
    </p>
   </div>
   <div class='ocr_carea' id='block_1_3' title="bbox 18 673 820 802">
    <p class='ocr_par' dir='ltr' id='par_1_4' title="bbox 18 673 820 802">
     <span class='ocr_line' id='line_1_35' title="bbox 376 673 470 701; baseline 0 0"><span class='ocrx_word' id='word_1_93' title='bbox 376 673 470 701; x_wconf 86' lang='lat' dir='ltr'><strong>xvttt.</strong></span> 
     </span>
     <span class='ocr_line' id='line_1_36' title="bbox 65 719 820 755; baseline -0.004 -6"><span class='ocrx_word' id='word_1_94' title='bbox 65 721 109 749; x_wconf 81' lang='lat'><strong>73.</strong></span> <span class='ocrx_word' id='word_1_95' title='bbox 131 721 201 748; x_wconf 86' lang='lat' dir='ltr'><strong>inter</strong></span> <span class='ocrx_word' id='word_1_96' title='bbox 218 721 301 747; x_wconf 80' lang='lat' dir='ltr'><strong>virum</strong></span> <span class='ocrx_word' id='word_1_97' title='bbox 315 724 342 747; x_wconf 92' lang='lat' dir='ltr'><strong>et</strong></span> <span class='ocrx_word' id='word_1_98' title='bbox 366 719 494 747; x_wconf 83' lang='lat' dir='ltr'><strong>hominem</strong></span> <span class='ocrx_word' id='word_1_99' title='bbox 512 719 622 755; x_wconf 86' lang='lat' dir='ltr'><strong>quidam</strong></span> <span class='ocrx_word' id='word_1_100' title='bbox 642 719 820 747; x_wconf 86' lang='lat' dir='ltr'><strong>distinxerunt</strong></span> 
     </span>
     <span class='ocr_line' id='line_1_37' title="bbox 18 766 819 802; baseline -0.005 -5"><span class='ocrx_word' id='word_1_101' title='bbox 18 770 78 798; x_wconf 81' lang='lat' dir='ltr'><strong>tlioe</strong></span> <span class='ocrx_word' id='word_1_102' title='bbox 103 769 244 802; x_wconf 86' lang='lat' dir='ltr'><strong>interesse,</strong></span> <span class='ocrx_word' id='word_1_103' title='bbox 266 767 336 802; x_wconf 88' lang='lat' dir='ltr'><strong>quod</strong></span> <span class='ocrx_word' id='word_1_104' title='bbox 351 768 392 794; x_wconf 87' lang='lat' dir='ltr'><strong>vir</strong></span> <span class='ocrx_word' id='word_1_105' title='bbox 422 772 536 801; x_wconf 89' lang='lat' dir='ltr'><strong>utraque</strong></span> <span class='ocrx_word' id='word_1_106' title='bbox 560 767 672 794; x_wconf 82' lang='lat' dir='ltr'><strong>scientia</strong></span> <span class='ocrx_word' id='word_1_107' title='bbox 693 766 819 801; x_wconf 85' lang='lat' dir='ltr'><strong>praeditus</strong></span> 
     </span>
    </p>
   </div>
   <div class='ocr_carea' id='block_1_4' title="bbox 17 861 818 895">
    <p class='ocr_par' dir='ltr' id='par_1_5' title="bbox 17 861 818 895">
     <span class='ocr_line' id='line_1_38' title="bbox 17 861 818 895; baseline -0.002 -6"><span class='ocrx_word' id='word_1_108' title='bbox 17 867 80 891; x_wconf 85' lang='lat' dir='ltr'><strong>itate</strong></span> <span class='ocrx_word' id='word_1_109' title='bbox 100 867 201 889; x_wconf 90' lang='lat' dir='ltr'><strong>tantum</strong></span> <span class='ocrx_word' id='word_1_110' title='bbox 225 866 326 888; x_wconf 79' lang='lat' dir='ltr'><strong>naturae</strong></span> <span class='ocrx_word' id='word_1_111' title='bbox 346 861 440 888; x_wconf 77' lang='lat' dir='ltr'><strong>bestiis</strong></span> <span class='ocrx_word' id='word_1_112' title='bbox 456 861 603 895; x_wconf 80' lang='lat' dir='ltr'><strong>praepollet.</strong></span> <span class='ocrx_word' id='word_1_113' title='bbox 623 861 714 887; x_wconf 88' lang='lat' dir='ltr'><strong>Virum</strong></span> <span class='ocrx_word' id='word_1_114' title='bbox 730 864 818 887; x_wconf 89' lang='lat' dir='ltr'><strong>autem</strong></span> 
     </span>
    </p>
   </div>
   <div class='ocr_carea' id='block_1_5' title="bbox 14 953 820 1579">
    <p class='ocr_par' dir='ltr' id='par_1_6' title="bbox 15 953 820 1162">
     <span class='ocr_line' id='line_1_39' title="bbox 16 953 817 988; baseline -0.002 -8"><span class='ocrx_word' id='word_1_115' title='bbox 16 953 93 988; x_wconf 65' lang='lat' dir='ltr'><strong>apud</strong></span> <span class='ocrx_word' id='word_1_116' title='bbox 118 957 222 980; x_wconf 83' lang='lat' dir='ltr'><strong>veteres</strong></span> <span class='ocrx_word' id='word_1_117' title='bbox 245 953 356 979; x_wconf 90' lang='lat' dir='ltr'><strong>scientia</strong></span> <span class='ocrx_word' id='word_1_118' title='bbox 371 960 460 979; x_wconf 88' lang='lat' dir='ltr'><strong>rerum</strong></span> <span class='ocrx_word' id='word_1_119' title='bbox 488 953 607 979; x_wconf 88' lang='lat' dir='ltr'><strong>omnium</strong></span> <span class='ocrx_word' id='word_1_120' title='bbox 635 957 817 986; x_wconf 80' lang='lat' dir='ltr'><strong>nuncupatur.</strong></span> 
     </span>
     <span class='ocr_line' id='line_1_40' title="bbox 16 998 819 1032; baseline -0.001 -6"><span class='ocrx_word' id='word_1_121' title='bbox 16 998 80 1026; x_wconf 56' lang='lat' dir='ltr'><strong>&#39;Nos</strong></span> <span class='ocrx_word' id='word_1_122' title='bbox 95 1003 184 1025; x_wconf 85' lang='lat' dir='ltr'><strong>autem</strong></span> <span class='ocrx_word' id='word_1_123' title='bbox 198 1005 279 1025; x_wconf 92' lang='lat' dir='ltr'><strong>unum</strong></span> <span class='ocrx_word' id='word_1_124' title='bbox 293 998 472 1032; x_wconf 87' lang='lat' dir='ltr'><strong>eumdemque</strong></span> <span class='ocrx_word' id='word_1_125' title='bbox 486 1003 514 1025; x_wconf 90' lang='lat' dir='ltr'><strong>et</strong></span> <span class='ocrx_word' id='word_1_126' title='bbox 527 998 624 1030; x_wconf 88' lang='lat' dir='ltr'><strong>virum,</strong></span> <span class='ocrx_word' id='word_1_127' title='bbox 636 1002 664 1025; x_wconf 89' lang='lat' dir='ltr'><strong>et</strong></span> <span class='ocrx_word' id='word_1_128' title='bbox 684 998 819 1025; x_wconf 84' lang='lat' dir='ltr'><strong>hominem</strong></span> 
     </span>
     <span class='ocr_line' id='line_1_41' title="bbox 15 1042 819 1077; baseline -0.002 -7"><span class='ocrx_word' id='word_1_129' title='bbox 15 1050 220 1077; x_wconf 72' lang='lat' dir='ltr'><strong>ununcupamus.</strong></span> <span class='ocrx_word' id='word_1_130' title='bbox 244 1042 322 1069; x_wconf 78' lang='lat' dir='ltr'><strong>Juxta</strong></span> <span class='ocrx_word' id='word_1_131' title='bbox 343 1042 414 1077; x_wconf 92' lang='lat' dir='ltr'><strong>quod</strong></span> <span class='ocrx_word' id='word_1_132' title='bbox 428 1047 455 1069; x_wconf 90' lang='lat' dir='ltr'><strong>et</strong></span> <span class='ocrx_word' id='word_1_133' title='bbox 478 1043 511 1069; x_wconf 85' lang='lat' dir='ltr'><strong>de</strong></span> <span class='ocrx_word' id='word_1_134' title='bbox 527 1042 635 1070; x_wconf 88' lang='lat' dir='ltr'><strong>Christo</strong></span> <span class='ocrx_word' id='word_1_135' title='bbox 650 1043 757 1077; x_wconf 80' lang='lat' dir='ltr'><strong>legitur,</strong></span> <span class='ocrx_word' id='word_1_136' title='bbox 773 1042 819 1076; x_wconf 92' lang='lat' dir='ltr'><strong>qui</strong></span> 
     </span>
     <span class='ocr_line' id='line_1_42' title="bbox 25 1086 820 1122; baseline 0 -8"><span class='ocrx_word' id='word_1_137' title='bbox 25 1093 78 1115; x_wconf 81' lang='lat' dir='ltr'><strong>tam</strong></span> <span class='ocrx_word' id='word_1_138' title='bbox 92 1087 170 1115; x_wconf 83' lang='lat' dir='ltr'><strong>virin</strong></span> <span class='ocrx_word' id='word_1_139' title='bbox 193 1087 293 1114; x_wconf 87' lang='lat' dir='ltr'><strong>sanctis</strong></span> <span class='ocrx_word' id='word_1_140' title='bbox 317 1086 465 1122; x_wconf 85' lang='lat' dir='ltr'><strong>Scripturis</strong></span> <span class='ocrx_word' id='word_1_141' title='bbox 479 1094 559 1121; x_wconf 89' lang='lat' dir='ltr'><strong>quam</strong></span> <span class='ocrx_word' id='word_1_142' title='bbox 585 1092 612 1114; x_wconf 82' lang='lat' dir='ltr'><strong>et</strong></span> <span class='ocrx_word' id='word_1_143' title='bbox 635 1087 716 1114; x_wconf 82' lang='lat' dir='ltr'><strong>etiam</strong></span> <span class='ocrx_word' id='word_1_144' title='bbox 739 1087 820 1114; x_wconf 87' lang='lat' dir='ltr'><strong>homo</strong></span> 
     </span>
     <span class='ocr_line' id='line_1_43' title="bbox 16 1139 146 1162; baseline -0.008 0"><span class='ocrx_word' id='word_1_145' title='bbox 16 1139 146 1162; x_wconf 73' lang='lat' dir='ltr'><strong>=vocatur.</strong></span> 
     </span>
    </p>

    <p class='ocr_par' dir='ltr' id='par_1_7' title="bbox 383 1179 457 1207">
     <span class='ocr_line' id='line_1_44' title="bbox 383 1179 457 1207; baseline -0.014 0"><span class='ocrx_word' id='word_1_146' title='bbox 383 1179 457 1207; x_wconf 84' lang='lat' dir='ltr'><strong>xlx.</strong></span> 
     </span>
    </p>

    <p class='ocr_par' dir='ltr' id='par_1_8' title="bbox 14 1225 819 1579">
     <span class='ocr_line' id='line_1_45' title="bbox 55 1225 816 1262; baseline -0.003 -8"><span class='ocrx_word' id='word_1_147' title='bbox 55 1227 101 1254; x_wconf 72' lang='lat'><strong>74.</strong></span> <span class='ocrx_word' id='word_1_148' title='bbox 117 1226 188 1254; x_wconf 85' lang='lat' dir='ltr'><strong>luter</strong></span> <span class='ocrx_word' id='word_1_149' title='bbox 202 1226 338 1262; x_wconf 69' lang='lat' dir='ltr'><strong>infantiam</strong></span> <span class='ocrx_word' id='word_1_150' title='bbox 350 1230 376 1252; x_wconf 92' lang='lat' dir='ltr'><strong>et</strong></span> <span class='ocrx_word' id='word_1_151' title='bbox 387 1226 535 1260; x_wconf 83' lang='lat' dir='ltr'><strong>pueritiam,</strong></span> <span class='ocrx_word' id='word_1_152' title='bbox 550 1230 576 1252; x_wconf 90' lang='lat' dir='ltr'><strong>et</strong></span> <span class='ocrx_word' id='word_1_153' title='bbox 589 1225 704 1260; x_wconf 84' lang='lat' dir='ltr'><strong>reliquas</strong></span> <span class='ocrx_word' id='word_1_154' title='bbox 715 1229 816 1258; x_wconf 66' lang='lat' dir='ltr'><strong>males,</strong></span> 
     </span>
     <span class='ocr_line' id='line_1_46' title="bbox 15 1270 819 1307; baseline -0.004 -7"><span class='ocrx_word' id='word_1_155' title='bbox 15 1273 161 1307; x_wconf 61' lang='lat' dir='ltr'><strong>capientes</strong></span> <span class='ocrx_word' id='word_1_156' title='bbox 176 1272 212 1299; x_wconf 88' lang='lat' dir='ltr'><strong>ita</strong></span> <span class='ocrx_word' id='word_1_157' title='bbox 225 1271 397 1298; x_wconf 79' lang='lat' dir='ltr'><strong>definierunt.</strong></span> <span class='ocrx_word' id='word_1_158' title='bbox 419 1271 508 1297; x_wconf 85' lang='lat' dir='ltr'><strong>Prima</strong></span> <span class='ocrx_word' id='word_1_159' title='bbox 522 1270 638 1296; x_wconf 86' lang='lat' dir='ltr'><strong>hominis</strong></span> <span class='ocrx_word' id='word_1_160' title='bbox 653 1274 719 1296; x_wconf 82' lang='lat' dir='ltr'><strong>aetas</strong></span> <span class='ocrx_word' id='word_1_161' title='bbox 732 1270 819 1297; x_wconf 81' lang='lat' dir='ltr'><strong>insan-</strong></span> 
     </span>
     <span class='ocr_line' id='line_1_47' title="bbox 14 1316 819 1352; baseline -0.006 -5"><span class='ocrx_word' id='word_1_162' title='bbox 14 1319 73 1352; x_wconf 77' lang='lat' dir='ltr'><strong>⁴tia,</strong></span> <span class='ocrx_word' id='word_1_163' title='bbox 86 1318 204 1346; x_wconf 84' lang='lat' dir='ltr'><strong>secunda</strong></span> <span class='ocrx_word' id='word_1_164' title='bbox 220 1317 345 1352; x_wconf 80' lang='lat' dir='ltr'><strong>pueritia,</strong></span> <span class='ocrx_word' id='word_1_165' title='bbox 366 1317 444 1343; x_wconf 85' lang='lat' dir='ltr'><strong>tertia</strong></span> <span class='ocrx_word' id='word_1_166' title='bbox 459 1316 653 1348; x_wconf 78' lang='lat' dir='ltr'><strong>adolescentia,</strong></span> <span class='ocrx_word' id='word_1_167' title='bbox 671 1320 763 1350; x_wconf 90' lang='lat' dir='ltr'><strong>quarta</strong></span> <span class='ocrx_word' id='word_1_168' title='bbox 774 1316 819 1350; x_wconf 84' lang='lat' dir='ltr'><strong>ju-</strong></span> 
     </span>
     <span class='ocr_line' id='line_1_48' title="bbox 15 1361 817 1400; baseline -0.009 -6"><span class='ocrx_word' id='word_1_169' title='bbox 15 1370 129 1400; x_wconf 66' lang='lat' dir='ltr'><strong>wentus‚</strong></span> <span class='ocrx_word' id='word_1_170' title='bbox 145 1364 236 1399; x_wconf 87' lang='lat' dir='ltr'><strong>quinta</strong></span> <span class='ocrx_word' id='word_1_171' title='bbox 256 1367 393 1395; x_wconf 76' lang='lat' dir='ltr'><strong>senectuS,</strong></span> <span class='ocrx_word' id='word_1_172' title='bbox 421 1366 498 1389; x_wconf 87' lang='lat' dir='ltr'><strong>sexta</strong></span> <span class='ocrx_word' id='word_1_173' title='bbox 513 1362 629 1389; x_wconf 88' lang='lat' dir='ltr'><strong>senium.</strong></span> <span class='ocrx_word' id='word_1_174' title='bbox 646 1361 708 1387; x_wconf 79' lang='lat' dir='ltr'><strong>Dua:</strong></span> <span class='ocrx_word' id='word_1_175' title='bbox 725 1362 817 1395; x_wconf 88' lang='lat' dir='ltr'><strong>primae</strong></span> 
     </span>
     <span class='ocr_line' id='line_1_49' title="bbox 15 1407 814 1444; baseline -0.005 -5"><span class='ocrx_word' id='word_1_176' title='bbox 15 1415 117 1439; x_wconf 69' lang='lat' dir='ltr'><strong>oetates</strong></span> <span class='ocrx_word' id='word_1_177' title='bbox 128 1409 240 1444; x_wconf 78' lang='lat' dir='ltr'><strong>singulis</strong></span> <span class='ocrx_word' id='word_1_178' title='bbox 254 1415 384 1435; x_wconf 91' lang='lat' dir='ltr'><strong>annorum</strong></span> <span class='ocrx_word' id='word_1_179' title='bbox 398 1407 576 1434; x_wconf 65' lang='lat' dir='ltr'><strong>terminantur</strong></span> <span class='ocrx_word' id='word_1_180' title='bbox 589 1407 814 1441; x_wconf 82' lang='lat' dir='ltr'><strong>hebdomadibus,</strong></span> 
     </span>
     <span class='ocr_line' id='line_1_50' title="bbox 16 1448 816 1492; baseline -0.005 -7"><span class='ocrx_word' id='word_1_181' title='bbox 16 1462 134 1492; x_wconf 60' lang='lat' dir='ltr'><strong>,propter</strong></span> <span class='ocrx_word' id='word_1_182' title='bbox 148 1455 297 1490; x_wconf 79' lang='lat' dir='ltr'><strong>simplicem</strong></span> <span class='ocrx_word' id='word_1_183' title='bbox 310 1454 402 1481; x_wconf 88' lang='lat' dir='ltr'><strong>vitam.</strong></span> <span class='ocrx_word' id='word_1_184' title='bbox 412 1448 601 1480; x_wconf 44' lang='lat' dir='ltr'><strong>Namant&#39;antia</strong></span> <span class='ocrx_word' id='word_1_185' title='bbox 615 1455 731 1488; x_wconf 86' lang='lat' dir='ltr'><strong>septimo</strong></span> <span class='ocrx_word' id='word_1_186' title='bbox 746 1461 816 1481; x_wconf 89' lang='lat' dir='ltr'><strong>anno</strong></span> 
     </span>
     <span class='ocr_line' id='line_1_51' title="bbox 15 1499 816 1536; baseline -0.005 -5"><span class='ocrx_word' id='word_1_187' title='bbox 15 1503 127 1535; x_wconf 64' lang='lat' dir='ltr'><strong>ttinitur,</strong></span> <span class='ocrx_word' id='word_1_188' title='bbox 144 1500 348 1536; x_wconf 88' lang='lat' dir='ltr'><strong>quartodecimo</strong></span> <span class='ocrx_word' id='word_1_189' title='bbox 364 1500 491 1534; x_wconf 89' lang='lat' dir='ltr'><strong>pueritia,</strong></span> <span class='ocrx_word' id='word_1_190' title='bbox 506 1499 603 1527; x_wconf 85' lang='lat' dir='ltr'><strong>dehine</strong></span> <span class='ocrx_word' id='word_1_191' title='bbox 622 1507 738 1534; x_wconf 87' lang='lat' dir='ltr'><strong>sequens</strong></span> <span class='ocrx_word' id='word_1_192' title='bbox 752 1501 816 1527; x_wconf 91' lang='lat' dir='ltr'><strong>ado-</strong></span> 
     </span>
     <span class='ocr_line' id='line_1_52' title="bbox 15 1544 815 1579; baseline -0.004 -4"><span class='ocrx_word' id='word_1_193' title='bbox 15 1547 150 1577; x_wconf 78' lang='lat' dir='ltr'><strong>tlescentia</strong></span> <span class='ocrx_word' id='word_1_194' title='bbox 167 1546 271 1574; x_wconf 91' lang='lat' dir='ltr'><strong>duabus</strong></span> <span class='ocrx_word' id='word_1_195' title='bbox 286 1549 393 1573; x_wconf 90' lang='lat' dir='ltr'><strong>constat</strong></span> <span class='ocrx_word' id='word_1_196' title='bbox 410 1544 622 1572; x_wconf 87' lang='lat' dir='ltr'><strong>hebdomadibus</strong></span> <span class='ocrx_word' id='word_1_197' title='bbox 648 1549 759 1579; x_wconf 86' lang='lat' dir='ltr'><strong>propter</strong></span> <span class='ocrx_word' id='word_1_198' title='bbox 775 1546 815 1572; x_wconf 88' lang='lat' dir='ltr'><strong>in-</strong></span> 
     </span>
    </p>
   </div>
   <div class='ocr_carea' id='block_1_6' title="bbox 12 1635 818 2262">
    <p class='ocr_par' dir='ltr' id='par_1_9' title="bbox 15 1635 817 1720">
     <span class='ocr_line' id='line_1_53' title="bbox 16 1635 817 1675; baseline -0.007 -8"><span class='ocrx_word' id='word_1_199' title='bbox 16 1640 122 1675; x_wconf 55' lang='lat' dir='ltr'><strong>munis,</strong></span> <span class='ocrx_word' id='word_1_200' title='bbox 138 1643 163 1666; x_wconf 87' lang='lat' dir='ltr'><strong>et</strong></span> <span class='ocrx_word' id='word_1_201' title='bbox 179 1637 323 1674; x_wconf 78' lang='lat' dir='ltr'><strong>porrigitur</strong></span> <span class='ocrx_word' id='word_1_202' title='bbox 338 1636 395 1664; x_wconf 82' lang='lat' dir='ltr'><strong>haec</strong></span> <span class='ocrx_word' id='word_1_203' title='bbox 415 1640 480 1664; x_wconf 86' lang='lat' dir='ltr'><strong>aetas</strong></span> <span class='ocrx_word' id='word_1_204' title='bbox 494 1644 509 1663; x_wconf 94' lang='lat' dir='ltr'><strong>a</strong></span> <span class='ocrx_word' id='word_1_205' title='bbox 522 1636 616 1670; x_wconf 89' lang='lat' dir='ltr'><strong>quinto</strong></span> <span class='ocrx_word' id='word_1_206' title='bbox 631 1635 736 1662; x_wconf 90' lang='lat' dir='ltr'><strong>decimo</strong></span> <span class='ocrx_word' id='word_1_207' title='bbox 747 1643 817 1662; x_wconf 89' lang='lat' dir='ltr'><strong>anno</strong></span> 
     </span>
     <span class='ocr_line' id='line_1_54' title="bbox 15 1685 260 1720; baseline -0.016 -6"><span class='ocrx_word' id='word_1_208' title='bbox 15 1693 107 1720; x_wconf 72' lang='lat' dir='ltr'><strong>nisque</strong></span> <span class='ocrx_word' id='word_1_209' title='bbox 120 1685 153 1712; x_wconf 86' lang='lat' dir='ltr'><strong>ad</strong></span> <span class='ocrx_word' id='word_1_210' title='bbox 167 1691 260 1711; x_wconf 78' lang='lat' dir='ltr'><strong>xxviii.</strong></span> 
     </span>
    </p>

    <p class='ocr_par' dir='ltr' id='par_1_10' title="bbox 14 1727 818 1949">
     <span class='ocr_line' id='line_1_55' title="bbox 60 1727 812 1762; baseline -0.005 -4"><span class='ocrx_word' id='word_1_211' title='bbox 60 1731 106 1758; x_wconf 77' lang='lat'><strong>75.</strong></span> <span class='ocrx_word' id='word_1_212' title='bbox 133 1731 198 1758; x_wconf 86' lang='lat' dir='ltr'><strong>Post</strong></span> <span class='ocrx_word' id='word_1_213' title='bbox 225 1731 282 1757; x_wconf 81' lang='lat' dir='ltr'><strong>haec</strong></span> <span class='ocrx_word' id='word_1_214' title='bbox 306 1729 454 1756; x_wconf 84' lang='lat' dir='ltr'><strong>succedens</strong></span> <span class='ocrx_word' id='word_1_215' title='bbox 475 1728 602 1762; x_wconf 80' lang='lat' dir='ltr'><strong>inventus</strong></span> <span class='ocrx_word' id='word_1_216' title='bbox 617 1727 702 1755; x_wconf 88' lang='lat' dir='ltr'><strong>tribus</strong></span> <span class='ocrx_word' id='word_1_217' title='bbox 717 1727 812 1755; x_wconf 83' lang='lat' dir='ltr'><strong>hebdo-</strong></span> 
     </span>
     <span class='ocr_line' id='line_1_56' title="bbox 15 1773 818 1810; baseline -0.004 -7"><span class='ocrx_word' id='word_1_218' title='bbox 15 1777 145 1805; x_wconf 72' lang='lat' dir='ltr'><strong>»madibus</strong></span> <span class='ocrx_word' id='word_1_219' title='bbox 161 1779 309 1810; x_wconf 82' lang='lat' dir='ltr'><strong>permanet,</strong></span> <span class='ocrx_word' id='word_1_220' title='bbox 326 1779 436 1809; x_wconf 88' lang='lat' dir='ltr'><strong>propter</strong></span> <span class='ocrx_word' id='word_1_221' title='bbox 455 1774 506 1801; x_wconf 87' lang='lat' dir='ltr'><strong>tria</strong></span> <span class='ocrx_word' id='word_1_222' title='bbox 533 1774 589 1807; x_wconf 89' lang='lat' dir='ltr'><strong>illa,</strong></span> <span class='ocrx_word' id='word_1_223' title='bbox 609 1773 771 1801; x_wconf 85' lang='lat' dir='ltr'><strong>intellectum</strong></span> <span class='ocrx_word' id='word_1_224' title='bbox 791 1778 818 1800; x_wconf 85' lang='lat' dir='ltr'><strong>ct</strong></span> 
     </span>
     <span class='ocr_line' id='line_1_57' title="bbox 16 1819 817 1856; baseline -0.006 -5"><span class='ocrx_word' id='word_1_225' title='bbox 16 1823 166 1854; x_wconf 65' lang='lat' dir='ltr'><strong>actionem,</strong></span> <span class='ocrx_word' id='word_1_226' title='bbox 181 1821 357 1856; x_wconf 77' lang='lat' dir='ltr'><strong>corporisque</strong></span> <span class='ocrx_word' id='word_1_227' title='bbox 379 1821 515 1848; x_wconf 84' lang='lat' dir='ltr'><strong>virtutem.</strong></span> <span class='ocrx_word' id='word_1_228' title='bbox 543 1819 596 1847; x_wconf 83' lang='lat' dir='ltr'><strong>Ista</strong></span> <span class='ocrx_word' id='word_1_229' title='bbox 619 1825 683 1847; x_wconf 86' lang='lat' dir='ltr'><strong>aetas</strong></span> <span class='ocrx_word' id='word_1_230' title='bbox 702 1827 716 1846; x_wconf 89' lang='lat' dir='ltr'><strong>a</strong></span> <span class='ocrx_word' id='word_1_231' title='bbox 733 1828 817 1847; x_wconf 83' lang='lat' dir='ltr'><strong>xxviii</strong></span> 
     </span>
     <span class='ocr_line' id='line_1_58' title="bbox 16 1866 817 1901; baseline -0.004 -5"><span class='ocrx_word' id='word_1_232' title='bbox 16 1876 94 1897; x_wconf 65' lang='lat' dir='ltr'><strong>nuno</strong></span> <span class='ocrx_word' id='word_1_233' title='bbox 122 1867 251 1899; x_wconf 67' lang='lat' dir='ltr'><strong>exoritur,</strong></span> <span class='ocrx_word' id='word_1_234' title='bbox 275 1870 302 1893; x_wconf 88' lang='lat' dir='ltr'><strong>et</strong></span> <span class='ocrx_word' id='word_1_235' title='bbox 328 1866 530 1901; x_wconf 79' lang='lat' dir='ltr'><strong>quagragesimo</strong></span> <span class='ocrx_word' id='word_1_236' title='bbox 554 1873 625 1893; x_wconf 91' lang='lat' dir='ltr'><strong>nono</strong></span> <span class='ocrx_word' id='word_1_237' title='bbox 648 1873 817 1894; x_wconf 87' lang='lat' dir='ltr'><strong>consumma-</strong></span> 
     </span>
     <span class='ocr_line' id='line_1_59' title="bbox 14 1911 650 1949; baseline 0 -11"><span class='ocrx_word' id='word_1_238' title='bbox 14 1919 77 1948; x_wconf 39' lang='grc' dir='ltr'><strong>κων,</strong></span> <span class='ocrx_word' id='word_1_239' title='bbox 91 1913 197 1949; x_wconf 86' lang='lat' dir='ltr'><strong>quando</strong></span> <span class='ocrx_word' id='word_1_240' title='bbox 212 1917 240 1939; x_wconf 87' lang='lat' dir='ltr'><strong>et</strong></span> <span class='ocrx_word' id='word_1_241' title='bbox 261 1912 288 1939; x_wconf 92' lang='lat' dir='ltr'><strong>in</strong></span> <span class='ocrx_word' id='word_1_242' title='bbox 311 1911 416 1939; x_wconf 80' lang='lat' dir='ltr'><strong>leminis</strong></span> <span class='ocrx_word' id='word_1_243' title='bbox 440 1916 533 1946; x_wconf 88' lang='lat' dir='ltr'><strong>partus</strong></span> <span class='ocrx_word' id='word_1_244' title='bbox 548 1911 650 1939; x_wconf 80' lang='lat' dir='ltr'><strong>delicit.</strong></span> 
     </span>
    </p>

    <p class='ocr_par' dir='ltr' id='par_1_11' title="bbox 12 1957 817 2218">
     <span class='ocr_line' id='line_1_60' title="bbox 57 1957 817 1992; baseline -0.004 -4"><span class='ocrx_word' id='word_1_245' title='bbox 57 1960 103 1988; x_wconf 85' lang='lat'><strong>76.</strong></span> <span class='ocrx_word' id='word_1_246' title='bbox 116 1960 200 1987; x_wconf 85' lang='lat' dir='ltr'><strong>Porro</strong></span> <span class='ocrx_word' id='word_1_247' title='bbox 211 1961 335 1985; x_wconf 86' lang='lat' dir='ltr'><strong>senectus</strong></span> <span class='ocrx_word' id='word_1_248' title='bbox 347 1961 461 1992; x_wconf 83' lang='lat' dir='ltr'><strong>quatuor</strong></span> <span class='ocrx_word' id='word_1_249' title='bbox 473 1957 683 1985; x_wconf 85' lang='lat' dir='ltr'><strong>hebdomadibus</strong></span> <span class='ocrx_word' id='word_1_250' title='bbox 696 1958 817 1992; x_wconf 82' lang='lat' dir='ltr'><strong>comple-</strong></span> 
     </span>
     <span class='ocr_line' id='line_1_61' title="bbox 13 2001 816 2041; baseline -0.006 -6"><span class='ocrx_word' id='word_1_251' title='bbox 13 2010 65 2035; x_wconf 73' lang='lat' dir='ltr'><strong>itur</strong></span> <span class='ocrx_word' id='word_1_252' title='bbox 79 2009 188 2041; x_wconf 87' lang='lat' dir='ltr'><strong>propter</strong></span> <span class='ocrx_word' id='word_1_253' title='bbox 202 2003 372 2032; x_wconf 77' lang='lat' dir='ltr'><strong>accedentem</strong></span> <span class='ocrx_word' id='word_1_254' title='bbox 388 2001 441 2030; x_wconf 87' lang='lat' dir='ltr'><strong>illis</strong></span> <span class='ocrx_word' id='word_1_255' title='bbox 451 2002 538 2031; x_wconf 83' lang='lat' dir='ltr'><strong>tribus</strong></span> <span class='ocrx_word' id='word_1_256' title='bbox 554 2002 637 2031; x_wconf 90' lang='lat' dir='ltr'><strong>animi</strong></span> <span class='ocrx_word' id='word_1_257' title='bbox 653 2007 680 2031; x_wconf 78' lang='lat' dir='ltr'><strong>et</strong></span> <span class='ocrx_word' id='word_1_258' title='bbox 694 2004 816 2038; x_wconf 84' lang='lat' dir='ltr'><strong>eorporis</strong></span> 
     </span>
     <span class='ocr_line' id='line_1_62' title="bbox 12 2050 817 2090; baseline -0.005 -8"><span class='ocrx_word' id='word_1_259' title='bbox 12 2053 192 2090; x_wconf 62' lang='lat' dir='ltr'><strong>gravitatem.</strong></span> <span class='ocrx_word' id='word_1_260' title='bbox 209 2051 305 2086; x_wconf 79' lang='lat' dir='ltr'><strong>Incipit</strong></span> <span class='ocrx_word' id='word_1_261' title='bbox 321 2050 392 2078; x_wconf 90' lang='lat' dir='ltr'><strong>enim</strong></span> <span class='ocrx_word' id='word_1_262' title='bbox 415 2050 472 2077; x_wconf 80' lang='lat' dir='ltr'><strong>haec</strong></span> <span class='ocrx_word' id='word_1_263' title='bbox 486 2054 551 2078; x_wconf 84' lang='lat' dir='ltr'><strong>aetas</strong></span> <span class='ocrx_word' id='word_1_264' title='bbox 565 2058 580 2077; x_wconf 89' lang='lat' dir='ltr'><strong>a</strong></span> <span class='ocrx_word' id='word_1_265' title='bbox 595 2051 817 2085; x_wconf 77' lang='lat' dir='ltr'><strong>quinquagesimo</strong></span> 
     </span>
     <span class='ocr_line' id='line_1_63' title="bbox 12 2096 816 2132; baseline -0.005 -4"><span class='ocrx_word' id='word_1_266' title='bbox 12 2107 103 2132; x_wconf 72' lang='lat' dir='ltr'><strong>nuno,</strong></span> <span class='ocrx_word' id='word_1_267' title='bbox 130 2103 158 2126; x_wconf 91' lang='lat' dir='ltr'><strong>et</strong></span> <span class='ocrx_word' id='word_1_268' title='bbox 179 2096 377 2132; x_wconf 77' lang='lat' dir='ltr'><strong>septuagesimo</strong></span> <span class='ocrx_word' id='word_1_269' title='bbox 392 2096 506 2131; x_wconf 88' lang='lat' dir='ltr'><strong>septimo</strong></span> <span class='ocrx_word' id='word_1_270' title='bbox 529 2096 700 2123; x_wconf 88' lang='lat' dir='ltr'><strong>terminatur.</strong></span> <span class='ocrx_word' id='word_1_271' title='bbox 717 2096 816 2124; x_wconf 85' lang='lat' dir='ltr'><strong>Ultima</strong></span> 
     </span>
     <span class='ocr_line' id='line_1_64' title="bbox 14 2141 815 2176; baseline -0.004 -4"><span class='ocrx_word' id='word_1_272' title='bbox 14 2151 89 2172; x_wconf 60' lang='lat' dir='ltr'><strong>ivero</strong></span> <span class='ocrx_word' id='word_1_273' title='bbox 101 2143 206 2172; x_wconf 86' lang='lat' dir='ltr'><strong>senium</strong></span> <span class='ocrx_word' id='word_1_274' title='bbox 220 2142 293 2169; x_wconf 87' lang='lat' dir='ltr'><strong>nullo</strong></span> <span class='ocrx_word' id='word_1_275' title='bbox 303 2146 378 2171; x_wconf 87' lang='lat' dir='ltr'><strong>certo</strong></span> <span class='ocrx_word' id='word_1_276' title='bbox 392 2149 524 2169; x_wconf 88' lang='lat' dir='ltr'><strong>annorum</strong></span> <span class='ocrx_word' id='word_1_277' title='bbox 539 2146 660 2176; x_wconf 86' lang='lat' dir='ltr'><strong>tempore</strong></span> <span class='ocrx_word' id='word_1_278' title='bbox 676 2141 815 2176; x_wconf 85' lang='lat' dir='ltr'><strong>delinitur,</strong></span> 
     </span>
     <span class='ocr_line' id='line_1_65' title="bbox 82 2187 516 2218; baseline -0.012 0"><span class='ocrx_word' id='word_1_279' title='bbox 82 2189 140 2218; x_wconf 88' lang='lat' dir='ltr'><strong>solo</strong></span> <span class='ocrx_word' id='word_1_280' title='bbox 155 2193 256 2217; x_wconf 75' lang='lat' dir='ltr'><strong>naturae</strong></span> <span class='ocrx_word' id='word_1_281' title='bbox 273 2188 325 2215; x_wconf 87' lang='lat' dir='ltr'><strong>tine</strong></span> <span class='ocrx_word' id='word_1_282' title='bbox 339 2187 516 2215; x_wconf 87' lang='lat' dir='ltr'><strong>concluditur.</strong></span> 
     </span>
    </p>

    <p class='ocr_par' dir='ltr' id='par_1_12' title="bbox 387 2235 446 2262">
     <span class='ocr_line' id='line_1_66' title="bbox 387 2235 446 2262; baseline -0.017 0"><span class='ocrx_word' id='word_1_283' title='bbox 387 2235 446 2262; x_wconf 82' lang='lat' dir='ltr'><strong>XX.</strong></span> 
     </span>
    </p>
   </div>
   <div class='ocr_carea' id='block_1_7' title="bbox 15 2327 814 2454">
    <p class='ocr_par' dir='ltr' id='par_1_13' title="bbox 15 2327 814 2454">
     <span class='ocr_line' id='line_1_67' title="bbox 35 2327 814 2364; baseline -0.004 -7"><span class='ocrx_word' id='word_1_284' title='bbox 35 2333 145 2358; x_wconf 78' lang='lat' dir='ltr'><strong>enectus</strong></span> <span class='ocrx_word' id='word_1_285' title='bbox 155 2336 268 2364; x_wconf 75' lang='lat' dir='ltr'><strong>vergens</strong></span> <span class='ocrx_word' id='word_1_286' title='bbox 279 2332 345 2356; x_wconf 82' lang='lat' dir='ltr'><strong>aetas</strong></span> <span class='ocrx_word' id='word_1_287' title='bbox 355 2335 369 2356; x_wconf 91' lang='lat' dir='ltr'><strong>a</strong></span> <span class='ocrx_word' id='word_1_288' title='bbox 379 2328 519 2363; x_wconf 83' lang='lat' dir='ltr'><strong>juventute</strong></span> <span class='ocrx_word' id='word_1_289' title='bbox 531 2329 557 2355; x_wconf 89' lang='lat' dir='ltr'><strong>in</strong></span> <span class='ocrx_word' id='word_1_290' title='bbox 567 2328 683 2359; x_wconf 80' lang='lat' dir='ltr'><strong>senium.</strong></span> <span class='ocrx_word' id='word_1_291' title='bbox 696 2327 814 2355; x_wconf 92' lang='lat' dir='ltr'><strong>nondum</strong></span> 
     </span>
     <span class='ocr_line' id='line_1_68' title="bbox 20 2374 813 2410; baseline 0 -9"><span class='ocrx_word' id='word_1_292' title='bbox 20 2380 109 2402; x_wconf 75' lang='lat' dir='ltr'><strong>tamen</strong></span> <span class='ocrx_word' id='word_1_293' title='bbox 120 2374 271 2410; x_wconf 83' lang='lat' dir='ltr'><strong>decrepita;</strong></span> <span class='ocrx_word' id='word_1_294' title='bbox 282 2374 386 2402; x_wconf 80' lang='lat' dir='ltr'><strong>senium</strong></span> <span class='ocrx_word' id='word_1_295' title='bbox 395 2381 458 2402; x_wconf 84' lang='lat' dir='ltr'><strong>vero</strong></span> <span class='ocrx_word' id='word_1_296' title='bbox 470 2379 512 2402; x_wconf 89' lang='lat' dir='ltr'><strong>est</strong></span> <span class='ocrx_word' id='word_1_297' title='bbox 524 2374 592 2402; x_wconf 79' lang='lat' dir='ltr'><strong>fessa</strong></span> <span class='ocrx_word' id='word_1_298' title='bbox 602 2378 684 2410; x_wconf 89' lang='lat' dir='ltr'><strong>atque</strong></span> <span class='ocrx_word' id='word_1_299' title='bbox 694 2379 813 2402; x_wconf 84' lang='lat' dir='ltr'><strong>extrema</strong></span> 
     </span>
     <span class='ocr_line' id='line_1_69' title="bbox 15 2420 516 2454; baseline -0.002 -5"><span class='ocrx_word' id='word_1_300' title='bbox 15 2425 96 2454; x_wconf 68' lang='lat' dir='ltr'><strong>mus,</strong></span> <span class='ocrx_word' id='word_1_301' title='bbox 110 2423 138 2448; x_wconf 89' lang='lat' dir='ltr'><strong>et</strong></span> <span class='ocrx_word' id='word_1_302' title='bbox 149 2421 228 2448; x_wconf 83' lang='lat' dir='ltr'><strong>vitam</strong></span> <span class='ocrx_word' id='word_1_303' title='bbox 239 2421 361 2449; x_wconf 84' lang='lat' dir='ltr'><strong>ultimam</strong></span> <span class='ocrx_word' id='word_1_304' title='bbox 375 2420 516 2448; x_wconf 88' lang='lat' dir='ltr'><strong>anhelans.</strong></span> 
     </span>
    </p>
   </div>
   <div class='ocr_carea' id='block_1_8' title="bbox 23 2487 811 2909">
    <p class='ocr_par' dir='ltr' id='par_1_14' title="bbox 23 2487 811 2909">
     <span class='ocr_line' id='line_1_70' title="bbox 55 2487 810 2530; baseline 0.001 -15"><span class='ocrx_word' id='word_1_305' title='bbox 55 2488 102 2516; x_wconf 85' lang='lat'><strong>¹18.</strong></span> <span class='ocrx_word' id='word_1_306' title='bbox 111 2487 134 2515; x_wconf 79' lang='lat' dir='ltr'><strong><em>A</em></strong></span> <span class='ocrx_word' id='word_1_307' title='bbox 145 2487 263 2529; x_wconf 59' lang='lat' dir='ltr'><strong>pigritate.</strong></span> <span class='ocrx_word' id='word_1_308' title='bbox 274 2488 355 2530; x_wconf 48' lang='lat' dir='ltr'><strong>lffon„</strong></span> <span class='ocrx_word' id='word_1_309' title='bbox 373 2488 501 2521; x_wconf 82' lang='lat' dir='ltr'><strong>Pueritia,</strong></span> <span class='ocrx_word' id='word_1_310' title='bbox 513 2488 540 2529; x_wconf 65' lang='lat' dir='ltr'><strong>id</strong></span> <span class='ocrx_word' id='word_1_311' title='bbox 553 2492 589 2530; x_wconf 60' lang='lat' dir='ltr'><strong>est</strong></span> <span class='ocrx_word' id='word_1_312' title='bbox 600 2489 710 2530; x_wconf 67' lang='lat' dir='ltr'><strong>puritas.</strong></span> <span class='ocrx_word' id='word_1_313' title='bbox 725 2488 810 2516; x_wconf 84' lang='lat' dir='ltr'><strong>Varro</strong></span> 
     </span>
     <span class='ocr_line' id='line_1_71' title="bbox 46 2522 810 2587; baseline 0.001 -37"><span class='ocrx_word' id='word_1_314' title='bbox 46 2531 132 2587; x_wconf 41' lang='lat' dir='ltr'><strong>elil-qr:-</strong></span> <span class='ocrx_word' id='word_1_315' title='bbox 148 2522 263 2550; x_wconf 76' lang='lat' dir='ltr'><strong>divinar.</strong></span> <span class='ocrx_word' id='word_1_316' title='bbox 275 2523 325 2552; x_wconf 77' lang='lat' dir='ltr'><strong>lib.</strong></span> <span class='ocrx_word' id='word_1_317' title='bbox 340 2531 360 2558; x_wconf 83' lang='lat' dir='ltr'><strong>t,</strong></span> <span class='ocrx_word' id='word_1_318' title='bbox 377 2524 441 2557; x_wconf 78' lang='lat' dir='ltr'><strong>Quoe</strong></span> <span class='ocrx_word' id='word_1_319' title='bbox 465 2527 577 2559; x_wconf 75' lang='lat' dir='ltr'><strong>pueritia</strong></span> <span class='ocrx_word' id='word_1_320' title='bbox 604 2528 640 2550; x_wconf 67' lang='lat' dir='ltr'><strong>eet</strong></span> <span class='ocrx_word' id='word_1_321' title='bbox 663 2524 810 2559; x_wconf 70' lang='lat' dir='ltr'><strong>infrequens</strong></span> 
     </span>
     <span class='ocr_line' id='line_1_72' title="bbox 23 2591 810 2656; baseline 0 -34"><span class='ocrx_word' id='word_1_322' title='bbox 23 2630 26 2632; x_wconf 21' lang='grc' dir='ltr'>Ι</span> <span class='ocrx_word' id='word_1_323' title='bbox 40 2596 45 2601; x_wconf 73' lang='grc'><strong><em>“</em></strong></span> <span class='ocrx_word' id='word_1_324' title='bbox 57 2592 209 2656; x_wconf 44' lang='lat' dir='ltr'><strong>lbngissqia</strong></span> <span class='ocrx_word' id='word_1_325' title='bbox 217 2591 329 2620; x_wconf 72' lang='lat' dir='ltr'><strong>nondum</strong></span> <span class='ocrx_word' id='word_1_326' title='bbox 337 2593 424 2630; x_wconf 71' lang='lat' dir='ltr'><strong>tanay.</strong></span> <span class='ocrx_word' id='word_1_327' title='bbox 436 2593 521 2628; x_wconf 64' lang='lat' dir='ltr'><strong>Fest„</strong></span> <span class='ocrx_word' id='word_1_328' title='bbox 534 2592 614 2627; x_wconf 75' lang='lat' dir='ltr'><strong>Puer,</strong></span> <span class='ocrx_word' id='word_1_329' title='bbox 629 2594 742 2629; x_wconf 71' lang='lat' dir='ltr'><strong>imputa</strong></span> <span class='ocrx_word' id='word_1_330' title='bbox 753 2598 810 2622; x_wconf 79' lang='lat' dir='ltr'><strong>tan-</strong></span> 
     </span>
     <span class='ocr_line' id='line_1_73' title="bbox 38 2661 808 2704; baseline 0.001 -12"><span class='ocrx_word' id='word_1_331' title='bbox 38 2662 104 2696; x_wconf 60' lang='lat' dir='ltr'><strong>aa.</strong></span> <span class='ocrx_word' id='word_1_332' title='bbox 116 2663 198 2697; x_wconf 72' lang='lat' dir='ltr'><strong>Quani</strong></span> <span class='ocrx_word' id='word_1_333' title='bbox 209 2662 292 2704; x_wconf 56' lang='grc' dir='ltr'><strong>Μία.</strong></span> <span class='ocrx_word' id='word_1_334' title='bbox 303 2661 412 2703; x_wconf 58' lang='lat' dir='ltr'><strong>Pullum</strong></span> <span class='ocrx_word' id='word_1_335' title='bbox 423 2667 461 2692; x_wconf 78' lang='lat' dir='ltr'><strong>m</strong></span> <span class='ocrx_word' id='word_1_336' title='bbox 469 2664 553 2692; x_wconf 68' lang='lat' dir='ltr'><strong>malis</strong></span> <span class='ocrx_word' id='word_1_337' title='bbox 565 2665 671 2692; x_wconf 73' lang='lat' dir='ltr'><strong>novellae</strong></span> <span class='ocrx_word' id='word_1_338' title='bbox 692 2664 730 2692; x_wconf 77' lang='lat' dir='ltr'><strong>ait</strong></span> <span class='ocrx_word' id='word_1_339' title='bbox 739 2664 808 2693; x_wconf 80' lang='lat' dir='ltr'><strong>Non.</strong></span> 
     </span>
     <span class='ocr_line' id='line_1_74' title="bbox 56 2686 810 2739; baseline 0.001 -13"><span class='ocrx_word' id='word_1_340' title='bbox 56 2730 64 2735; x_wconf 47' lang='grc'>,</span> <span class='ocrx_word' id='word_1_341' title='bbox 74 2695 128 2728; x_wconf 67' lang='lat' dir='ltr'><strong>m.</strong></span> <span class='ocrx_word' id='word_1_342' title='bbox 138 2697 297 2739; x_wconf 67' lang='lat' dir='ltr'><strong>Pufrttuate.</strong></span> <span class='ocrx_word' id='word_1_343' title='bbox 303 2697 646 2734; x_wconf 52' lang='lat' dir='ltr'><strong>neemanim-Varro&amp;</strong></span> <span class='ocrx_word' id='word_1_344' title='bbox 653 2686 742 2727; x_wconf 74' lang='lat' dir='ltr'><strong>Liber.</strong></span> <span class='ocrx_word' id='word_1_345' title='bbox 749 2700 800 2727; x_wconf 87' lang='lat' dir='ltr'><strong>edu</strong></span> <span class='ocrx_word' id='word_1_346' title='bbox 807 2714 810 2718; x_wconf 92' lang='lat'>·</span> 
     </span>
     <span class='ocr_line' id='line_1_75' title="bbox 94 2731 809 2770; baseline 0.001 -8"><span class='ocrx_word' id='word_1_347' title='bbox 94 2753 115 2768; x_wconf 87' lang='lat'><strong>.,</strong></span> <span class='ocrx_word' id='word_1_348' title='bbox 131 2731 223 2765; x_wconf 73' lang='lat' dir='ltr'><strong>Velim.</strong></span> <span class='ocrx_word' id='word_1_349' title='bbox 237 2740 278 2759; x_wconf 75' lang='lat' dir='ltr'><strong>me</strong></span> <span class='ocrx_word' id='word_1_350' title='bbox 297 2731 404 2766; x_wconf 71' lang='lat' dir='ltr'><strong>nmio,</strong></span> <span class='ocrx_word' id='word_1_351' title='bbox 415 2732 470 2767; x_wconf 69' lang='lat' dir='ltr'><strong>im</strong></span> <span class='ocrx_word' id='word_1_352' title='bbox 483 2738 538 2762; x_wconf 68' lang='lat' dir='ltr'><strong>⁴uon</strong></span> <span class='ocrx_word' id='word_1_353' title='bbox 549 2741 641 2770; x_wconf 70' lang='grc' dir='ltr'><strong><em>ηιοφιο</em></strong></span> <span class='ocrx_word' id='word_1_354' title='bbox 654 2735 809 2769; x_wconf 68' lang='lat' dir='ltr'><strong>punillam·</strong></span> 
     </span>
     <span class='ocr_line' id='line_1_76' title="bbox 121 2767 811 2844; baseline 0.001 -11"><span class='ocrx_word' id='word_1_355' title='bbox 121 2767 228 2833; x_wconf 57' lang='grc' dir='ltr'><strong>..1111Ὗέ</strong></span> <span class='ocrx_word' id='word_1_356' title='bbox 229 2767 339 2844; x_wconf 52' lang='lat' dir='ltr'><strong>‘&#39;viieffiii</strong></span> <span class='ocrx_word' id='word_1_357' title='bbox 355 2803 381 2831; x_wconf 73' lang='lat' dir='ltr'><strong>in</strong></span> <span class='ocrx_word' id='word_1_358' title='bbox 395 2801 490 2831; x_wconf 68' lang='lat' dir='ltr'><strong>criniti</strong></span> <span class='ocrx_word' id='word_1_359' title='bbox 505 2786 628 2831; x_wconf 65' lang='lat' dir='ltr'><strong>sittim</strong></span> <span class='ocrx_word' id='word_1_360' title='bbox 648 2786 811 2838; x_wconf 59' lang='lat' dir='ltr'><strong>„mit-‘in</strong></span> 
     </span>
     <span class='ocr_line' id='line_1_77' title="bbox 112 2836 807 2874; baseline 0 -6"><span class='ocrx_word' id='word_1_361' title='bbox 112 2842 145 2868; x_wconf 74' lang='lat' dir='ltr'><strong>et</strong></span> <span class='ocrx_word' id='word_1_362' title='bbox 157 2842 235 2868; x_wconf 74' lang='lat' dir='ltr'><strong>utra</strong></span> <span class='ocrx_word' id='word_1_363' title='bbox 260 2838 382 2866; x_wconf 83' lang='lat' dir='ltr'><strong>ordinem</strong></span> <span class='ocrx_word' id='word_1_364' title='bbox 411 2845 489 2866; x_wconf 81' lang='lat' dir='ltr'><strong>suum</strong></span> <span class='ocrx_word' id='word_1_365' title='bbox 514 2837 662 2866; x_wconf 66' lang='lat' dir='ltr'><strong>collocate.</strong></span> <span class='ocrx_word' id='word_1_366' title='bbox 677 2836 771 2874; x_wconf 74' lang='lat' dir='ltr'><strong>Nom,</strong></span> <span class='ocrx_word' id='word_1_367' title='bbox 784 2840 807 2868; x_wconf 75' lang='lat' dir='ltr'><strong><em>A</em></strong></span> 
     </span>
     <span class='ocr_line' id='line_1_78' title="bbox 136 2871 810 2909; baseline 0.003 -7"><span class='ocrx_word' id='word_1_368' title='bbox 136 2893 147 2909; x_wconf 86' lang='lat'><strong>,</strong></span> <span class='ocrx_word' id='word_1_369' title='bbox 158 2877 226 2908; x_wconf 66' lang='lat' dir='ltr'><strong>etc„</strong></span> <span class='ocrx_word' id='word_1_370' title='bbox 239 2876 267 2902; x_wconf 78' lang='lat' dir='ltr'><strong>et</strong></span> <span class='ocrx_word' id='word_1_371' title='bbox 279 2873 342 2909; x_wconf 74' lang='lat' dir='ltr'><strong>quin</strong></span> <span class='ocrx_word' id='word_1_372' title='bbox 361 2873 475 2901; x_wconf 70' lang='lat' dir='ltr'><strong>nondum</strong></span> <span class='ocrx_word' id='word_1_373' title='bbox 492 2872 600 2909; x_wconf 68' lang='lat' dir='ltr'><strong>tannae,</strong></span> <span class='ocrx_word' id='word_1_374' title='bbox 615 2871 693 2901; x_wconf 73' lang='lat' dir='ltr'><strong>tacite</strong></span> <span class='ocrx_word' id='word_1_375' title='bbox 712 2872 762 2902; x_wconf 82' lang='lat' dir='ltr'><strong>tuit</strong></span> <span class='ocrx_word' id='word_1_376' title='bbox 773 2874 810 2904; x_wconf 73' lang='lat' dir='ltr'><strong>nd</strong></span> 
     </span>
    </p>
   </div>
   <div class='ocr_carea' id='block_1_9' title="bbox 19 197 860 234">
    <p class='ocr_par' dir='ltr' id='par_1_15' title="bbox 19 197 860 234">
     <span class='ocr_line' id='line_1_79' title="bbox 19 197 860 234; baseline 0.005 -10"><span class='ocrx_word' id='word_1_377' title='bbox 19 197 256 234; x_wconf 72' lang='lat' dir='ltr'><strong>«quadrupedibus,</strong></span> <span class='ocrx_word' id='word_1_378' title='bbox 271 205 306 226; x_wconf 84' lang='lat' dir='ltr'><strong>ne</strong></span> <span class='ocrx_word' id='word_1_379' title='bbox 321 201 392 224; x_wconf 73' lang='lat' dir='ltr'><strong>stare</strong></span> <span class='ocrx_word' id='word_1_380' title='bbox 406 203 458 224; x_wconf 91' lang='lat' dir='ltr'><strong>non</strong></span> <span class='ocrx_word' id='word_1_381' title='bbox 474 197 558 231; x_wconf 83' lang='lat' dir='ltr'><strong>possit</strong></span> <span class='ocrx_word' id='word_1_382' title='bbox 569 197 666 232; x_wconf 57' lang='lat' dir='ltr'><strong>dromo,</strong></span> <span class='ocrx_word' id='word_1_383' title='bbox 674 198 720 226; x_wconf 86' lang='lat' dir='ltr'><strong>sed</strong></span> <span class='ocrx_word' id='word_1_384' title='bbox 732 201 820 234; x_wconf 84' lang='lat' dir='ltr'><strong>planae</strong></span> <span class='ocrx_word' id='word_1_385' title='bbox 834 204 860 233; x_wconf 70' lang='grc' dir='ltr'><strong>Α</strong></span> 
     </span>
    </p>
   </div>
   <div class='ocr_carea' id='block_1_10' title="bbox 16 813 848 851">
    <p class='ocr_par' dir='ltr' id='par_1_16' title="bbox 16 813 848 851">
     <span class='ocr_line' id='line_1_80' title="bbox 16 813 848 851; baseline -0.004 -8"><span class='ocrx_word' id='word_1_386' title='bbox 16 816 205 851; x_wconf 71' lang='lat' dir='ltr'><strong>«eloquentiam</strong></span> <span class='ocrx_word' id='word_1_387' title='bbox 223 823 284 842; x_wconf 83' lang='lat' dir='ltr'><strong>cum</strong></span> <span class='ocrx_word' id='word_1_388' title='bbox 302 815 433 850; x_wconf 77' lang='lat' dir='ltr'><strong>sapientia</strong></span> <span class='ocrx_word' id='word_1_389' title='bbox 454 815 571 842; x_wconf 85' lang='lat' dir='ltr'><strong>retinet:</strong></span> <span class='ocrx_word' id='word_1_390' title='bbox 592 815 678 841; x_wconf 85' lang='lat' dir='ltr'><strong>llomo</strong></span> <span class='ocrx_word' id='word_1_391' title='bbox 699 814 819 848; x_wconf 87' lang='lat' dir='ltr'><strong>loquaci·</strong></span> <span class='ocrx_word' id='word_1_392' title='bbox 840 813 848 819; x_wconf 68' lang='grc'><em>’</em></span> 
     </span>
    </p>
   </div>
   <div class='ocr_carea' id='block_1_11' title="bbox 605 140 1670 180">
    <p class='ocr_par' dir='ltr' id='par_1_17' title="bbox 605 140 1670 180">
     <span class='ocr_line' id='line_1_81' title="bbox 605 140 1670 180; baseline 0.011 -12"><span class='ocrx_word' id='word_1_393' title='bbox 605 140 936 172; x_wconf 71' lang='lat' dir='ltr'><strong>nti-&#39;FFERENTtARtJM</strong></span> <span class='ocrx_word' id='word_1_394' title='bbox 957 145 1022 173; x_wconf 68' lang='lat' dir='ltr'><strong>Lus.</strong></span> <span class='ocrx_word' id='word_1_395' title='bbox 1043 146 1075 174; x_wconf 93' lang='grc' dir='ltr'><strong>ΙΙ.</strong></span> <span class='ocrx_word' id='word_1_396' title='bbox 1635 153 1670 180; x_wconf 73' lang='lat'><strong>82</strong></span> 
     </span>
    </p>
   </div>
   <div class='ocr_carea' id='block_1_12' title="bbox 871 203 1676 886">
    <p class='ocr_par' dir='ltr' id='par_1_18' title="bbox 1238 203 1675 232">
     <span class='ocr_line' id='line_1_82' title="bbox 1238 203 1675 232; baseline 0.002 -1"><span class='ocrx_word' id='word_1_397' title='bbox 1238 203 1297 231; x_wconf 79' lang='lat' dir='ltr'><strong>xxi</strong></span> <span class='ocrx_word' id='word_1_398' title='bbox 1674 227 1675 232; x_wconf 69' lang='grc'>,</span> 
     </span>
    </p>

    <p class='ocr_par' dir='ltr' id='par_1_19' title="bbox 872 244 1676 466">
     <span class='ocr_line' id='line_1_83' title="bbox 909 244 1676 288; baseline 0.01 -13"><span class='ocrx_word' id='word_1_399' title='bbox 909 248 955 277; x_wconf 81' lang='grc'><strong>78.</strong></span> <span class='ocrx_word' id='word_1_400' title='bbox 971 248 1043 276; x_wconf 86' lang='lat' dir='ltr'><strong>inter</strong></span> <span class='ocrx_word' id='word_1_401' title='bbox 1053 249 1178 284; x_wconf 75' lang='lat' dir='ltr'><strong>infamem</strong></span> <span class='ocrx_word' id='word_1_402' title='bbox 1192 255 1220 277; x_wconf 79' lang='lat' dir='ltr'><strong>et</strong></span> <span class='ocrx_word' id='word_1_403' title='bbox 1239 258 1347 285; x_wconf 79' lang='lat' dir='ltr'><strong>puerum</strong></span> <span class='ocrx_word' id='word_1_404' title='bbox 1361 252 1471 286; x_wconf 81' lang='lat' dir='ltr'><strong>quidam</strong></span> <span class='ocrx_word' id='word_1_405' title='bbox 1494 260 1527 280; x_wconf 85' lang='lat' dir='ltr'><strong>ex</strong></span> <span class='ocrx_word' id='word_1_406' title='bbox 1540 244 1676 288; x_wconf 42' lang='lat' dir='ltr'><strong>sapientiss</strong></span> 
     </span>
     <span class='ocr_line' id='line_1_84' title="bbox 873 294 1669 334; baseline 0.009 -13"><span class='ocrx_word' id='word_1_407' title='bbox 873 294 923 321; x_wconf 83' lang='lat' dir='ltr'><strong>hus</strong></span> <span class='ocrx_word' id='word_1_408' title='bbox 936 294 1128 322; x_wconf 85' lang='lat' dir='ltr'><strong>distinxerunt.</strong></span> <span class='ocrx_word' id='word_1_409' title='bbox 1142 294 1242 330; x_wconf 76' lang='lat' dir='ltr'><strong>infans,</strong></span> <span class='ocrx_word' id='word_1_410' title='bbox 1266 297 1400 331; x_wconf 84' lang='lat' dir='ltr'><strong>inquiunt,</strong></span> <span class='ocrx_word' id='word_1_411' title='bbox 1416 297 1525 332; x_wconf 87' lang='lat' dir='ltr'><strong>dicitur,</strong></span> <span class='ocrx_word' id='word_1_412' title='bbox 1537 300 1582 334; x_wconf 91' lang='lat' dir='ltr'><strong>qui</strong></span> <span class='ocrx_word' id='word_1_413' title='bbox 1602 307 1669 328; x_wconf 88' lang='lat' dir='ltr'><strong>non-</strong></span> 
     </span>
     <span class='ocr_line' id='line_1_85' title="bbox 873 341 1669 377; baseline 0.009 -9"><span class='ocrx_word' id='word_1_414' title='bbox 873 341 936 368; x_wconf 92' lang='lat' dir='ltr'><strong>dum</strong></span> <span class='ocrx_word' id='word_1_415' title='bbox 959 341 1007 368; x_wconf 83' lang='lat' dir='ltr'><strong>lari</strong></span> <span class='ocrx_word' id='word_1_416' title='bbox 1035 346 1134 376; x_wconf 86' lang='lat' dir='ltr'><strong>potest.</strong></span> <span class='ocrx_word' id='word_1_417' title='bbox 1161 342 1232 370; x_wconf 91' lang='lat' dir='ltr'><strong>Puer</strong></span> <span class='ocrx_word' id='word_1_418' title='bbox 1257 348 1346 370; x_wconf 88' lang='lat' dir='ltr'><strong>autem</strong></span> <span class='ocrx_word' id='word_1_419' title='bbox 1371 351 1387 369; x_wconf 85' lang='lat' dir='ltr'><strong>a</strong></span> <span class='ocrx_word' id='word_1_420' title='bbox 1418 344 1534 377; x_wconf 81' lang='lat' dir='ltr'><strong>puritate</strong></span> <span class='ocrx_word' id='word_1_421' title='bbox 1557 350 1669 375; x_wconf 76' lang='lat' dir='ltr'><strong>vocatu·</strong></span> 
     </span>
     <span class='ocr_line' id='line_1_86' title="bbox 872 386 1670 424; baseline 0.009 -11"><span class='ocrx_word' id='word_1_422' title='bbox 872 386 950 421; x_wconf 83' lang='lat' dir='ltr'><strong>quasi</strong></span> <span class='ocrx_word' id='word_1_423' title='bbox 972 394 1064 422; x_wconf 89' lang='lat' dir='ltr'><strong>purus,</strong></span> <span class='ocrx_word' id='word_1_424' title='bbox 1091 388 1149 415; x_wconf 88' lang='lat' dir='ltr'><strong>sive</strong></span> <span class='ocrx_word' id='word_1_425' title='bbox 1171 389 1234 422; x_wconf 79' lang='lat' dir='ltr'><strong>quia</strong></span> <span class='ocrx_word' id='word_1_426' title='bbox 1251 388 1370 415; x_wconf 92' lang='lat' dir='ltr'><strong>nondum</strong></span> <span class='ocrx_word' id='word_1_427' title='bbox 1384 388 1540 424; x_wconf 81' lang='lat' dir='ltr'><strong>lanuginem</strong></span> <span class='ocrx_word' id='word_1_428' title='bbox 1560 392 1670 422; x_wconf 83' lang='lat' dir='ltr'><strong>florem-</strong></span> 
     </span>
     <span class='ocr_line' id='line_1_87' title="bbox 872 433 1243 466; baseline 0.003 -8"><span class='ocrx_word' id='word_1_429' title='bbox 872 440 924 466; x_wconf 90' lang='lat' dir='ltr'><strong>que</strong></span> <span class='ocrx_word' id='word_1_430' title='bbox 945 439 1075 466; x_wconf 87' lang='lat' dir='ltr'><strong>genarum</strong></span> <span class='ocrx_word' id='word_1_431' title='bbox 1104 433 1243 460; x_wconf 85' lang='lat' dir='ltr'><strong>inducunt.</strong></span> 
     </span>
    </p>

    <p class='ocr_par' dir='ltr' id='par_1_20' title="bbox 871 478 1671 792">
     <span class='ocr_line' id='line_1_88' title="bbox 908 478 1668 515; baseline 0.004 -9"><span class='ocrx_word' id='word_1_432' title='bbox 908 479 950 507; x_wconf 86' lang='grc'><strong>79.</strong></span> <span class='ocrx_word' id='word_1_433' title='bbox 968 478 1059 507; x_wconf 86' lang='lat' dir='ltr'><strong>Puella</strong></span> <span class='ocrx_word' id='word_1_434' title='bbox 1077 483 1168 506; x_wconf 90' lang='lat' dir='ltr'><strong>autem</strong></span> <span class='ocrx_word' id='word_1_435' title='bbox 1183 487 1198 505; x_wconf 91' lang='lat' dir='ltr'><strong>a</strong></span> <span class='ocrx_word' id='word_1_436' title='bbox 1215 480 1348 514; x_wconf 86' lang='lat' dir='ltr'><strong>parvitate</strong></span> <span class='ocrx_word' id='word_1_437' title='bbox 1370 484 1475 512; x_wconf 84' lang='lat' dir='ltr'><strong>vocata,</strong></span> <span class='ocrx_word' id='word_1_438' title='bbox 1493 488 1568 515; x_wconf 85' lang='lat' dir='ltr'><strong>quasi</strong></span> <span class='ocrx_word' id='word_1_439' title='bbox 1586 482 1668 515; x_wconf 87' lang='lat' dir='ltr'><strong>pulla.</strong></span> 
     </span>
     <span class='ocr_line' id='line_1_89' title="bbox 875 521 1671 561; baseline 0.003 -8"><span class='ocrx_word' id='word_1_440' title='bbox 875 525 948 553; x_wconf 91' lang='lat' dir='ltr'><strong>Unde</strong></span> <span class='ocrx_word' id='word_1_441' title='bbox 968 526 1084 561; x_wconf 87' lang='lat' dir='ltr'><strong>pupillos</strong></span> <span class='ocrx_word' id='word_1_442' title='bbox 1100 531 1128 553; x_wconf 89' lang='lat' dir='ltr'><strong>et</strong></span> <span class='ocrx_word' id='word_1_443' title='bbox 1152 525 1264 560; x_wconf 87' lang='lat' dir='ltr'><strong>pupillas</strong></span> <span class='ocrx_word' id='word_1_444' title='bbox 1288 534 1339 553; x_wconf 91' lang='lat' dir='ltr'><strong>non</strong></span> <span class='ocrx_word' id='word_1_445' title='bbox 1363 534 1412 561; x_wconf 87' lang='lat' dir='ltr'><strong>pro</strong></span> <span class='ocrx_word' id='word_1_446' title='bbox 1440 527 1602 560; x_wconf 84' lang='lat' dir='ltr'><strong>conditione,</strong></span> <span class='ocrx_word' id='word_1_447' title='bbox 1619 521 1671 556; x_wconf 38' lang='lat' dir='ltr'><strong>sed*</strong></span> 
     </span>
     <span class='ocr_line' id='line_1_90' title="bbox 871 571 1666 607; baseline 0.004 -8"><span class='ocrx_word' id='word_1_448' title='bbox 871 580 920 607; x_wconf 89' lang='lat' dir='ltr'><strong>pro</strong></span> <span class='ocrx_word' id='word_1_449' title='bbox 945 577 1023 600; x_wconf 81' lang='lat' dir='ltr'><strong>aetate</strong></span> <span class='ocrx_word' id='word_1_450' title='bbox 1048 571 1143 607; x_wconf 88' lang='lat' dir='ltr'><strong>puerili</strong></span> <span class='ocrx_word' id='word_1_451' title='bbox 1164 580 1299 600; x_wconf 74' lang='lat' dir='ltr'><strong>vocamus.</strong></span> <span class='ocrx_word' id='word_1_452' title='bbox 1322 572 1391 600; x_wconf 74' lang='lat' dir='ltr'><strong>Puer</strong></span> <span class='ocrx_word' id='word_1_453' title='bbox 1407 574 1471 601; x_wconf 91' lang='lat' dir='ltr'><strong>olim</strong></span> <span class='ocrx_word' id='word_1_454' title='bbox 1485 578 1512 600; x_wconf 80' lang='lat' dir='ltr'><strong>et</strong></span> <span class='ocrx_word' id='word_1_455' title='bbox 1531 575 1666 602; x_wconf 84' lang='lat' dir='ltr'><strong>masculus</strong></span> 
     </span>
     <span class='ocr_line' id='line_1_91' title="bbox 871 619 1664 653; baseline 0.005 -8"><span class='ocrx_word' id='word_1_456' title='bbox 871 623 898 646; x_wconf 90' lang='lat' dir='ltr'><strong>et</strong></span> <span class='ocrx_word' id='word_1_457' title='bbox 908 619 1004 646; x_wconf 80' lang='lat' dir='ltr'><strong>femina</strong></span> <span class='ocrx_word' id='word_1_458' title='bbox 1019 619 1214 653; x_wconf 82' lang='lat' dir='ltr'><strong>appellabatur,</strong></span> <span class='ocrx_word' id='word_1_459' title='bbox 1227 620 1296 646; x_wconf 86' lang='lat' dir='ltr'><strong>sieut</strong></span> <span class='ocrx_word' id='word_1_460' title='bbox 1307 620 1405 647; x_wconf 80' lang='lat' dir='ltr'><strong>infans.</strong></span> <span class='ocrx_word' id='word_1_461' title='bbox 1419 620 1487 647; x_wconf 81' lang='lat' dir='ltr'><strong>Hine</strong></span> <span class='ocrx_word' id='word_1_462' title='bbox 1498 622 1664 649; x_wconf 84' lang='lat' dir='ltr'><strong>consuetudo</strong></span> 
     </span>
     <span class='ocr_line' id='line_1_92' title="bbox 871 665 1668 703; baseline 0.006 -12"><span class='ocrx_word' id='word_1_463' title='bbox 871 665 1022 692; x_wconf 87' lang='lat' dir='ltr'><strong>communis</strong></span> <span class='ocrx_word' id='word_1_464' title='bbox 1035 673 1193 700; x_wconf 83' lang='lat' dir='ltr'><strong>puerperam</strong></span> <span class='ocrx_word' id='word_1_465' title='bbox 1208 671 1295 693; x_wconf 83' lang='lat' dir='ltr'><strong>vocat.</strong></span> <span class='ocrx_word' id='word_1_466' title='bbox 1314 667 1424 701; x_wconf 88' lang='lat' dir='ltr'><strong>Proprie</strong></span> <span class='ocrx_word' id='word_1_467' title='bbox 1445 672 1537 695; x_wconf 83' lang='lat' dir='ltr'><strong>autem</strong></span> <span class='ocrx_word' id='word_1_468' title='bbox 1554 675 1668 703; x_wconf 87' lang='lat' dir='ltr'><strong>puerpe-</strong></span> 
     </span>
     <span class='ocr_line' id='line_1_93' title="bbox 871 711 1667 750; baseline 0.004 -12"><span class='ocrx_word' id='word_1_469' title='bbox 871 718 915 738; x_wconf 89' lang='lat' dir='ltr'><strong>ras</strong></span> <span class='ocrx_word' id='word_1_470' title='bbox 939 711 992 738; x_wconf 88' lang='lat' dir='ltr'><strong>diei</strong></span> <span class='ocrx_word' id='word_1_471' title='bbox 1007 719 1067 746; x_wconf 71' lang='lat' dir='ltr'><strong>quae</strong></span> <span class='ocrx_word' id='word_1_472' title='bbox 1094 712 1211 746; x_wconf 88' lang='lat' dir='ltr'><strong>primum</strong></span> <span class='ocrx_word' id='word_1_473' title='bbox 1236 713 1322 739; x_wconf 77' lang='lat' dir='ltr'><strong>enixae</strong></span> <span class='ocrx_word' id='word_1_474' title='bbox 1344 717 1407 740; x_wconf 90' lang='lat' dir='ltr'><strong>sunt</strong></span> <span class='ocrx_word' id='word_1_475' title='bbox 1427 721 1534 748; x_wconf 73' lang='lat' dir='ltr'><strong>puer05,</strong></span> <span class='ocrx_word' id='word_1_476' title='bbox 1549 721 1581 742; x_wconf 87' lang='lat' dir='ltr'><strong>eo</strong></span> <span class='ocrx_word' id='word_1_477' title='bbox 1595 714 1667 750; x_wconf 88' lang='lat' dir='ltr'><strong>quod</strong></span> 
     </span>
     <span class='ocr_line' id='line_1_94' title="bbox 872 757 1283 792; baseline 0.002 -8"><span class='ocrx_word' id='word_1_478' title='bbox 872 757 967 791; x_wconf 71' lang='lat' dir='ltr'><strong>puellm</strong></span> <span class='ocrx_word' id='word_1_479' title='bbox 993 757 1138 784; x_wconf 89' lang='lat' dir='ltr'><strong>admodum</strong></span> <span class='ocrx_word' id='word_1_480' title='bbox 1168 759 1283 792; x_wconf 84' lang='lat' dir='ltr'><strong>pariant.</strong></span> 
     </span>
    </p>

    <p class='ocr_par' dir='ltr' id='par_1_21' title="bbox 871 804 1666 886">
     <span class='ocr_line' id='line_1_95' title="bbox 906 804 1666 842; baseline 0.005 -11"><span class='ocrx_word' id='word_1_481' title='bbox 906 804 951 832; x_wconf 89' lang='grc'><strong>80.</strong></span> <span class='ocrx_word' id='word_1_482' title='bbox 963 804 1069 839; x_wconf 83' lang='lat' dir='ltr'><strong>Egressi</strong></span> <span class='ocrx_word' id='word_1_483' title='bbox 1081 805 1221 839; x_wconf 85' lang='lat' dir='ltr'><strong>pueritiam</strong></span> <span class='ocrx_word' id='word_1_484' title='bbox 1235 806 1479 841; x_wconf 85' lang='lat' dir='ltr'><strong>masculi,puberes</strong></span> <span class='ocrx_word' id='word_1_485' title='bbox 1488 808 1666 842; x_wconf 85' lang='lat' dir='ltr'><strong>appellantur,</strong></span> 
     </span>
     <span class='ocr_line' id='line_1_96' title="bbox 871 851 1666 886; baseline 0.004 -9"><span class='ocrx_word' id='word_1_486' title='bbox 871 851 990 886; x_wconf 77' lang='lat' dir='ltr'><strong>quiajam</strong></span> <span class='ocrx_word' id='word_1_487' title='bbox 999 851 1126 885; x_wconf 81' lang='lat' dir='ltr'><strong>gignendi</strong></span> <span class='ocrx_word' id='word_1_488' title='bbox 1136 856 1293 885; x_wconf 83' lang='lat' dir='ltr'><strong>potestatem</strong></span> <span class='ocrx_word' id='word_1_489' title='bbox 1304 857 1424 885; x_wconf 87' lang='lat' dir='ltr'><strong>sumunt;</strong></span> <span class='ocrx_word' id='word_1_490' title='bbox 1435 853 1542 880; x_wconf 78' lang='lat' dir='ltr'><strong>semime</strong></span> <span class='ocrx_word' id='word_1_491' title='bbox 1551 861 1615 881; x_wconf 85' lang='lat' dir='ltr'><strong>vero</strong></span> <span class='ocrx_word' id='word_1_492' title='bbox 1624 855 1666 880; x_wconf 83' lang='lat' dir='ltr'><strong>vir</strong></span> 
     </span>
    </p>
   </div>
   <div class='ocr_carea' id='block_1_13' title="bbox 16 897 1669 945">
    <p class='ocr_par' dir='ltr' id='par_1_22' title="bbox 16 897 1669 945">
     <span class='ocr_line' id='line_1_97' title="bbox 16 897 1669 945; baseline -0.007 -7"><span class='ocrx_word' id='word_1_493' title='bbox 16 909 149 937; x_wconf 57' lang='lat' dir='ltr'><strong>&lt;dixerunt</strong></span> <span class='ocrx_word' id='word_1_494' title='bbox 159 909 209 936; x_wconf 80' lang='grc' dir='ltr'><strong>ἀπὸ</strong></span> <span class='ocrx_word' id='word_1_495' title='bbox 219 913 265 938; x_wconf 80' lang='grc' dir='ltr'><strong>τῆς</strong></span> <span class='ocrx_word' id='word_1_496' title='bbox 278 909 379 945; x_wconf 72' lang='grc' dir='ltr'><em>ἀρετῆς,</em></span> <span class='ocrx_word' id='word_1_497' title='bbox 388 908 414 934; x_wconf 87' lang='lat' dir='ltr'><strong>id</strong></span> <span class='ocrx_word' id='word_1_498' title='bbox 423 912 487 935; x_wconf 81' lang='lat' dir='ltr'><strong>esta</strong></span> <span class='ocrx_word' id='word_1_499' title='bbox 501 908 607 935; x_wconf 68' lang='lat' dir='ltr'><strong>virtute.</strong></span> <span class='ocrx_word' id='word_1_500' title='bbox 625 907 714 934; x_wconf 72' lang='lat' dir='ltr'><strong>vinus</strong></span> <span class='ocrx_word' id='word_1_501' title='bbox 727 911 816 934; x_wconf 61' lang='lat' dir='ltr'><strong>autem</strong></span> <span class='ocrx_word' id='word_1_502' title='bbox 832 897 857 926; x_wconf 83' lang='lat' dir='ltr'><strong>B</strong></span> <span class='ocrx_word' id='word_1_503' title='bbox 870 898 944 933; x_wconf 82' lang='lat' dir='ltr'><strong>gines</strong></span> <span class='ocrx_word' id='word_1_504' title='bbox 958 899 1000 926; x_wconf 87' lang='lat' dir='ltr'><strong>vel</strong></span> <span class='ocrx_word' id='word_1_505' title='bbox 1015 898 1149 933; x_wconf 81' lang='lat' dir='ltr'><strong>viragines</strong></span> <span class='ocrx_word' id='word_1_506' title='bbox 1159 899 1295 926; x_wconf 85' lang='lat' dir='ltr'><strong>dicuntur.</strong></span> <span class='ocrx_word' id='word_1_507' title='bbox 1308 900 1384 926; x_wconf 87' lang='lat' dir='ltr'><strong>Dicta</strong></span> <span class='ocrx_word' id='word_1_508' title='bbox 1403 905 1492 926; x_wconf 82' lang='lat' dir='ltr'><strong>antem</strong></span> <span class='ocrx_word' id='word_1_509' title='bbox 1504 900 1607 935; x_wconf 80' lang='lat' dir='ltr'><strong>virago,</strong></span> <span class='ocrx_word' id='word_1_510' title='bbox 1626 899 1669 926; x_wconf 84' lang='lat' dir='ltr'><strong>vel</strong></span> 
     </span>
    </p>
   </div>
   <div class='ocr_carea' id='block_1_14' title="bbox 869 945 1671 1577">
    <p class='ocr_par' dir='ltr' id='par_1_23' title="bbox 871 945 1671 1158">
     <span class='ocr_line' id='line_1_98' title="bbox 872 945 1668 980; baseline 0.001 -9"><span class='ocrx_word' id='word_1_511' title='bbox 872 945 964 978; x_wconf 90' lang='lat' dir='ltr'><strong>quoda</strong></span> <span class='ocrx_word' id='word_1_512' title='bbox 974 945 1031 971; x_wconf 91' lang='lat' dir='ltr'><strong>viro</strong></span> <span class='ocrx_word' id='word_1_513' title='bbox 1045 950 1151 979; x_wconf 90' lang='lat' dir='ltr'><strong>sumpta</strong></span> <span class='ocrx_word' id='word_1_514' title='bbox 1160 946 1207 978; x_wconf 86' lang='lat' dir='ltr'><strong>sit,</strong></span> <span class='ocrx_word' id='word_1_515' title='bbox 1218 946 1259 972; x_wconf 81' lang='lat' dir='ltr'><strong>vel</strong></span> <span class='ocrx_word' id='word_1_516' title='bbox 1269 946 1339 980; x_wconf 78' lang='lat' dir='ltr'><strong>quod</strong></span> <span class='ocrx_word' id='word_1_517' title='bbox 1355 946 1389 972; x_wconf 86' lang='lat' dir='ltr'><strong>sit</strong></span> <span class='ocrx_word' id='word_1_518' title='bbox 1407 946 1548 972; x_wconf 77' lang='lat' dir='ltr'><strong>masculini</strong></span> <span class='ocrx_word' id='word_1_519' title='bbox 1559 947 1668 980; x_wconf 81' lang='lat' dir='ltr'><strong>vigoris,</strong></span> 
     </span>
     <span class='ocr_line' id='line_1_99' title="bbox 871 990 1667 1027; baseline 0 -9"><span class='ocrx_word' id='word_1_520' title='bbox 871 990 957 1018; x_wconf 90' lang='lat' dir='ltr'><strong>Simul</strong></span> <span class='ocrx_word' id='word_1_521' title='bbox 973 992 1139 1025; x_wconf 79' lang='lat' dir='ltr'><strong>pubertatem</strong></span> <span class='ocrx_word' id='word_1_522' title='bbox 1152 993 1264 1027; x_wconf 80' lang='lat' dir='ltr'><strong>egressi,</strong></span> <span class='ocrx_word' id='word_1_523' title='bbox 1281 993 1466 1019; x_wconf 83' lang='lat' dir='ltr'><strong>adolescentes</strong></span> <span class='ocrx_word' id='word_1_524' title='bbox 1488 992 1667 1026; x_wconf 82' lang='lat' dir='ltr'><strong>appellantur.</strong></span> 
     </span>
     <span class='ocr_line' id='line_1_100' title="bbox 873 1038 1670 1072; baseline 0.001 -8"><span class='ocrx_word' id='word_1_525' title='bbox 873 1038 1066 1065; x_wconf 77' lang='lat' dir='ltr'><strong>Adulescentes</strong></span> <span class='ocrx_word' id='word_1_526' title='bbox 1087 1043 1175 1066; x_wconf 88' lang='lat' dir='ltr'><strong>autem</strong></span> <span class='ocrx_word' id='word_1_527' title='bbox 1199 1039 1261 1065; x_wconf 88' lang='lat' dir='ltr'><strong>dicti</strong></span> <span class='ocrx_word' id='word_1_528' title='bbox 1277 1039 1310 1066; x_wconf 91' lang='lat' dir='ltr'><strong>ab</strong></span> <span class='ocrx_word' id='word_1_529' title='bbox 1327 1039 1506 1065; x_wconf 81' lang='lat' dir='ltr'><strong>adolescendo</strong></span> <span class='ocrx_word' id='word_1_530' title='bbox 1518 1043 1596 1072; x_wconf 84' lang='lat' dir='ltr'><strong>atque</strong></span> <span class='ocrx_word' id='word_1_531' title='bbox 1612 1046 1670 1065; x_wconf 85' lang='lat' dir='ltr'><strong>cre-</strong></span> 
     </span>
     <span class='ocr_line' id='line_1_101' title="bbox 872 1083 1671 1118; baseline 0 -8"><span class='ocrx_word' id='word_1_532' title='bbox 872 1084 982 1110; x_wconf 86' lang='lat' dir='ltr'><strong>scendo.</strong></span> <span class='ocrx_word' id='word_1_533' title='bbox 994 1083 1068 1111; x_wconf 85' lang='lat' dir='ltr'><strong>Unde</strong></span> <span class='ocrx_word' id='word_1_534' title='bbox 1078 1089 1104 1111; x_wconf 91' lang='lat' dir='ltr'><strong>et</strong></span> <span class='ocrx_word' id='word_1_535' title='bbox 1114 1084 1231 1118; x_wconf 85' lang='lat' dir='ltr'><strong>quidam,</strong></span> <span class='ocrx_word' id='word_1_536' title='bbox 1239 1084 1274 1111; x_wconf 88' lang='lat' dir='ltr'><strong>de</strong></span> <span class='ocrx_word' id='word_1_537' title='bbox 1283 1085 1444 1118; x_wconf 76' lang='lat' dir='ltr'><strong>agricultura</strong></span> <span class='ocrx_word' id='word_1_538' title='bbox 1454 1085 1576 1118; x_wconf 88' lang='lat' dir='ltr'><strong>loquens,</strong></span> <span class='ocrx_word' id='word_1_539' title='bbox 1585 1088 1655 1110; x_wconf 87' lang='lat' dir='ltr'><strong>matu</strong></span> <span class='ocrx_word' id='word_1_540' title='bbox 1667 1099 1671 1104; x_wconf 85' lang='lat'><em>-</em></span> 
     </span>
     <span class='ocr_line' id='line_1_102' title="bbox 871 1130 1506 1158; baseline -0.003 -1"><span class='ocrx_word' id='word_1_541' title='bbox 871 1134 1022 1157; x_wconf 86' lang='lat' dir='ltr'><strong>rescentem</strong></span> <span class='ocrx_word' id='word_1_542' title='bbox 1038 1130 1152 1157; x_wconf 76' lang='lat' dir='ltr'><strong>fructum</strong></span> <span class='ocrx_word' id='word_1_543' title='bbox 1175 1131 1373 1158; x_wconf 86' lang='lat' dir='ltr'><strong>adolescentem</strong></span> <span class='ocrx_word' id='word_1_544' title='bbox 1390 1130 1506 1157; x_wconf 81' lang='lat' dir='ltr'><strong>vocavit.</strong></span> 
     </span>
    </p>

    <p class='ocr_par' dir='ltr' id='par_1_24' title="bbox 869 1175 1669 1300">
     <span class='ocr_line' id='line_1_103' title="bbox 907 1175 1668 1212; baseline 0.001 -11"><span class='ocrx_word' id='word_1_545' title='bbox 907 1175 951 1202; x_wconf 78' lang='lat'><strong>8¹.</strong></span> <span class='ocrx_word' id='word_1_546' title='bbox 966 1176 1029 1202; x_wconf 86' lang='lat' dir='ltr'><strong>Post</strong></span> <span class='ocrx_word' id='word_1_547' title='bbox 1041 1177 1249 1204; x_wconf 85' lang='lat' dir='ltr'><strong>adolescentiam</strong></span> <span class='ocrx_word' id='word_1_548' title='bbox 1262 1184 1367 1212; x_wconf 86' lang='lat' dir='ltr'><strong>quoque</strong></span> <span class='ocrx_word' id='word_1_549' title='bbox 1375 1177 1489 1212; x_wconf 85' lang='lat' dir='ltr'><strong>juvenes</strong></span> <span class='ocrx_word' id='word_1_550' title='bbox 1499 1176 1576 1202; x_wconf 80' lang='lat' dir='ltr'><strong>liunt.</strong></span> <span class='ocrx_word' id='word_1_551' title='bbox 1586 1175 1668 1202; x_wconf 84' lang='lat' dir='ltr'><strong>Juve-</strong></span> 
     </span>
     <span class='ocr_line' id='line_1_104' title="bbox 872 1221 1669 1256; baseline 0.001 -9"><span class='ocrx_word' id='word_1_552' title='bbox 872 1227 920 1247; x_wconf 89' lang='lat' dir='ltr'><strong>nes</strong></span> <span class='ocrx_word' id='word_1_553' title='bbox 932 1225 1020 1248; x_wconf 90' lang='lat' dir='ltr'><strong>autem</strong></span> <span class='ocrx_word' id='word_1_554' title='bbox 1032 1221 1105 1253; x_wconf 87' lang='lat' dir='ltr'><strong>dicti,</strong></span> <span class='ocrx_word' id='word_1_555' title='bbox 1121 1222 1192 1256; x_wconf 86' lang='lat' dir='ltr'><strong>qnod</strong></span> <span class='ocrx_word' id='word_1_556' title='bbox 1202 1222 1296 1256; x_wconf 86' lang='lat' dir='ltr'><strong>juvare</strong></span> <span class='ocrx_word' id='word_1_557' title='bbox 1305 1229 1382 1255; x_wconf 78' lang='lat' dir='ltr'><strong>posse</strong></span> <span class='ocrx_word' id='word_1_558' title='bbox 1395 1222 1534 1256; x_wconf 84' lang='lat' dir='ltr'><strong>incipiunt,</strong></span> <span class='ocrx_word' id='word_1_559' title='bbox 1543 1226 1572 1247; x_wconf 93' lang='lat' dir='ltr'><strong>ut</strong></span> <span class='ocrx_word' id='word_1_560' title='bbox 1583 1221 1669 1248; x_wconf 81' lang='lat' dir='ltr'><strong>bobus</strong></span> 
     </span>
     <span class='ocr_line' id='line_1_105' title="bbox 869 1266 1463 1300; baseline 0.003 -8"><span class='ocrx_word' id='word_1_561' title='bbox 869 1266 1002 1300; x_wconf 84' lang='lat' dir='ltr'><strong>juvencus</strong></span> <span class='ocrx_word' id='word_1_562' title='bbox 1010 1266 1117 1299; x_wconf 87' lang='lat' dir='ltr'><strong>dicitur,</strong></span> <span class='ocrx_word' id='word_1_563' title='bbox 1133 1275 1191 1294; x_wconf 80' lang='lat' dir='ltr'><strong>curn</strong></span> <span class='ocrx_word' id='word_1_564' title='bbox 1208 1275 1223 1294; x_wconf 83' lang='lat' dir='ltr'><strong>a</strong></span> <span class='ocrx_word' id='word_1_565' title='bbox 1239 1268 1323 1294; x_wconf 86' lang='lat' dir='ltr'><strong>vitulo</strong></span> <span class='ocrx_word' id='word_1_566' title='bbox 1338 1267 1463 1294; x_wconf 88' lang='lat' dir='ltr'><strong>discedit.</strong></span> 
     </span>
    </p>

    <p class='ocr_par' dir='ltr' id='par_1_25' title="bbox 869 1313 1669 1532">
     <span class='ocr_line' id='line_1_106' title="bbox 907 1313 1669 1347; baseline 0.004 -9"><span class='ocrx_word' id='word_1_567' title='bbox 907 1313 951 1339; x_wconf 72' lang='lat'><strong>82.</strong></span> <span class='ocrx_word' id='word_1_568' title='bbox 972 1313 1031 1339; x_wconf 89' lang='lat' dir='ltr'><strong>Jam</strong></span> <span class='ocrx_word' id='word_1_569' title='bbox 1047 1320 1111 1340; x_wconf 86' lang='lat' dir='ltr'><strong>vero</strong></span> <span class='ocrx_word' id='word_1_570' title='bbox 1127 1313 1222 1340; x_wconf 69' lang='lat' dir='ltr'><strong>medice</strong></span> <span class='ocrx_word' id='word_1_571' title='bbox 1250 1314 1337 1340; x_wconf 79' lang='lat' dir='ltr'><strong>aetatis</strong></span> <span class='ocrx_word' id='word_1_572' title='bbox 1358 1314 1464 1347; x_wconf 87' lang='lat' dir='ltr'><strong>proprie</strong></span> <span class='ocrx_word' id='word_1_573' title='bbox 1485 1314 1609 1340; x_wconf 88' lang='lat' dir='ltr'><strong>dicuntur</strong></span> <span class='ocrx_word' id='word_1_574' title='bbox 1626 1315 1669 1341; x_wconf 82' lang='lat' dir='ltr'><strong>vir</strong></span> 
     </span>
     <span class='ocr_line' id='line_1_107' title="bbox 870 1357 1668 1393; baseline 0.004 -9"><span class='ocrx_word' id='word_1_575' title='bbox 870 1360 897 1384; x_wconf 93' lang='lat' dir='ltr'><strong>et</strong></span> <span class='ocrx_word' id='word_1_576' title='bbox 915 1357 1020 1385; x_wconf 86' lang='lat' dir='ltr'><strong>mulier.</strong></span> <span class='ocrx_word' id='word_1_577' title='bbox 1034 1357 1090 1393; x_wconf 70' lang='grc'><strong>94</strong></span> <span class='ocrx_word' id='word_1_578' title='bbox 1100 1357 1147 1385; x_wconf 88' lang='lat' dir='ltr'><strong>Vir</strong></span> <span class='ocrx_word' id='word_1_579' title='bbox 1158 1358 1247 1393; x_wconf 86' lang='lat' dir='ltr'><strong>itaque</strong></span> <span class='ocrx_word' id='word_1_580' title='bbox 1269 1363 1449 1393; x_wconf 77' lang='lat' dir='ltr'><strong>nuncupatus,</strong></span> <span class='ocrx_word' id='word_1_581' title='bbox 1464 1363 1493 1385; x_wconf 94' lang='lat' dir='ltr'><strong>ut</strong></span> <span class='ocrx_word' id='word_1_582' title='bbox 1507 1359 1542 1386; x_wconf 86' lang='lat' dir='ltr'><strong>ait</strong></span> <span class='ocrx_word' id='word_1_583' title='bbox 1555 1360 1668 1387; x_wconf 90' lang='lat' dir='ltr'><strong>Lactan-</strong></span> 
     </span>
     <span class='ocr_line' id='line_1_108' title="bbox 870 1403 1668 1439; baseline 0.005 -10"><span class='ocrx_word' id='word_1_584' title='bbox 870 1403 931 1435; x_wconf 87' lang='lat' dir='ltr'><strong>tius,</strong></span> <span class='ocrx_word' id='word_1_585' title='bbox 944 1403 1005 1437; x_wconf 86' lang='lat' dir='ltr'><strong>quia</strong></span> <span class='ocrx_word' id='word_1_586' title='bbox 1022 1403 1108 1438; x_wconf 81' lang='lat' dir='ltr'><strong>niajor</strong></span> <span class='ocrx_word' id='word_1_587' title='bbox 1120 1404 1144 1430; x_wconf 93' lang='lat' dir='ltr'><strong>in</strong></span> <span class='ocrx_word' id='word_1_588' title='bbox 1156 1411 1188 1431; x_wconf 91' lang='lat' dir='ltr'><strong>eo</strong></span> <span class='ocrx_word' id='word_1_589' title='bbox 1202 1404 1242 1431; x_wconf 88' lang='lat' dir='ltr'><strong>vis</strong></span> <span class='ocrx_word' id='word_1_590' title='bbox 1253 1405 1287 1431; x_wconf 85' lang='lat' dir='ltr'><strong>sit</strong></span> <span class='ocrx_word' id='word_1_591' title='bbox 1299 1412 1378 1439; x_wconf 88' lang='lat' dir='ltr'><strong>quam</strong></span> <span class='ocrx_word' id='word_1_592' title='bbox 1391 1406 1416 1432; x_wconf 91' lang='lat' dir='ltr'><strong>in</strong></span> <span class='ocrx_word' id='word_1_593' title='bbox 1434 1405 1550 1439; x_wconf 81' lang='lat' dir='ltr'><strong>leminis,</strong></span> <span class='ocrx_word' id='word_1_594' title='bbox 1561 1411 1588 1433; x_wconf 89' lang='lat' dir='ltr'><strong>et</strong></span> <span class='ocrx_word' id='word_1_595' title='bbox 1603 1406 1668 1433; x_wconf 72' lang='lat' dir='ltr'><strong>ltine</strong></span> 
     </span>
     <span class='ocr_line' id='line_1_109' title="bbox 869 1450 1668 1485; baseline 0.005 -9"><span class='ocrx_word' id='word_1_596' title='bbox 869 1450 952 1477; x_wconf 83' lang='lat' dir='ltr'><strong>virtus</strong></span> <span class='ocrx_word' id='word_1_597' title='bbox 963 1457 1059 1477; x_wconf 87' lang='lat' dir='ltr'><strong>nomen</strong></span> <span class='ocrx_word' id='word_1_598' title='bbox 1076 1451 1181 1485; x_wconf 85' lang='lat' dir='ltr'><strong>accipit.</strong></span> <span class='ocrx_word' id='word_1_599' title='bbox 1195 1451 1258 1478; x_wconf 87' lang='lat' dir='ltr'><strong>item</strong></span> <span class='ocrx_word' id='word_1_600' title='bbox 1272 1451 1367 1478; x_wconf 90' lang='lat' dir='ltr'><strong>mulier</strong></span> <span class='ocrx_word' id='word_1_601' title='bbox 1378 1459 1391 1478; x_wconf 85' lang='lat' dir='ltr'><strong>a</strong></span> <span class='ocrx_word' id='word_1_602' title='bbox 1405 1452 1519 1480; x_wconf 81' lang='lat' dir='ltr'><strong>mollitie</strong></span> <span class='ocrx_word' id='word_1_603' title='bbox 1528 1452 1668 1485; x_wconf 78' lang='lat' dir='ltr'><strong>dieta,im-</strong></span> 
     </span>
     <span class='ocr_line' id='line_1_110' title="bbox 869 1497 1472 1532; baseline 0.005 -10"><span class='ocrx_word' id='word_1_604' title='bbox 869 1500 969 1523; x_wconf 83' lang='lat' dir='ltr'><strong>mutata</strong></span> <span class='ocrx_word' id='word_1_605' title='bbox 981 1501 1008 1523; x_wconf 85' lang='lat' dir='ltr'><strong>et</strong></span> <span class='ocrx_word' id='word_1_606' title='bbox 1019 1497 1140 1524; x_wconf 86' lang='lat' dir='ltr'><strong>detracta</strong></span> <span class='ocrx_word' id='word_1_607' title='bbox 1153 1498 1251 1530; x_wconf 80' lang='lat' dir='ltr'><strong>littera,</strong></span> <span class='ocrx_word' id='word_1_608' title='bbox 1267 1498 1341 1532; x_wconf 84' lang='lat' dir='ltr'><strong>qnasi</strong></span> <span class='ocrx_word' id='word_1_609' title='bbox 1357 1499 1472 1526; x_wconf 88' lang='lat' dir='ltr'><strong>mollier.</strong></span> 
     </span>
    </p>

    <p class='ocr_par' dir='ltr' id='par_1_26' title="bbox 895 1541 1669 1577">
     <span class='ocr_line' id='line_1_111' title="bbox 895 1541 1669 1577; baseline 0.008 -10"><span class='ocrx_word' id='word_1_610' title='bbox 895 1541 949 1568; x_wconf 83' lang='lat'><strong>-85.</strong></span> <span class='ocrx_word' id='word_1_611' title='bbox 964 1542 1016 1569; x_wconf 87' lang='lat' dir='ltr'><strong>Sed</strong></span> <span class='ocrx_word' id='word_1_612' title='bbox 1028 1542 1087 1570; x_wconf 92' lang='lat' dir='ltr'><strong>ideo</strong></span> <span class='ocrx_word' id='word_1_613' title='bbox 1098 1543 1162 1570; x_wconf 85' lang='lat' dir='ltr'><strong>viris</strong></span> <span class='ocrx_word' id='word_1_614' title='bbox 1174 1543 1232 1576; x_wconf 88' lang='lat' dir='ltr'><strong>plus</strong></span> <span class='ocrx_word' id='word_1_615' title='bbox 1245 1544 1347 1571; x_wconf 78' lang='lat' dir='ltr'><strong>roboris</strong></span> <span class='ocrx_word' id='word_1_616' title='bbox 1358 1544 1448 1571; x_wconf 87' lang='lat' dir='ltr'><strong>datum</strong></span> <span class='ocrx_word' id='word_1_617' title='bbox 1460 1549 1512 1577; x_wconf 82' lang='lat' dir='ltr'><strong>est,</strong></span> <span class='ocrx_word' id='word_1_618' title='bbox 1525 1550 1554 1572; x_wconf 88' lang='lat' dir='ltr'><strong>ut</strong></span> <span class='ocrx_word' id='word_1_619' title='bbox 1567 1546 1669 1573; x_wconf 81' lang='lat' dir='ltr'><strong>facilins</strong></span> 
     </span>
    </p>
   </div>
   <div class='ocr_carea' id='block_1_15' title="bbox 16 1587 1668 1625">
    <p class='ocr_par' dir='ltr' id='par_1_27' title="bbox 16 1587 1668 1625">
     <span class='ocr_line' id='line_1_112' title="bbox 16 1587 1668 1625; baseline -0.001 -5"><span class='ocrx_word' id='word_1_620' title='bbox 16 1594 159 1624; x_wconf 75' lang='lat' dir='ltr'><strong>itellectnm</strong></span> <span class='ocrx_word' id='word_1_621' title='bbox 182 1598 210 1621; x_wconf 90' lang='lat' dir='ltr'><strong>et</strong></span> <span class='ocrx_word' id='word_1_622' title='bbox 232 1593 376 1620; x_wconf 87' lang='lat' dir='ltr'><strong>actionem.</strong></span> <span class='ocrx_word' id='word_1_623' title='bbox 403 1591 469 1625; x_wconf 84' lang='lat' dir='ltr'><strong>Quae</strong></span> <span class='ocrx_word' id='word_1_624' title='bbox 488 1591 548 1621; x_wconf 79' lang='lat' dir='ltr'><strong>duae</strong></span> <span class='ocrx_word' id='word_1_625' title='bbox 564 1591 681 1618; x_wconf 91' lang='lat' dir='ltr'><strong>nondum</strong></span> <span class='ocrx_word' id='word_1_626' title='bbox 702 1596 779 1618; x_wconf 76' lang='lat' dir='ltr'><strong>erant</strong></span> <span class='ocrx_word' id='word_1_627' title='bbox 793 1592 817 1618; x_wconf 83' lang='lat' dir='ltr'><strong>in</strong></span> <span class='ocrx_word' id='word_1_628' title='bbox 833 1587 856 1618; x_wconf 92' lang='lat' dir='ltr'>C</span> <span class='ocrx_word' id='word_1_629' title='bbox 871 1588 903 1614; x_wconf 84' lang='lat' dir='ltr'><strong>ad</strong></span> <span class='ocrx_word' id='word_1_630' title='bbox 926 1588 1083 1622; x_wconf 86' lang='lat' dir='ltr'><strong>patientiam</strong></span> <span class='ocrx_word' id='word_1_631' title='bbox 1097 1589 1266 1623; x_wconf 85' lang='lat' dir='ltr'><strong>conjugalem</strong></span> <span class='ocrx_word' id='word_1_632' title='bbox 1279 1589 1384 1617; x_wconf 79' lang='lat' dir='ltr'><strong>ieniinoe</strong></span> <span class='ocrx_word' id='word_1_633' title='bbox 1396 1595 1565 1625; x_wconf 85' lang='lat' dir='ltr'><strong>cogerentur.</strong></span> <span class='ocrx_word' id='word_1_634' title='bbox 1575 1591 1668 1619; x_wconf 82' lang='lat' dir='ltr'><strong>Mulier</strong></span> 
     </span>
    </p>
   </div>
   <div class='ocr_carea' id='block_1_16' title="bbox 869 1635 1670 1801">
    <p class='ocr_par' dir='ltr' id='par_1_28' title="bbox 869 1635 1670 1801">
     <span class='ocr_line' id='line_1_113' title="bbox 870 1635 1668 1671; baseline 0.005 -11"><span class='ocrx_word' id='word_1_635' title='bbox 870 1638 958 1661; x_wconf 70' lang='lat' dir='ltr'><strong>alitem</strong></span> <span class='ocrx_word' id='word_1_636' title='bbox 974 1642 1027 1661; x_wconf 86' lang='lat' dir='ltr'><strong>non</strong></span> <span class='ocrx_word' id='word_1_637' title='bbox 1054 1642 1103 1669; x_wconf 87' lang='lat' dir='ltr'><strong>pro</strong></span> <span class='ocrx_word' id='word_1_638' title='bbox 1117 1635 1267 1669; x_wconf 83' lang='lat' dir='ltr'><strong>corruptela</strong></span> <span class='ocrx_word' id='word_1_639' title='bbox 1289 1635 1458 1670; x_wconf 81' lang='lat' dir='ltr'><strong>integritatis,</strong></span> <span class='ocrx_word' id='word_1_640' title='bbox 1473 1637 1519 1663; x_wconf 89' lang='lat' dir='ltr'><strong>sed</strong></span> <span class='ocrx_word' id='word_1_641' title='bbox 1540 1644 1590 1671; x_wconf 85' lang='lat' dir='ltr'><strong>pro</strong></span> <span class='ocrx_word' id='word_1_642' title='bbox 1609 1638 1668 1664; x_wconf 81' lang='lat' dir='ltr'><strong>sola</strong></span> 
     </span>
     <span class='ocr_line' id='line_1_114' title="bbox 869 1681 1665 1717; baseline 0.004 -10"><span class='ocrx_word' id='word_1_643' title='bbox 869 1681 1022 1708; x_wconf 87' lang='lat' dir='ltr'><strong>maturitate</strong></span> <span class='ocrx_word' id='word_1_644' title='bbox 1037 1682 1123 1708; x_wconf 77' lang='lat' dir='ltr'><strong>:etatIs</strong></span> <span class='ocrx_word' id='word_1_645' title='bbox 1138 1682 1235 1708; x_wconf 91' lang='lat' dir='ltr'><strong>mulier</strong></span> <span class='ocrx_word' id='word_1_646' title='bbox 1253 1682 1420 1714; x_wconf 63' lang='lat' dir='ltr'><strong>nominatum</strong></span> <span class='ocrx_word' id='word_1_647' title='bbox 1437 1683 1506 1710; x_wconf 90' lang='lat' dir='ltr'><strong>sicut</strong></span> <span class='ocrx_word' id='word_1_648' title='bbox 1519 1687 1545 1710; x_wconf 87' lang='lat' dir='ltr'><strong>et</strong></span> <span class='ocrx_word' id='word_1_649' title='bbox 1555 1683 1596 1710; x_wconf 89' lang='lat' dir='ltr'><strong>vir</strong></span> <span class='ocrx_word' id='word_1_650' title='bbox 1614 1690 1665 1717; x_wconf 87' lang='lat' dir='ltr'><strong>pro</strong></span> 
     </span>
     <span class='ocr_line' id='line_1_115' title="bbox 871 1726 1670 1761; baseline 0.005 -9"><span class='ocrx_word' id='word_1_651' title='bbox 871 1726 927 1752; x_wconf 87' lang='lat' dir='ltr'><strong>sola</strong></span> <span class='ocrx_word' id='word_1_652' title='bbox 943 1726 1081 1758; x_wconf 71' lang='lat' dir='ltr'><strong>virilitate,</strong></span> <span class='ocrx_word' id='word_1_653' title='bbox 1097 1727 1202 1754; x_wconf 86' lang='lat' dir='ltr'><strong>etiamsi</strong></span> <span class='ocrx_word' id='word_1_654' title='bbox 1217 1727 1251 1754; x_wconf 88' lang='lat' dir='ltr'><strong>ab</strong></span> <span class='ocrx_word' id='word_1_655' title='bbox 1262 1734 1343 1761; x_wconf 86' lang='lat' dir='ltr'><strong>opere</strong></span> <span class='ocrx_word' id='word_1_656' title='bbox 1359 1728 1480 1755; x_wconf 66' lang='lat' dir='ltr'><strong>femineae</strong></span> <span class='ocrx_word' id='word_1_657' title='bbox 1495 1728 1670 1756; x_wconf 81' lang='lat' dir='ltr'><strong>admixtionis</strong></span> 
     </span>
     <span class='ocr_line' id='line_1_116' title="bbox 869 1773 1159 1801; baseline 0.007 -2"><span class='ocrx_word' id='word_1_658' title='bbox 869 1773 998 1801; x_wconf 81' lang='lat' dir='ltr'><strong>habeatnr</strong></span> <span class='ocrx_word' id='word_1_659' title='bbox 1022 1774 1159 1801; x_wconf 79' lang='lat' dir='ltr'><strong>immunis·</strong></span> 
     </span>
    </p>
   </div>
   <div class='ocr_carea' id='block_1_17' title="bbox 867 1824 1667 2275">
    <p class='ocr_par' dir='ltr' id='par_1_29' title="bbox 867 1824 1667 2090">
     <span class='ocr_line' id='line_1_117' title="bbox 904 1824 1667 1859; baseline 0.004 -8"><span class='ocrx_word' id='word_1_660' title='bbox 904 1824 948 1851; x_wconf 77' lang='grc'><strong>81.</strong></span> <span class='ocrx_word' id='word_1_661' title='bbox 978 1825 1111 1852; x_wconf 72' lang='lat' dir='ltr'><strong>Extremae</strong></span> <span class='ocrx_word' id='word_1_662' title='bbox 1144 1824 1198 1859; x_wconf 84' lang='lat' dir='ltr'><strong>jam</strong></span> <span class='ocrx_word' id='word_1_663' title='bbox 1229 1826 1315 1852; x_wconf 82' lang='lat' dir='ltr'><strong>aetatis</strong></span> <span class='ocrx_word' id='word_1_664' title='bbox 1327 1846 1334 1858; x_wconf 92' lang='lat'>‚</span> <span class='ocrx_word' id='word_1_665' title='bbox 1369 1832 1447 1853; x_wconf 84' lang='lat' dir='ltr'><strong>senes</strong></span> <span class='ocrx_word' id='word_1_666' title='bbox 1472 1830 1500 1853; x_wconf 88' lang='lat' dir='ltr'><strong>et</strong></span> <span class='ocrx_word' id='word_1_667' title='bbox 1525 1833 1593 1853; x_wconf 85' lang='lat' dir='ltr'><strong>anns</strong></span> <span class='ocrx_word' id='word_1_668' title='bbox 1619 1834 1667 1854; x_wconf 87' lang='lat' dir='ltr'><strong>vo-</strong></span> 
     </span>
     <span class='ocr_line' id='line_1_118' title="bbox 867 1871 1665 1905; baseline 0.005 -8"><span class='ocrx_word' id='word_1_669' title='bbox 867 1874 973 1898; x_wconf 81' lang='lat' dir='ltr'><strong>cantur.</strong></span> <span class='ocrx_word' id='word_1_670' title='bbox 1002 1871 1087 1899; x_wconf 87' lang='lat' dir='ltr'><strong>Senes</strong></span> <span class='ocrx_word' id='word_1_671' title='bbox 1120 1875 1208 1898; x_wconf 81' lang='lat' dir='ltr'><strong>autem</strong></span> <span class='ocrx_word' id='word_1_672' title='bbox 1241 1872 1348 1905; x_wconf 87' lang='lat' dir='ltr'><strong>quidam</strong></span> <span class='ocrx_word' id='word_1_673' title='bbox 1377 1871 1464 1898; x_wconf 81' lang='lat' dir='ltr'><strong>dictos</strong></span> <span class='ocrx_word' id='word_1_674' title='bbox 1497 1877 1605 1905; x_wconf 82' lang='lat' dir='ltr'><strong>putant,</strong></span> <span class='ocrx_word' id='word_1_675' title='bbox 1630 1880 1665 1901; x_wconf 80' lang='lat' dir='ltr'><strong>eo</strong></span> 
     </span>
     <span class='ocr_line' id='line_1_119' title="bbox 867 1916 1666 1951; baseline 0.003 -9"><span class='ocrx_word' id='word_1_676' title='bbox 867 1917 937 1951; x_wconf 75' lang='lat' dir='ltr'><strong>quud</strong></span> <span class='ocrx_word' id='word_1_677' title='bbox 961 1924 990 1943; x_wconf 90' lang='lat' dir='ltr'><strong>se</strong></span> <span class='ocrx_word' id='word_1_678' title='bbox 1015 1917 1154 1948; x_wconf 88' lang='lat' dir='ltr'><strong>nesciunt,</strong></span> <span class='ocrx_word' id='word_1_679' title='bbox 1177 1921 1204 1943; x_wconf 89' lang='lat' dir='ltr'><strong>et</strong></span> <span class='ocrx_word' id='word_1_680' title='bbox 1229 1923 1277 1950; x_wconf 86' lang='lat' dir='ltr'><strong>per</strong></span> <span class='ocrx_word' id='word_1_681' title='bbox 1296 1916 1405 1943; x_wconf 72' lang='lat' dir='ltr'><strong>nimium</strong></span> <span class='ocrx_word' id='word_1_682' title='bbox 1427 1921 1533 1944; x_wconf 71' lang='lat' dir='ltr'><strong>:etatem</strong></span> <span class='ocrx_word' id='word_1_683' title='bbox 1549 1917 1666 1946; x_wconf 82' lang='lat' dir='ltr'><strong>delirent</strong></span> 
     </span>
     <span class='ocr_line' id='line_1_120' title="bbox 868 1961 1667 2000; baseline 0 -11"><span class='ocrx_word' id='word_1_684' title='bbox 868 1966 948 1998; x_wconf 77' lang='lat' dir='ltr'><strong>atque</strong></span> <span class='ocrx_word' id='word_1_685' title='bbox 960 1962 1104 1997; x_wconf 80' lang='lat' dir='ltr'><strong>desipiant.</strong></span> <span class='ocrx_word' id='word_1_686' title='bbox 1121 1962 1197 1991; x_wconf 78' lang='lat' dir='ltr'><strong>Unde</strong></span> <span class='ocrx_word' id='word_1_687' title='bbox 1211 1966 1239 1991; x_wconf 91' lang='lat' dir='ltr'><strong>et</strong></span> <span class='ocrx_word' id='word_1_688' title='bbox 1250 1962 1325 1991; x_wconf 76' lang='lat' dir='ltr'><strong>Plato</strong></span> <span class='ocrx_word' id='word_1_689' title='bbox 1341 1975 1347 1990; x_wconf 71' lang='grc' dir='ltr'><strong>ι</strong></span> <span class='ocrx_word' id='word_1_690' title='bbox 1367 1961 1398 1991; x_wconf 83' lang='lat' dir='ltr'><strong>ln</strong></span> <span class='ocrx_word' id='word_1_691' title='bbox 1408 1962 1497 2000; x_wconf 75' lang='lat' dir='ltr'><strong>pueris</strong></span> <span class='ocrx_word' id='word_1_692' title='bbox 1507 1965 1594 1992; x_wconf 77' lang='lat' dir='ltr'><strong>crescit</strong></span> <span class='ocrx_word' id='word_1_693' title='bbox 1607 1970 1667 1992; x_wconf 58' lang='lat' dir='ltr'><strong>wrm</strong></span> 
     </span>
     <span class='ocr_line' id='line_1_121' title="bbox 868 2009 1665 2044; baseline 0.004 -9"><span class='ocrx_word' id='word_1_694' title='bbox 868 2018 923 2041; x_wconf 77' lang='lat' dir='ltr'><strong>sus,</strong></span> <span class='ocrx_word' id='word_1_695' title='bbox 937 2010 961 2036; x_wconf 84' lang='lat' dir='ltr'><strong>in</strong></span> <span class='ocrx_word' id='word_1_696' title='bbox 972 2009 1108 2044; x_wconf 77' lang='lat' dir='ltr'><strong>juvenibus</strong></span> <span class='ocrx_word' id='word_1_697' title='bbox 1124 2013 1200 2044; x_wconf 65' lang='lat' dir='ltr'><strong>viaet,</strong></span> <span class='ocrx_word' id='word_1_698' title='bbox 1218 2010 1244 2036; x_wconf 85' lang='lat' dir='ltr'><strong>in</strong></span> <span class='ocrx_word' id='word_1_699' title='bbox 1259 2010 1360 2036; x_wconf 74' lang='lat' dir='ltr'><strong>senibus</strong></span> <span class='ocrx_word' id='word_1_700' title='bbox 1373 2010 1506 2036; x_wconf 83' lang='lat' dir='ltr'><strong>minuitur.</strong></span> <span class='ocrx_word' id='word_1_701' title='bbox 1524 2011 1597 2038; x_wconf 81' lang='lat' dir='ltr'><strong>Anus</strong></span> <span class='ocrx_word' id='word_1_702' title='bbox 1615 2018 1665 2040; x_wconf 86' lang='lat' dir='ltr'><strong>au-</strong></span> 
     </span>
     <span class='ocr_line' id='line_1_122' title="bbox 869 2055 1553 2090; baseline -0.001 -8"><span class='ocrx_word' id='word_1_703' title='bbox 869 2059 921 2082; x_wconf 87' lang='lat' dir='ltr'><strong>tem</strong></span> <span class='ocrx_word' id='word_1_704' title='bbox 938 2063 970 2082; x_wconf 85' lang='lat' dir='ltr'><strong>ex</strong></span> <span class='ocrx_word' id='word_1_705' title='bbox 986 2055 1077 2082; x_wconf 89' lang='lat' dir='ltr'><strong>multis</strong></span> <span class='ocrx_word' id='word_1_706' title='bbox 1089 2055 1166 2082; x_wconf 85' lang='lat' dir='ltr'><strong>annis</strong></span> <span class='ocrx_word' id='word_1_707' title='bbox 1181 2055 1252 2082; x_wconf 87' lang='lat' dir='ltr'><strong>dicta</strong></span> <span class='ocrx_word' id='word_1_708' title='bbox 1269 2059 1325 2089; x_wconf 88' lang='lat' dir='ltr'><strong>est,</strong></span> <span class='ocrx_word' id='word_1_709' title='bbox 1345 2056 1422 2090; x_wconf 81' lang='lat' dir='ltr'><strong>quasi</strong></span> <span class='ocrx_word' id='word_1_710' title='bbox 1441 2062 1553 2082; x_wconf 85' lang='lat' dir='ltr'><strong>annosa.</strong></span> 
     </span>
    </p>

    <p class='ocr_par' dir='ltr' id='par_1_30' title="bbox 1224 2092 1306 2128">
     <span class='ocr_line' id='line_1_123' title="bbox 1224 2092 1306 2128; baseline 0 0"><span class='ocrx_word' id='word_1_711' title='bbox 1224 2092 1306 2128; x_wconf 67' lang='lat' dir='ltr'><strong>xx&#39;tt</strong></span> 
     </span>
    </p>

    <p class='ocr_par' dir='ltr' id='par_1_31' title="bbox 868 2147 1665 2275">
     <span class='ocr_line' id='line_1_124' title="bbox 904 2147 1665 2175; baseline 0 0"><span class='ocrx_word' id='word_1_712' title='bbox 904 2148 949 2175; x_wconf 83' lang='lat'><strong>85.</strong></span> <span class='ocrx_word' id='word_1_713' title='bbox 972 2147 1044 2175; x_wconf 80' lang='lat' dir='ltr'><strong>luter</strong></span> <span class='ocrx_word' id='word_1_714' title='bbox 1058 2147 1211 2174; x_wconf 74' lang='lat' dir='ltr'><strong>rationabile</strong></span> <span class='ocrx_word' id='word_1_715' title='bbox 1225 2152 1252 2175; x_wconf 95' lang='lat' dir='ltr'><strong>et</strong></span> <span class='ocrx_word' id='word_1_716' title='bbox 1265 2147 1393 2174; x_wconf 80' lang='lat' dir='ltr'><strong>rationale</strong></span> <span class='ocrx_word' id='word_1_717' title='bbox 1406 2148 1457 2174; x_wconf 80' lang='lat' dir='ltr'><strong>hoc</strong></span> <span class='ocrx_word' id='word_1_718' title='bbox 1470 2148 1602 2175; x_wconf 85' lang='lat' dir='ltr'><strong>interesse</strong></span> <span class='ocrx_word' id='word_1_719' title='bbox 1614 2155 1665 2175; x_wconf 87' lang='lat' dir='ltr'><strong>sa-</strong></span> 
     </span>
     <span class='ocr_line' id='line_1_125' title="bbox 868 2193 1664 2229; baseline 0.003 -9"><span class='ocrx_word' id='word_1_720' title='bbox 868 2194 944 2229; x_wconf 87' lang='lat' dir='ltr'><strong>piens</strong></span> <span class='ocrx_word' id='word_1_721' title='bbox 962 2194 1069 2228; x_wconf 87' lang='lat' dir='ltr'><strong>quidam</strong></span> <span class='ocrx_word' id='word_1_722' title='bbox 1081 2194 1170 2221; x_wconf 83' lang='lat' dir='ltr'><strong>dixit:</strong></span> <span class='ocrx_word' id='word_1_723' title='bbox 1195 2193 1336 2221; x_wconf 82' lang='lat' dir='ltr'><strong>Rationale</strong></span> <span class='ocrx_word' id='word_1_724' title='bbox 1349 2199 1385 2221; x_wconf 77' lang='lat' dir='ltr'><strong>est</strong></span> <span class='ocrx_word' id='word_1_725' title='bbox 1406 2194 1476 2228; x_wconf 81' lang='lat' dir='ltr'><strong>quod</strong></span> <span class='ocrx_word' id='word_1_726' title='bbox 1494 2194 1602 2221; x_wconf 74' lang='lat' dir='ltr'><strong>rationis</strong></span> <span class='ocrx_word' id='word_1_727' title='bbox 1612 2193 1664 2222; x_wconf 76' lang='grc' dir='ltr'><strong>1ιεί-</strong></span> 
     </span>
     <span class='ocr_line' id='line_1_126' title="bbox 868 2239 1663 2275; baseline 0.001 -9"><span class='ocrx_word' id='word_1_728' title='bbox 868 2239 1058 2271; x_wconf 74' lang='lat' dir='ltr'><strong>tur-intellectu.</strong></span> <span class='ocrx_word' id='word_1_729' title='bbox 1073 2245 1101 2266; x_wconf 81' lang='lat' dir='ltr'><strong>ul</strong></span> <span class='ocrx_word' id='word_1_730' title='bbox 1119 2240 1196 2266; x_wconf 87' lang='lat' dir='ltr'><strong>homo</strong></span> <span class='ocrx_word' id='word_1_731' title='bbox 1205 2248 1215 2272; x_wconf 90' lang='lat'><strong>‚·</strong></span> <span class='ocrx_word' id='word_1_732' title='bbox 1231 2239 1382 2267; x_wconf 78' lang='lat' dir='ltr'><strong>rationabile</strong></span> <span class='ocrx_word' id='word_1_733' title='bbox 1400 2248 1459 2267; x_wconf 77' lang='lat' dir='ltr'><strong>vero</strong></span> <span class='ocrx_word' id='word_1_734' title='bbox 1483 2240 1550 2275; x_wconf 78' lang='lat' dir='ltr'><strong>qnod</strong></span> <span class='ocrx_word' id='word_1_735' title='bbox 1565 2241 1663 2267; x_wconf 73' lang='lat' dir='ltr'><strong>racione</strong></span> 
     </span>
    </p>
   </div>
   <div class='ocr_carea' id='block_1_18' title="bbox 54 2279 1187 2320">
    <p class='ocr_par' dir='ltr' id='par_1_32' title="bbox 54 2279 1187 2320">
     <span class='ocr_line' id='line_1_127' title="bbox 54 2279 1187 2320; baseline 0 -9"><span class='ocrx_word' id='word_1_736' title='bbox 54 2283 108 2320; x_wconf 71' lang='grc'><strong>93</strong></span> <span class='ocrx_word' id='word_1_737' title='bbox 121 2283 166 2312; x_wconf 88' lang='lat'><strong>77.</strong></span> <span class='ocrx_word' id='word_1_738' title='bbox 181 2282 253 2311; x_wconf 85' lang='lat' dir='ltr'><strong>lnter</strong></span> <span class='ocrx_word' id='word_1_739' title='bbox 261 2287 412 2310; x_wconf 74' lang='lat' dir='ltr'><strong>senectutem</strong></span> <span class='ocrx_word' id='word_1_740' title='bbox 423 2286 450 2309; x_wconf 88' lang='lat' dir='ltr'><strong>et</strong></span> <span class='ocrx_word' id='word_1_741' title='bbox 460 2282 559 2309; x_wconf 77' lang='lat' dir='ltr'><strong>senium</strong></span> <span class='ocrx_word' id='word_1_742' title='bbox 570 2282 621 2309; x_wconf 84' lang='lat' dir='ltr'><strong>hoc</strong></span> <span class='ocrx_word' id='word_1_743' title='bbox 631 2281 730 2314; x_wconf 79' lang='lat' dir='ltr'><strong>differt,</strong></span> <span class='ocrx_word' id='word_1_744' title='bbox 742 2281 813 2316; x_wconf 82' lang='lat' dir='ltr'><strong>quod</strong></span> <span class='ocrx_word' id='word_1_745' title='bbox 826 2279 854 2311; x_wconf 86' lang='lat' dir='ltr'>D</span> <span class='ocrx_word' id='word_1_746' title='bbox 867 2284 962 2311; x_wconf 82' lang='lat' dir='ltr'><strong>dictum</strong></span> <span class='ocrx_word' id='word_1_747' title='bbox 973 2284 1011 2311; x_wconf 83' lang='lat' dir='ltr'><strong>vel</strong></span> <span class='ocrx_word' id='word_1_748' title='bbox 1029 2285 1126 2320; x_wconf 81' lang='lat' dir='ltr'><strong>[actum</strong></span> <span class='ocrx_word' id='word_1_749' title='bbox 1139 2290 1187 2312; x_wconf 70' lang='lat' dir='ltr'><strong>est.</strong></span> 
     </span>
    </p>
   </div>
   <div class='ocr_carea' id='block_1_19' title="bbox 861 2329 1661 2456">
    <p class='ocr_par' dir='ltr' id='par_1_33' title="bbox 861 2329 1661 2456">
     <span class='ocr_line' id='line_1_128' title="bbox 1217 2329 1313 2357; baseline -0.01 0"><span class='ocrx_word' id='word_1_750' title='bbox 1217 2329 1313 2357; x_wconf 78' lang='lat' dir='ltr'><strong>xxttt.</strong></span> 
     </span>
     <span class='ocr_line' id='line_1_129' title="bbox 901 2375 1661 2405; baseline 0.001 -3"><span class='ocrx_word' id='word_1_751' title='bbox 901 2375 945 2403; x_wconf 83' lang='lat'><strong>86.</strong></span> <span class='ocrx_word' id='word_1_752' title='bbox 967 2375 1039 2402; x_wconf 84' lang='lat' dir='ltr'><strong>inter</strong></span> <span class='ocrx_word' id='word_1_753' title='bbox 1052 2380 1159 2403; x_wconf 82' lang='lat' dir='ltr'><strong>mentem</strong></span> <span class='ocrx_word' id='word_1_754' title='bbox 1170 2381 1197 2403; x_wconf 85' lang='lat' dir='ltr'><strong>et</strong></span> <span class='ocrx_word' id='word_1_755' title='bbox 1209 2376 1336 2403; x_wconf 82' lang='lat' dir='ltr'><strong>rationem</strong></span> <span class='ocrx_word' id='word_1_756' title='bbox 1348 2375 1400 2403; x_wconf 87' lang='lat' dir='ltr'><strong>hoc</strong></span> <span class='ocrx_word' id='word_1_757' title='bbox 1414 2376 1513 2405; x_wconf 76' lang='lat' dir='ltr'><strong>differt.</strong></span> <span class='ocrx_word' id='word_1_758' title='bbox 1526 2375 1599 2402; x_wconf 84' lang='lat' dir='ltr'><strong>Mens</strong></span> <span class='ocrx_word' id='word_1_759' title='bbox 1618 2378 1661 2403; x_wconf 85' lang='lat' dir='ltr'><strong>est</strong></span> 
     </span>
     <span class='ocr_line' id='line_1_130' title="bbox 861 2420 1658 2456; baseline 0 -8"><span class='ocrx_word' id='word_1_760' title='bbox 861 2428 923 2456; x_wconf 85' lang='lat' dir='ltr'><strong>pars</strong></span> <span class='ocrx_word' id='word_1_761' title='bbox 934 2422 1032 2448; x_wconf 78' lang='lat' dir='ltr'><strong>animae</strong></span> <span class='ocrx_word' id='word_1_762' title='bbox 1046 2421 1229 2456; x_wconf 79' lang='lat' dir='ltr'><strong>praestantior,-</strong></span> <span class='ocrx_word' id='word_1_763' title='bbox 1239 2429 1254 2448; x_wconf 88' lang='lat' dir='ltr'><strong>a</strong></span> <span class='ocrx_word' id='word_1_764' title='bbox 1263 2428 1316 2456; x_wconf 82' lang='lat' dir='ltr'><strong>qua</strong></span> <span class='ocrx_word' id='word_1_765' title='bbox 1331 2421 1452 2456; x_wconf 87' lang='lat' dir='ltr'><strong>procedit</strong></span> <span class='ocrx_word' id='word_1_766' title='bbox 1471 2420 1658 2456; x_wconf 79' lang='lat' dir='ltr'><strong>intelligentia.</strong></span> 
     </span>
    </p>
   </div>
   <div class='ocr_carea' id='block_1_20' title="bbox 859 2486 1660 2914">
    <p class='ocr_par' dir='ltr' id='par_1_34' title="bbox 859 2486 1660 2914">
     <span class='ocr_line' id='line_1_131' title="bbox 863 2486 1658 2523; baseline -0.004 -7"><span class='ocrx_word' id='word_1_767' title='bbox 863 2496 941 2516; x_wconf 86' lang='lat' dir='ltr'><strong>suum</strong></span> <span class='ocrx_word' id='word_1_768' title='bbox 957 2488 1043 2515; x_wconf 88' lang='lat' dir='ltr'><strong>locum</strong></span> <span class='ocrx_word' id='word_1_769' title='bbox 1072 2494 1212 2515; x_wconf 78' lang='lat' dir='ltr'><strong>revocare.</strong></span> <span class='ocrx_word' id='word_1_770' title='bbox 1226 2487 1301 2515; x_wconf 79' lang='lat' dir='ltr'><strong>Notae</strong></span> <span class='ocrx_word' id='word_1_771' title='bbox 1321 2487 1482 2523; x_wconf 78' lang='lat' dir='ltr'><strong>puerilitate,-</strong></span> <span class='ocrx_word' id='word_1_772' title='bbox 1497 2487 1535 2514; x_wconf 80' lang='lat' dir='ltr'><strong>ita</strong></span> <span class='ocrx_word' id='word_1_773' title='bbox 1557 2486 1658 2521; x_wconf 66' lang='lat' dir='ltr'><strong>Codex,</strong></span> 
     </span>
     <span class='ocr_line' id='line_1_132' title="bbox 864 2522 1660 2563; baseline -0.001 -12"><span class='ocrx_word' id='word_1_774' title='bbox 864 2529 931 2557; x_wconf 88' lang='lat' dir='ltr'><strong>etc.,</strong></span> <span class='ocrx_word' id='word_1_775' title='bbox 947 2527 974 2550; x_wconf 84' lang='lat' dir='ltr'><strong>et</strong></span> <span class='ocrx_word' id='word_1_776' title='bbox 984 2522 1035 2556; x_wconf 86' lang='lat' dir='ltr'><strong>al.‚</strong></span> <span class='ocrx_word' id='word_1_777' title='bbox 1049 2523 1142 2563; x_wconf 62' lang='lat' dir='ltr'><strong>ptfeft&#39;lt&#39;</strong></span> <span class='ocrx_word' id='word_1_778' title='bbox 1155 2527 1238 2556; x_wconf 71' lang='lat' dir='ltr'><strong>celate,</strong></span> <span class='ocrx_word' id='word_1_779' title='bbox 1253 2523 1378 2550; x_wconf 80' lang='lat' dir='ltr'><strong>videntur</strong></span> <span class='ocrx_word' id='word_1_780' title='bbox 1399 2523 1495 2558; x_wconf 80' lang='lat' dir='ltr'><strong>posuae</strong></span> <span class='ocrx_word' id='word_1_781' title='bbox 1507 2530 1555 2557; x_wconf 92' lang='lat' dir='ltr'><strong>pro</strong></span> <span class='ocrx_word' id='word_1_782' title='bbox 1568 2523 1660 2550; x_wconf 75' lang='lat' dir='ltr'><strong>verbis</strong></span> 
     </span>
     <span class='ocr_line' id='line_1_133' title="bbox 864 2557 1659 2633; baseline -0.003 -12"><span class='ocrx_word' id='word_1_783' title='bbox 864 2557 1124 2621; x_wconf 37' lang='lat' dir='ltr'><strong>prigicetth&#39;eggffiga}</strong></span> <span class='ocrx_word' id='word_1_784' title='bbox 1130 2557 1229 2620; x_wconf 42' lang='lat' dir='ltr'><strong>Adam</strong></span> <span class='ocrx_word' id='word_1_785' title='bbox 1243 2593 1370 2621; x_wconf 88' lang='lat' dir='ltr'><strong>mendum</strong></span> <span class='ocrx_word' id='word_1_786' title='bbox 1381 2593 1482 2621; x_wconf 88' lang='lat' dir='ltr'><strong>clarum</strong></span> <span class='ocrx_word' id='word_1_787' title='bbox 1495 2595 1553 2620; x_wconf 84' lang='lat' dir='ltr'><strong>erat</strong></span> <span class='ocrx_word' id='word_1_788' title='bbox 1560 2594 1659 2633; x_wconf 66' lang='lat' dir='ltr'><strong>junen-</strong></span> 
     </span>
     <span class='ocr_line' id='line_1_134' title="bbox 864 2627 1658 2664; baseline -0.003 -8"><span class='ocrx_word' id='word_1_789' title='bbox 864 2633 904 2656; x_wconf 74' lang='lat' dir='ltr'><strong>tus</strong></span> <span class='ocrx_word' id='word_1_790' title='bbox 918 2635 966 2663; x_wconf 84' lang='lat' dir='ltr'><strong>pro</strong></span> <span class='ocrx_word' id='word_1_791' title='bbox 975 2629 1102 2664; x_wconf 69' lang='lat' dir='ltr'><strong>Juuancuc</strong></span> <span class='ocrx_word' id='word_1_792' title='bbox 1114 2636 1122 2661; x_wconf 83' lang='lat'>;</span> <span class='ocrx_word' id='word_1_793' title='bbox 1135 2635 1163 2655; x_wconf 86' lang='grc'><strong>111</strong></span> <span class='ocrx_word' id='word_1_794' title='bbox 1175 2628 1235 2656; x_wconf 87' lang='lat' dir='ltr'><strong>ains</strong></span> <span class='ocrx_word' id='word_1_795' title='bbox 1249 2629 1346 2656; x_wconf 84' lang='lat' dir='ltr'><strong>desunt</strong></span> <span class='ocrx_word' id='word_1_796' title='bbox 1359 2628 1417 2657; x_wconf 78' lang='lat' dir='ltr'><strong>haec</strong></span> <span class='ocrx_word' id='word_1_797' title='bbox 1430 2627 1525 2660; x_wconf 77' lang='lat' dir='ltr'><strong>verba,</strong></span> <span class='ocrx_word' id='word_1_798' title='bbox 1539 2633 1567 2654; x_wconf 80' lang='lat' dir='ltr'><strong>tu</strong></span> <span class='ocrx_word' id='word_1_799' title='bbox 1577 2635 1604 2654; x_wconf 83' lang='lat' dir='ltr'><strong>m</strong></span> <span class='ocrx_word' id='word_1_800' title='bbox 1614 2627 1658 2655; x_wconf 81' lang='lat' dir='ltr'><strong>lm-</strong></span> 
     </span>
     <span class='ocr_line' id='line_1_135' title="bbox 864 2662 1657 2733; baseline 0 -7"><span class='ocrx_word' id='word_1_801' title='bbox 864 2662 1162 2732; x_wconf 40' lang='lat' dir='ltr'><strong>hughaiahffiffimffl</strong></span> <span class='ocrx_word' id='word_1_802' title='bbox 1177 2697 1237 2727; x_wconf 76' lang='lat' dir='ltr'><strong>Non</strong></span> <span class='ocrx_word' id='word_1_803' title='bbox 1265 2698 1336 2726; x_wconf 82' lang='lat' dir='ltr'><strong>male</strong></span> <span class='ocrx_word' id='word_1_804' title='bbox 1359 2697 1416 2732; x_wconf 81' lang='lat' dir='ltr'><strong>alii,</strong></span> <span class='ocrx_word' id='word_1_805' title='bbox 1443 2697 1518 2733; x_wconf 69' lang='lat' dir='ltr'><strong>quani</strong></span> <span class='ocrx_word' id='word_1_806' title='bbox 1541 2697 1657 2730; x_wconf 78' lang='lat' dir='ltr'><strong>mollior.</strong></span> 
     </span>
     <span class='ocr_line' id='line_1_136' title="bbox 861 2734 1654 2804; baseline -0.003 -6"><span class='ocrx_word' id='word_1_807' title='bbox 861 2734 946 2798; x_wconf 53' lang='grc' dir='ltr'><strong>ΑΒΕ.</strong></span> <span class='ocrx_word' id='word_1_808' title='bbox 958 2763 1094 2796; x_wconf 77' lang='lat' dir='ltr'><strong>Rationale</strong></span> <span class='ocrx_word' id='word_1_809' title='bbox 1106 2767 1248 2797; x_wconf 61' lang='lat' dir='ltr'><strong>tenvia-ba</strong></span> <span class='ocrx_word' id='word_1_810' title='bbox 1260 2772 1322 2796; x_wconf 80' lang='lat' dir='ltr'><strong>sunt</strong></span> <span class='ocrx_word' id='word_1_811' title='bbox 1336 2767 1450 2804; x_wconf 67' lang='lat' dir='ltr'><strong>August.</strong></span> <span class='ocrx_word' id='word_1_812' title='bbox 1464 2767 1483 2796; x_wconf 94' lang='grc'><strong>11</strong></span> <span class='ocrx_word' id='word_1_813' title='bbox 1496 2767 1532 2797; x_wconf 78' lang='lat' dir='ltr'><strong>«le</strong></span> <span class='ocrx_word' id='word_1_814' title='bbox 1544 2767 1654 2802; x_wconf 72' lang='lat' dir='ltr'><strong>ordin„</strong></span> 
     </span>
     <span class='ocr_line' id='line_1_137' title="bbox 859 2804 1655 2876; baseline 0.001 -8"><span class='ocrx_word' id='word_1_815' title='bbox 859 2811 890 2832; x_wconf 53' lang='lat' dir='ltr'><em>a</em></span> <span class='ocrx_word' id='word_1_816' title='bbox 912 2822 919 2830; x_wconf 55' lang='lat'><em>⁰</em></span> <span class='ocrx_word' id='word_1_817' title='bbox 933 2804 947 2832; x_wconf 54' lang='grc' dir='ltr'>ι</span> <span class='ocrx_word' id='word_1_818' title='bbox 952 2804 1122 2876; x_wconf 44' lang='lat' dir='ltr'><strong>laenitatem</strong></span> <span class='ocrx_word' id='word_1_819' title='bbox 1129 2846 1215 2868; x_wconf 72' lang='lat' dir='ltr'><strong>ente...</strong></span> <span class='ocrx_word' id='word_1_820' title='bbox 1225 2839 1380 2874; x_wconf 68' lang='lat' dir='ltr'><strong>untlnnutr,</strong></span> <span class='ocrx_word' id='word_1_821' title='bbox 1389 2838 1471 2869; x_wconf 65' lang='lat' dir='ltr'><strong>vet-lta</strong></span> <span class='ocrx_word' id='word_1_822' title='bbox 1479 2815 1594 2876; x_wconf 55' lang='lat' dir='ltr'><strong>‘Aufluttss</strong></span> <span class='ocrx_word' id='word_1_823' title='bbox 1605 2845 1655 2869; x_wconf 80' lang='lat' dir='ltr'><strong>vm</strong></span> 
     </span>
     <span class='ocr_line' id='line_1_138' title="bbox 859 2873 1517 2914; baseline 0.002 -9"><span class='ocrx_word' id='word_1_824' title='bbox 859 2873 896 2905; x_wconf 73' lang='lat' dir='ltr'><strong>tle</strong></span> <span class='ocrx_word' id='word_1_825' title='bbox 908 2873 1002 2907; x_wconf 77' lang='lat' dir='ltr'><strong>civit..</strong></span> <span class='ocrx_word' id='word_1_826' title='bbox 1015 2881 1076 2909; x_wconf 75' lang='lat' dir='ltr'><strong>onp-</strong></span> <span class='ocrx_word' id='word_1_827' title='bbox 1091 2874 1118 2903; x_wconf 79' lang='grc'><strong>6.</strong></span> <span class='ocrx_word' id='word_1_828' title='bbox 1424 2894 1425 2897; x_wconf 58' lang='lat'><em>=</em></span> <span class='ocrx_word' id='word_1_829' title='bbox 1467 2910 1469 2914; x_wconf 30' lang='lat'><strong><em>¹</em></strong></span> <span class='ocrx_word' id='word_1_830' title='bbox 1515 2899 1517 2906; x_wconf 78' lang='grc'>,</span> 
     </span>
    </p>
   </div>
  </div>
 </body>
</html>
