1832 3016
51 101 105 132 825

683 100 944 130 SYNONYMORUM
967 101 1031 130 ΜΒ.
1053 102 1074 129 1.

1647 101 1699 130 825

86 160 112 188 2.
130 159 194 188 item
211 159 238 188 in
251 158 304 189 aiio
316 160 389 188 ioco:
407 169 417 186 i
434 159 501 187 Cum
524 157 663 186 audissent
687 162 787 191 autem,
799 158 845 193 qui
859 161 886 191 Α
934 158 960 184 4.
984 159 1038 187 iioc
1053 162 1142 186 autem
1157 158 1222 186 solis
1237 158 1410 193 pontificibus
1420 158 1524 194 deberi,
1536 162 1566 187 ut
1578 159 1621 188 vei
1632 166 1698 188 con-

51 211 128 235 erant
137 206 310 243 Jerosoiymis
321 205 446 242 apostoli,
457 204 529 239 quod
540 204 644 238 accepit
656 203 778 231 Samaria
790 211 838 231 ver

52 254 114 281 bum
131 255 189 286 Dei,
205 255 336 282 miserunt
346 253 378 280 ad
392 252 452 279 iilos
466 251 587 284 Petrum,
598 255 627 279 et
638 250 780 278 ioannem.
794 250 845 285 Qui

51 307 112 327 cuni
129 301 273 333 venissem.
287 302 433 326 oraverunt
446 305 495 333 pro
508 298 559 331 cis,
573 302 601 324 ιιι
614 298 768 332 acciperent
783 298 846 332 Spi-

52 345 132 372 ritum
141 351 274 378 sanctum,
286 344 401 372 nondum
413 345 484 371 enim
496 345 521 371 in
534 344 617 372 ulium
629 352 721 372 eorum
731 345 847 372 descen-

53 391 139 423 derat,
153 392 198 419 sed
213 396 312 419 tantum
324 391 452 425 baptizati
474 395 554 418 erant
577 390 604 418 in
615 391 725 419 nomine
740 391 845 419 Domini

53 436 116 464 Jesu
132 437 238 465 curisti.
255 436 330 463 Tunc
353 437 525 471 imponebant
539 437 593 465 iliis
605 445 712 471 manus,
729 441 756 465 et
772 437 845 465 acci-

54 483 161 516 piebant
173 483 301 517 Spiritum
317 488 450 511 sanctum.
470 493 480 510 ι

88 549 114 576 5.
135 549 263 583 Spiritum
288 555 375 578 autem
399 556 522 578 sanctum
546 550 668 585 accipere
691 558 845 585 possumus,

53 596 116 623 dare
130 604 182 623 non
199 604 350 631 possumus,
364 597 422 630 sed,
438 602 466 624 ut
479 597 568 630 detur,
582 597 722 624 Dominum
737 597 846 624 invoca-

52 649 120 670 mus.
138 642 194 670 iioc
208 649 296 670 nutem
312 651 326 669 a
341 651 394 678 quo
423 644 588 677 pods-simum
602 644 657 675 liat,
674 643 847 678 quemadmo-

51 686 114 714 dum
138 695 204 722 papa
220 694 327 716 sanctus
339 688 510 716 innocentius
525 689 673 723 scripserit,
687 689 826 723 subjiciam
839 698 845 722 ;

52 733 115 761 dicit
130 735 212 767 euim,
228 743 279 762 non
295 736 328 762 ab
341 736 392 762 alio
403 742 482 770 quam
495 736 528 762 ab
545 736 672 771 episeopo
685 735 743 763 lieri
757 737 845 767 licere,

52 787 112 808 nam
127 781 286 816 presbyteri,
302 781 363 808 iicet
377 782 603 815 sintsacerdotes,
620 782 790 817 pontificatus
805 786 848 809 ta-

52 835 112 855 men
128 830 230 863 apicem
246 837 298 856 non
315 829 423 858 liabent.

53 913 156 935 tuorum
167 928 176 941 ,
193 908 242 936 iioc
259 916 311 935 non
328 910 355 936 sit
369 913 478 943 propter
499 909 606 935 iliorum
629 908 838 941 indulgentiam,

52 951 112 971 cum
128 944 216 970 statim
231 945 339 971 evolent
354 945 385 971 ad
401 945 512 978 gloriani
525 966 532 977 ‚
548 944 595 971 sed
619 949 726 978 propter
741 944 840 978 gratia-

52 986 111 1005 rum
127 980 270 1007 actionem.
289 989 298 1005 ι
317 980 404 1006 Missa:
419 985 579 1006 moi-tuorum
592 988 650 1013 quac
667 985 694 1005 ut
711 980 752 1006 iiic
768 986 843 1007 asse-

52 1014 128 1046 ritur,
145 1022 192 1048 pro
206 1016 321 1048 parvulis
334 1016 468 1048 dicuntur,
483 1023 534 1042 non
548 1020 609 1042 suut
622 1015 727 1049 proprie
742 1015 840 1046 missae,

53 1054 112 1083 q'uae
124 1049 178 1084 jain
195 1058 209 1076 a
225 1051 314 1077 uiuitis
329 1052 434 1078 saeculis
455 1051 640 1077 detunctorum
662 1051 841 1083 appellantur,

53 1085 100 1111 sed
115 1085 207 1117 psalmi
218 1106 225 1117 ,
239 1091 265 1112 et
279 1086 338 1112 alia:
352 1087 486 1112 orationes
501 1086 525 1112 iii
539 1086 684 1120 gratiarum
699 1087 842 1112 actionem.

53 1119 133 1146 Certe
150 1125 203 1146 tota
218 1121 275 1147 iiaec
289 1121 432 1155 explicatio
445 1121 633 1155 suffragiorum
651 1121 683 1147 :ib
700 1120 846 1147 isidoriana

53 1160 133 1182 aetaie
149 1156 226 1190 longe
242 1157 350 1183 recedit.
370 1156 436 1183 Vide
451 1162 507 1183 not.
524 1157 557 1183 ad
573 1157 670 1183 librum
689 1156 722 1182 de
743 1157 844 1183 Ordine

53 1195 255 1223 creaturarum,
273 1200 332 1226 cap.
351 1192 399 1223 Μ,
418 1201 443 1218 ii.
463 1191 510 1224 12,
530 1194 563 1219 de
578 1192 745 1227 Piirgatorio.
763 1195 849 1218 Λιιεν..

90 1225 114 1252 5.
133 1226 297 1253 Innocentius
311 1227 407 1254 scribit.
422 1228 462 1254 Ad
477 1227 645 1262 Decentium.
669 1227 727 1254 Vid.
744 1235 768 1254 c.
792 1227 852 1254 Ma—

53 1269 111 1295 nus,
126 1262 158 1289 de
172 1263 266 1295 Cons.,
279 1262 305 1289 d.
320 1263 346 1290 5.
361 1263 456 1290 Giuiii..

898 205 1015 240 signent,
1037 206 1079 233 vei
1101 210 1130 233 ut
1149 204 1317 234 Paracletum
1341 207 1470 242 Spiritum
1492 207 1610 241 tradant,
1625 206 1698 243 quod

898 259 951 279 non
968 252 1055 279 solum
1069 252 1237 280 consuetudo
1261 254 1445 282 ecclesiastica
1462 254 1636 288 demonstrat,
1651 261 1700 283 ve-

898 306 957 326 rum
973 303 1000 326 et
1013 300 1136 334 superior
1149 299 1195 326 iila
1207 299 1286 327 lectio
1300 300 1415 328 Aciuum
1430 301 1624 335 apostolorum,
1639 308 1700 336 quai

899 345 995 373 asserit
1010 350 1037 373 et
1052 346 1160 373 Petrum
1175 350 1204 374 et
1214 346 1345 374 loannem
1359 354 1420 374 esse
1432 346 1548 375 directos
1562 367 1570 380 ,
1585 348 1630 381 qui
1643 346 1699 381 iam

899 392 1040 426 baptizatis
1053 392 1190 419 traderent
1205 392 1335 426 Spiritum
1345 397 1468 419 sanctum
1477 392 1544 427 (Aci.
1553 393 1623 426 viii).
1632 391 1698 420 Nam

902 436 1075 470 presbyteris»,
1104 443 1152 463 seu
1179 441 1258 464 extra
1286 437 1454 471 episcopum,
1481 437 1541 464 sive
1567 442 1699 471 prasente

900 483 1037 517 episcopo,
1051 490 1111 509 cum
1123 483 1271 517 baptizant,
1284 483 1429 510 chrismate
1440 483 1588 518 baptizatos
1598 491 1699 519 ungere

900 528 973 561 iicet,
989 528 1036 555 sed
1050 528 1120 562 quod
1135 529 1169 555 ab
1192 528 1320 563 episcopo
1334 528 1416 557 suerit
1431 534 1629 563 consecratum,
1646 537 1698 556 non

901 579 988 601 tamen
1012 574 1126 602 frontem
1149 581 1182 602 ex
1206 574 1302 602 eodem
1321 575 1381 602 oleo
1404 575 1520 609 signare,
1538 576 1609 610 quod
1634 574 1699 603 solis

900 621 1012 648 debetur
1026 620 1169 655 episcopis,
1183 628 1243 647 cum
1260 620 1368 647 tr.idiint
1379 620 1507 655 Spiritum
1520 621 1698 648 Paracletum.-

938 667 964 694 5.
986 667 1048 694 iioec
1063 671 1124 694 sunt
1141 674 1224 701 pauca
1242 675 1276 694 ex
1290 667 1380 695 inuitis
1395 675 1455 702 quse
1466 667 1642 702 probabilium
1659 667 1698 694 vi-

901 722 992 740 rorum
1007 714 1130 740 novimus
1144 713 1296 748 percepisse
1307 713 1450 746 doctrinis,
1461 721 1631 749 quorumque
1643 713 1699 740 eto-

900 760 961 793 quia
985 759 1096 793 proinde
1119 758 1278 793 quibusdam
1294 759 1320 786 iii
1343 759 1409 786 locis
1430 759 1535 786 anobis
1560 759 1699 794 interjecta

901 811 961 831 esse
982 808 1139 838 noscuntur,
1156 809 1184 831 ut
1201 812 1291 831 serino
1311 811 1402 832 noster
1424 804 1541 839 paternis
1560 804 1700 831 sententiis

863 854 885 884 Β
901 851 1061 877 firmaretur.
1077 850 1129 877 Ora
1146 857 1194 884 pro
1206 858 1258 878 mc.

931 907 959 934 5.
977 907 1043 934 11aec
1055 913 1113 934 sunt
1125 916 1218 942 pauca.
1235 908 1309 935 Muiti
1326 909 1388 935 Mss.
1405 908 1468 935 Hoec
1481 913 1540 935 sunt
1552 916 1640 943 parra.
1657 906 1702 936 Sic

897 943 967 977 apud
985 943 1136 976 Seduliuin,
1154 944 1201 972 iiii.
1216 952 1255 977 ιιι,
1267 951 1340 972 vers.
1355 943 1407 971 538
1425 953 1430 970 :

959 988 1036 1012 Parva
1051 987 1145 1019 loquor,
1159 989 1180 1012 si
1190 988 1251 1012 sacta
1264 988 1310 1013 Dei
1324 995 1368 1020 per
1380 989 1477 1019 singula
1488 995 1583 1014 curram
1595 995 1602 1019 ;

897 1031 948 1057 etsi
963 1030 1032 1063 apud
1061 1030 1200 1057 Seduliuni
1218 1039 1324 1065 quoque
1347 1031 1466 1058 nonnulii
1494 1031 1583 1065 legunt
1608 1036 1699 1063 pauca·

900 1065 967 1092 Vide
984 1070 1085 1092 notam.
1103 1066 1130 1092 ln
1144 1066 1242 1092 Codice
1258 1066 1343 1093 Vatic.
1358 1066 1421 1098 oti,
1440 1068 1473 1093 de
1489 1074 1541 1100 quo
1566 1066 1591 1092 in
1618 1065 1703 1091 isido-

901 1101 995 1130 rianis.
1008 1109 1068 1135 cap.
1085 1100 1130 1134 94,
1149 1110 1220 1128 nuni.
1237 1101 1271 1127 ΞΒ
1283 1107 1309 1128 ει
1324 1109 1412 1136 seqq..
1429 1102 1526 1135 iegitur
1551 1108 1640 1135 parva.
1668 1107 1703 1126 ex

901 1144 954 1170 quo
970 1136 1018 1163 Ms.
1032 1137 1133 1170 suinpsi
1148 1138 1289 1170 percepisse
1303 1138 1436 1169 doctrinis,
1456 1137 1527 1171 quod
1551 1136 1647 1163 iiieiius
1664 1135 1702 1160 vi-

902 1180 962 1198 suin
978 1177 1018 1198 est
1032 1180 1110 1206 quam
1125 1173 1277 1207 prcecepisse
1291 1173 1432 1204 doctrinas,
1445 1172 1516 1206 apud
1531 1171 1660 1199 Grialiuin
1677 1174 1704 1210 et

903 1207 981 1233 alios.
998 1207 1142 1234 Postreiiiis
1159 1209 1248 1235 vcriiis
1264 1209 1430 1235 orationibus
1456 1208 1588 1242 Fuigentii
1613 1207 1704 1233 fratris

904 1242 1023 1269 isidorus
1038 1250 1067 1270 se
1083 1243 1263 1270 commendat.
1280 1244 1367 1271 Auev.

512 1438 850 1495 SANC'I'I
890 1438 1243 1496 :sumtu

692 1548 899 1574 HISPALENSIS
917 1548 1062 1573 Ei'iSCOPI

526 1628 1258 1734 SYNONYMA

236 1802 316 1844 DE
353 1801 829 1849 LAMENTATIONE
870 1803 1076 1845 ANIMAE
1115 1800 1530 1844 PECCATRICIS.

683 1938 906 1993 {prologus
943 1935 1082 1992 orior.

90 2032 171 2068 472
190 2034 216 2060 i,
247 2033 278 2060 in
302 2033 460 2069 subsequenti
477 2034 524 2062 hoc
542 2035 616 2068 libro,
627 2034 670 2069 qui
690 2038 853 2068 nuncupatui·
873 2034 1036 2069 Syiionyma,
1050 2032 1077 2059 id
1098 2036 1145 2063 est,
1158 2031 1239 2058 multa
1255 2031 1329 2058 verbo
1349 2032 1376 2058 in
1395 2039 1473 2057 unam
1498 2031 1710 2067 siqnificaiionem

57 2079 182 2112 coeuntia,
198 2084 292 2105 sanctoe
312 2081 497 2107 recordationis
518 2080 646 2114 Isidorus,
663 2081 874 2114 archiepiscopus
896 2079 1069 2114 Hispalensis,
1086 2079 1227 2106 introducit
1247 2086 1384 2113 personam
1409 2078 1529 2112 lioniint's,
1545 2078 1709 2106 lamentantis

57 2126 82 2152 in
97 2126 218 2152 aeriinini's
229 2127 362 2160 prwsentis
373 2127 471 2160 soeculi,
485 2136 562 2161 seque
576 2128 693 2163 deflentis
718 2137 780 2163 pene
802 2136 881 2163 usque
895 2129 930 2154 ad
951 2128 1135 2163 desperationis
1157 2127 1301 2162 defluxum,
1314 2128 1355 2153 ciii
1378 2126 1490 2154 mii-abitt
1505 2135 1631 2155 concursu
1643 2129 1710 2156 ratio

57 2172 169 2205 obvians,
183 2172 234 2199 leni
249 2174 315 2200 liunt:
329 2173 503 2200 moderamine
518 2175 677 2206 consolatur,
694 2179 770 2209 atque
779 2183 795 2200 a
811 2175 885 2209 lapsu
897 2174 1080 2210 desperationis
1092 2173 1125 2199 ad
1138 2181 1208 2208 spem
1221 2173 1300 2208 473
1316 2173 1395 2200 venite
1408 2173 1541 2207 reformat,
1552 2178 1576 2199 et
1587 2176 1709 2207 quemad·

58 2218 160 2246 modum
170 2220 358 2253 tei-qiversantis
373 2219 463 2246 mundi
475 2220 575 2255 lapsum
591 2221 672 2254 evitet,
690 2221 878 2256 formulamque
891 2222 948 2248 vitaz
963 2221 1104 2256 spiritualis
1118 2222 1237 2255 arripiat,
1254 2221 1405 2248 mirabiliter
1416 2222 1498 2248 docet.

93 2287 171 2315 Num.
184 2288 211 2315 ί.
229 2288 437 2323 Synonymoruni
451 2288 483 2314 de
498 2289 679 2316 lamentatione
692 2289 784 2316 onimoe
797 2297 855 2324 pec·
869 2291 891 2320 C
908 2297 984 2324 quein
999 2288 1053 2323 ipse
1070 2287 1250 2323 Syrionyniam
1265 2288 1374 2314 vocavit.
1390 2287 1482 2322 ltaque
1497 2288 1530 2314 aii
1545 2295 1576 2314 eo
1592 2292 1711 2320 tempore

58 2323 170 2350 cairicis.
197 2323 289 2350 Varias
319 2324 518 2358 inscriptiones»,
546 2325 571 2351 in
596 2325 688 2351 decem
709 2325 853 2353 Codicibiis
910 2330 1051 2359 utramque
1076 2325 1283 2358 appeliationem
1322 2324 1439 2356 praetulit
1465 2332 1472 2349 z
1508 2322 1711 2349 Lainentaiionis

59 2357 156 2392 quilius
169 2359 210 2385 usi
225 2366 316 2386 sitinus
331 2359 392 2386 iiuic
406 2362 479 2392 operi
498 2359 620 2394 pi-wfixas
642 2361 802 2387 invenimus.
824 2359 854 2387 iii
910 2360 1017 2395 quidem
1034 2359 1199 2394 loquentium
1222 2358 1316 2389 abusu,
1347 2359 1558 2393 Synonymorum
1572 2362 1660 2385 auteiii
1676 2358 1711 2386 ab

59 2393 146 2420 aliero
161 2392 339 2421 Laurentiano
362 2393 471 2427 Codice,
493 2395 518 2422 in
542 2395 767 2430 Septimanceiisi.
784 2401 811 2423 et
826 2395 854 2423 in
911 2397 970 2431 ipso
986 2395 1087 2422 isidoro
1104 2396 1210 2421 sactum.
1227 2394 1363 2420 Maniam.
1463 2428 1469 2433 ι

60 2428 204 2455 Nnvarrieu
216 2427 360 2464 Soliloquia
372 2430 535 2457 insci-ibitur.
557 2431 583 2458 in
595 2431 680 2458 altero
695 2431 855 2458 Laurentia·
947 2429 1016 2458 Ibid.
1031 2431 1085 2462 At..
1100 2429 1275 2456 convenientia
1306 2436 1353 2462 pro
1368 2432 1496 2454 coeuntia.
1512 2427 1583 2454 ΜΛιι.

61 2471 96 2490 nu
110 2462 235 2497 Dialogus
247 2464 312 2490 inter
322 2465 448 2492 rationem
462 2470 485 2492 et
507 2467 657 2501 appetitum.
677 2467 779 2502 iieiiqtii
803 2468 855 2494 Co·
949 2466 1017 2493 ibid.
1033 2466 1088 2496 At..
1101 2463 1241 2491 miserabili
1267 2471 1314 2497 pro
1329 2463 1449 2489 mirabili.
1467 2463 1536 2490 Μιιιι.

61 2497 135 2524 dices
149 2497 300 2532 Syiionymti
313 2499 420 2527 nabent.
437 2500 492 2528 Nisi
506 2502 576 2536 quoii
592 2502 700 2535 quidam
713 2510 747 2530 ex
759 2502 791 2529 iis
807 2510 855 2537 pro
949 2501 1017 2528 liiid.
1035 2500 1063 2527 in
1091 2499 1244 2526 isidorianis
1268 2502 1348 2531 caput
1377 2498 1428 2531 70,
1449 2499 1613 2533 inscriptum
1638 2502 1677 2526 est
1701 2507 1709 2526 :

62 2533 224 2569 Synonyiuis
239 2533 415 2568 Synonymam
430 2535 520 2568 legunt
539 2544 638 2572 genere
653 2538 791 2570 semiiiin0,
808 2545 853 2565 se-
912 2537 1077 2572 Synoiiyiiia,
1094 2534 1145 2561 sive
1157 2533 1293 2567 soliloquio
1308 2532 1415 2559 Isidori.
1434 2532 1575 2563 Editioness.
1593 2534 1710 2568 praefatio

62 2569 114 2595 cuii
129 2569 219 2595 divum
234 2568 430 2597 iiiei'onsunide
442 2572 559 2598 virui-uni
576 2573 719 2600 illustrium
739 2574 856 2605 scriptis.
916 2571 1048 2598 Editioiiis
1077 2570 1139 2596 anni
1178 2569 1255 2596 ¹552.
1298 2567 1387 2595 Versio
1423 2567 1518 2595 Italico
1547 2568 1708 2604 Synoiiymo-

63 2604 91 2631 iii
107 2603 209 2631 isidoro
224 2603 286 2638 (nisi
301 2604 380 2631 lectio
392 2609 434 2632 est
447 2605 549 2641 vitiata>
563 2609 677 2635 concilio
700 2616 766 2635 sane
779 2608 859 2636 Tole-
915 2616 984 2635 rum.
1002 2606 1130 2633 Moiii'tum
1141 2603 1251 2631 Breulii.
1268 2603 1412 2630 Hoereticus
1427 2603 1634 2638 Synonymorum
1653 2614 1712 2631 cor-

63 2642 126 2666 tario
139 2646 195 2671 viii,
220 2646 280 2672 cap.
305 2638 334 2671 Ξ,
349 2639 400 2666 hnc
414 2647 480 2673 opus
503 2641 656 2676 Synonynia
677 2649 855 2677 nuncupatur.
915 2648 1007 2677 ruptor
1017 2642 1103 2668 divino
1114 2640 1215 2674 judicio
1232 2639 1347 2671 punitus.
1366 2638 1472 2666 Codices
1496 2647 1575 2666 manu
1601 2640 1711 2668 exarati.

62 2673 109 2701 Sic
124 2674 229 2701 Brauiio
244 2674 270 2701 in
283 2673 337 2701 clivi
348 2674 441 2702 isidori
468 2675 536 2702 Vita.
561 2676 607 2706 Sic
620 2677 772 2710 Gratianus,
796 2679 857 2706 ubi·
915 2678 999 2704 Ptura
1010 2684 1088 2711 opera
1104 2683 1135 2702 ex
1147 2674 1303 2710 Synonyiiiis
1324 2674 1448 2701 derivata.
1473 2673 1619 2708 Propterea
1644 2675 1710 2703 iiiiiii

35 2726 44 2735 .
63 2715 168 2744 cunque
182 2717 216 2737 ex
232 2709 283 2736 hoc
297 2716 378 2744 opere
393 2709 539 2744 fragmenta
553 2711 709 2746 desumpsit,
723 2721 755 2740 ex
772 2712 858 2748 Syno-

36 2744 856 2810 ma.....r⁰

43 2793 62 2806 *⁴2
181 2789 192 2806 a
585 2789 593 2808 ε
643 2790 656 2809 e
706 2790 761 2809 men
811 2791 859 2811 one

64 2788 328 2850 oninioeppeeeatrieis,
354 2815 480 2844 iidei'onsi
503 2817 670 2850 auctoritate,
691 2818 736 2852 qui
756 2817 790 2845 do
811 2818 858 2847 isi-

39 2855 49 2894 ς
64 2848 133 2880 doro
145 2850 185 2879 sic
197 2851 235 2879 ait
251 2859 258 2878 :
272 2850 379 2879 L‘ioruin
401 2850 591 2880 lamentationis
606 2852 711 2888 (suppio
726 2853 856 2889 scripsit),

38 2974 50 3016 l

915 2720 986 2740 nuiic
1001 2711 1100 2739 addere
1115 2712 1226 2737 necesse
1236 2715 1288 2742 est,
1305 2716 1337 2736 ac
1351 2709 1437 2736 solum
1451 2713 1584 2744 repetam,
1597 2718 1644 2742 pro
1658 2710 1712 2746 Sy—

915 2756 1028 2782 nonnum
1044 2746 1172 2774 feminino
1185 2753 1284 2780 flectere
1299 2744 1412 2772 inruisse
1428 2745 1495 2780 leget
1506 2745 1569 2772 diiin
1591 2745 1712 2781 Synony-

916 2785 979 2815 iiiia,
995 2788 1022 2810 ut
1035 2790 1067 2810 ex
1086 2781 1260 2817 Etymoiugiis
1275 2779 1364 2815 cottigi
1380 2785 1476 2814 potest.
1523 2788 1553 2807 rii
1572 2782 1612 2808 cui
1634 2781 1711 2810 iiiim-

916 2819 962 2846 biti·
972 2825 1098 2845 concursu
1106 2815 1172 2843 ratio
1183 2816 1227 2842 alii
1238 2814 1337 2843 liabent
1349 2815 1392 2851 qui
1402 2814 1542 2843 miserabili
1553 2817 1708 2852 operatione.

917 2853 967 2882 iiio
977 2854 1103 2889 prologus
1111 2852 1138 2880 in
1149 2850 1286 2881 nonnullis
1295 2850 1439 2880 mdietbus
1450 2858 1560 2887 prorsus
1567 2851 1710 2883 omittitur.
