1832 3016
53 82 104 112 ⁵2¹

448 84 493 113 ΒΕ
509 81 590 114 ΗΒΕ
606 83 803 113 GATHOUGA
822 84 962 114 CONTRA
979 87 1123 116 JunAEOS
1143 87 1246 116 LIBER
1266 90 1296 117 li.
1332 122 1335 125 ι

1643 93 1695 122 5Ξὶ

54 145 110 168 tum
127 139 233 168 Novum
248 147 278 168 se
290 140 423 175 daturum,
437 143 566 168 evacuato
578 140 680 175 priore,
696 139 735 167 sic
750 140 843 168 Domi·
858 143 883 172 Α
897 142 988 170 eribus
1002 144 1075 178 coeti,
1090 148 1191 172 etcum
1207 145 1296 180 reptili
1314 149 1404 180 terrae,
1429 152 1456 175 et
1468 155 1559 176 arcum
1571 169 1579 183 ,
1600 152 1692 185 etgta-

55 194 107 214 nus
123 185 282 221 pollicetur:
301 194 311 212 t
326 185 395 213 Ecce
408 184 465 213 die:
475 185 594 219 venient,
609 185 675 213 dicit
698 185 843 219 Dominus,

54 238 80 260 et
98 232 189 260 teriam
202 232 292 260 domui
306 230 398 264 lsrael,
408 235 436 259 ct
447 231 537 259 domui
551 231 619 259 tuda
633 230 722 259 foedus
733 239 843 266 novum,

53 279 107 315 93
141 287 194 308 non
214 271 377 307 'secuttdum
407 283 530 313 pactum,
562 278 633 314 quod
665 279 753 314 pepIgi
782 287 843 306 cum

55 326 173 361 patribus
204 325 316 360 vestris,
342 325 370 352 in
390 325 434 353 die
455 333 508 361 qua
541 325 706 361 apprehendi
734 334 843 354 manum

53 379 145 399 corum
156 391 165 405 ,
179 375 207 398 ut
217 369 358 398 educerem
372 377 419 399 eos
443 371 478 399 de
498 375 570 399 terra
593 371 720 407 AEgypti,
737 378 844 407 pactum

53 417 123 452 quod
144 415 245 444 irritum
267 415 403 450 fecerunt,
428 421 455 445 et
478 425 527 453 ego
545 418 697 446 dominatus
719 426 779 446 sum
799 427 844 446 eo-

53 470 121 497 rum,
136 462 199 490 dicit
211 461 351 490 Dominus·
362 463 414 491 Sed
426 464 476 491 troc
490 469 531 492 est
547 469 651 499 pactum
663 465 734 500 quod
751 465 843 492 seriam

52 516 111 536 cum
119 507 199 536 domo
213 507 311 543 lsrael,
324 509 390 537 dicit
412 511 550 545 Dominus,
566 511 636 539 dabo
657 512 741 547 legem
758 519 844 539 meam

51 554 77 582 in
89 553 236 582 visceribus
247 562 352 588 eorum,
369 556 433 583 etin
444 557 525 584 corde
535 565 630 585 eurum
644 558 759 585 scribam
771 566 842 587 eam.

83 598 110 626 5.
132 600 160 627 ln
175 608 229 636 quo
250 602 308 629 loco
323 602 454 631 vaticiniis
471 603 662 638 prophetarum
681 604 842 632 Testamenti

49 644 113 673 Novi
127 651 169 674 est
191 646 262 675 sacta
280 650 513 682 commemoratio,
529 651 599 685 quod
614 651 674 685 quia
689 650 843 684 discrepare

49 692 133 726 potuit
147 700 163 720 a
177 692 264 721 Veteri
288 694 474 729 Testamento,
490 696 552 723 inde
566 697 711 732 adjungit:
730 697 792 723 Non
804 705 844 723 se-

45 737 158 764 cundum
172 737 372 773 Testamentum,
387 742 456 776 quod
469 742 528 769 dedi
545 743 660 777 patribus
677 752 776 771 eorum.
793 744 842 772 Est

46 783 117 810 enim
134 784 158 811 iu
182 789 295 820 utroque
310 787 440 815 mirabilis
453 788 602 816 differentia
631 796 839 825 praeceptorum.

886 187 985 222 oium,
1002 193 1029 216 et
1043 189 1144 217 bellum
1167 195 1304 218 conteram
1320 191 1354 220 de
1369 197 1456 226 terra,
1473 198 1500 221 et
1514 194 1634 223 dormire
1647 204 1692 224 eos

901 232 996 261 faciam
1013 235 1183 269 fiducialiter,
1204 242 1230 264 et
1245 238 1378 272 sponsabo
1391 243 1417 266 te
1432 239 1496 267 mihi
1510 239 1536 267 iu
1553 241 1694 276 sempiter-

900 287 975 313 num,
991 285 1018 307 et
1030 281 1166 315 sponsabo
1183 287 1208 310 te
1231 283 1297 311 mibi
1312 284 1339 311 in
1351 284 1470 318 justitia,
1490 290 1518 314 et
1529 287 1648 321 iudicio,
1666 294 1694 316 et

901 326 1095 362 misericordia,
1109 332 1136 355 et
1149 329 1334 363 miseratione,
1350 335 1378 358 et
1391 332 1526 366 sponsabo
1543 339 1568 361 te
1583 334 1649 363 mihi
1663 334 1689 362 in

899 372 967 406 tide,
988 378 1015 400 et
1028 374 1097 402 scies
1111 375 1172 410 quia
1189 383 1239 410 ego
1253 376 1383 405 Dominus
1399 378 1472 413 (One.
1489 387 1518 414 ιι,
1536 381 1592 415 16).
1609 392 1619 408 ι

1197 421 1312 448 CAPUT
1331 423 1390 451 XV.

1132 466 1170 493 De
1185 468 1325 495 cessatione
1341 469 1459 497 sabbati.

935 509 962 536 1.
984 509 1079 537 Merito
1096 510 1242 539 Sabbatum
1255 513 1400 542 carnaliter
1413 515 1499 543 sudaei
1515 519 1692 555 custodirent,

899 554 922 581 si
936 554 999 589 quid
1011 555 1046 582 sit
1061 556 1207 584 Sabbatum
1220 564 1340 586 nossent.
1351 560 1454 588 Nomen
1466 563 1574 597 quidem
1585 565 1692 595 Sabbati

899 606 1039 636 usurpant,
1060 603 1107 630 sed
1128 603 1192 638 quid
1208 605 1295 639 ipsum
1324 607 1412 634 valeat
1436 608 1569 643 ignorant.
1594 611 1692 647 Legem

898 649 1045 676 carnaliter
1064 651 1203 679 custodire
1216 651 1393 686 delectantur,
1411 655 1475 683 dum
1492 661 1547 685 tota
1568 661 1694 693 spiritua-

898 694 959 722 liter
978 696 1153 731 intelligatur,
1181 699 1288 727 dicente
1311 700 1424 728 Domino
1450 711 1498 737 per
1517 706 1692 739 proplietam:

898 741 1019 776 Aperiunt
1036 743 1061 769 in
1077 745 1210 778 parabolis
1221 755 1248 773 οε
1268 756 1367 779 meunt,
1390 749 1482 784 loquar
1505 754 1694 786 proposuimus

897 789 928 814 ab
944 788 1016 815 initio
1033 790 1121 816 soeculi
1135 790 1220 826 (Psoi.
1237 801 1340 827 cxxvii,
1355 794 1395 830 Ξ).
1413 795 1484 831 Ergo
1496 798 1517 824 si
1534 798 1576 826 lex
1589 805 1616 827 et
1632 809 1693 835 pro-

45 827 75 855 1η
89 829 144 863 5110,
161 831 280 866 exceptis
295 834 480 866 gammugngjs,
501 841 562 869 (μω
580 835 684 863 umbsae
707 842 785 863 eram
801 836 839 863 su.
857 843 882 873 B
897 835 983 868 phetae
996 834 1021 861 iu
1037 836 1172 870 parabolis
1186 842 1214 864 et
1235 839 1260 865 in
1284 841 1471 874 anigmatibus
1495 850 1617 880 constat,
1642 856 1693 875 non

48 879 167 904 tutorum
178 898 185 910 ,
208 883 305 906 caetera
319 880 451 914 promissa
468 883 626 916 temporalia
640 889 702 911 suut
716 905 723 918 ‚
740 884 844 912 Sabba-

49 926 103 950 tum
119 923 236 959 scilicet,
252 931 279 953 et
294 927 478 960 circumcisio,
494 934 521 956 et
538 929 679 964 multiplex
696 930 842 958 sacrificio-

50 976 108 997 rum
136 970 223 1004 ritus,
259 972 436 1009 ciborumque
466 974 653 1009 observantia,
684 984 716 1003 ac
741 977 843 1004 dierum

48 1018 215 1045 caeremoniae
228 1027 236 1045 ι
249 1026 308 1052 quae
323 1020 412 1047 onmia
427 1021 527 1048 carnali
544 1027 693 1056 congruuut
707 1023 841 1050 vetattusi.

47 1061 81 1088 At
97 1067 193 1090 contra
209 1063 383 1092 'testamento
398 1066 473 1094 Novo
487 1067 578 1094 cordis
592 1068 691 1095 bonum
707 1069 842 1103 promitti-

48 1112 91 1135 tur
104 1117 110 1141 ;
140 1110 203 1136 vitre
226 1115 335 1138 aeternze
364 1112 478 1140 felicitas
507 1115 660 1149 pollicetur.
677 1123 703 1144 >-
725 1116 759 1143 Et
788 1125 841 1145 non

48 1154 155 1189 quidem
173 1155 238 1184 toris
254 1157 279 1184 iu
306 1158 418 1194 lapideis
441 1160 594 1196 diptychis,
611 1161 659 1189 sed
683 1162 844 1191 intrinsecus

47 1199 74 1227 ln
99 1201 197 1228 tabulis
212 1203 311 1231 cordis.
327 1210 347 1245 Ἰ

83 1247 109 1273 6.
133 1246 211 1276 Unde
226 1254 252 1276 et
270 1251 303 1276 ita
319 1249 457 1286 subjungit
472 1260 479 1279 :
504 1253 572 1286 Quia
586 1253 634 1280 troc
648 1258 685 1280 cst
701 1253 845 1282 Testamen-

48 1297 102 1320 tum
114 1296 182 1327 quoa
195 1296 319 1323 ordinabo
332 1299 419 1323 domui
434 1297 528 1326 Israel.
552 1298 615 1325 Post
631 1300 685 1327 dies
697 1301 766 1334 illos,
778 1302 841 1328 dicit

50 1339 194 1374 Dominus,
210 1342 276 1368 dubo
294 1342 372 1378 leqem
385 1351 466 1370 meam
477 1345 502 1370 in
514 1346 635 1372 cordibus
647 1354 750 1378 eorum,
774 1354 797 1374 et
813 1349 839 1375 t'n

48 1390 131 1413 mente
143 1394 229 1413 eorum
243 1388 352 1414 scribam
367 1397 421 1415 eom
435 1389 540 1424 (λεν-ειη.
564 1399 636 1424 xxxi,
655 1392 710 1427 53).
730 1394 787 1426 Quo
801 1394 839 1421 si-

46 1432 183 1468 gniticaret
198 1441 256 1460 cam
269 1434 473 1468 spiritualiterin
485 1438 612 1464 cordibus
619 1438 720 1466 ansuis
733 1441 839 1473 operari

47 1477 144 1506 debere
171 1479 316 1507 secuudum
336 1481 490 1510 interiorem
519 1482 657 1510 bominem
670 1506 676 1518 ,
709 1489 841 1513 vetustate

46 1525 160 1552 carnalis
184 1528 349 1561 operationis
367 1533 477 1556 mutata.
494 1529 566 1559 lutus
578 1530 647 1557 cnim
658 1533 838 1566 circumcisio,
856 1547 879 1579 C

48 1577 101 1597 non
114 1571 273 1605 praecisione
287 1574 378 1600 caruis
389 1594 397 1607 ,
413 1575 461 1601 sed
476 1576 567 1602 cordis
583 1577 750 1610 purgatione.
770 1577 841 1605 lutus

47 1615 203 1650 Sabbatum,
220 1625 273 1645 non
289 1626 336 1652 per
356 1620 546 1648 abstinentiam
563 1622 702 1650 servilium
717 1631 840 1658 operum,

46 1663 92 1691 sed
108 1672 156 1699 per
168 1666 356 1694 aiisiineutiam
371 1673 553 1703 peccatorum.

81 1710 136 1746 94
149 1712 175 1738 7.
197 1712 280 1745 Quam
298 1713 383 1748 legem
397 1717 476 1742 etiam
490 1717 614 1751 gentibus
629 1718 781 1747 clarissime
797 1728 839 1748 re-

47 1756 140 1790 velari,
156 1765 203 1791 per
225 1758 318 1786 isaiam
336 1761 374 1788 sic
389 1762 517 1790 Dominus
539 1769 713 1798 protestatur,
727 1767 839 1794 dicens:

47 1799 103 1828 Lea:
122 1810 137 1828 a
156 1810 197 1828 me
213 1804 291 1837 exiet,
311 1811 333 1831 et
347 1806 475 1841 judicium
490 1815 572 1835 meum
591 1810 617 1836 in
631 1810 713 1837 lucem
728 1813 840 1846 gentium

47 1850 184 1883 requiescet
197 1851 275 1887 (lsai.
294 1860 330 1886 ιι,
347 1852 387 1887 4);
401 1861 447 1888 per
459 1855 528 1888 quod
541 1857 688 1884 ostenditur
697 1865 840 1887 commuue

47 1901 106 1922 esse
121 1895 208 1924 soedus
234 1898 401 1926 Testamenti
427 1899 494 1927 Novi
523 1899 622 1928 Judaeis
650 1908 676 1929 et
698 1904 838 1938 gentibus,

49 1941 209 1970 Oseeetiam
225 1946 356 1979 propbeta
371 1951 507 1973 testante:
529 1956 538 1972 ι
554 1948 581 1974 Io
598 1949 641 1975 die
657 1949 759 1982 itta,.1it
784 1951 841 1978 Do-

47 1989 148 2021 minus,
165 1990 271 2017 vocabit
285 1998 327 2018 me
353 1992 392 2018 vir
408 1999 495 2024 meus,
519 2001 571 2020 non
588 1996 691 2021 vot-abit
712 2004 754 2022 nne
770 1997 839 2023 ultra

48 2032 159 2067 Baalim,
176 2039 202 2061 et
218 2035 330 2063 reteri-m
356 2038 462 2064 nomina
486 2038 586 2066 Baalim
602 2040 634 2066 de
648 2048 695 2067 ore
711 2041 770 2075 ejus
781 2064 787 2076 ‚
813 2047 840 2070 et

47 2087 100 2107 non
117 2082 301 2109 recordabitur
317 2082 383 2110 ultra
398 2084 512 2111 nominis
526 2092 629 2112 eorum.
644 2086 677 2113 Et
693 2088 838 2120 percutiam

47 2125 87 2154 eis
102 2127 190 2155 sedus
205 2129 232 2156 in
255 2129 298 2156 die
314 2129 359 2157 illa
377 2137 438 2157 cum
458 2130 550 2158 bestiis
565 2132 632 2166 agri,
646 2136 673 2159 et
687 2140 746 2159 curu
763 2134 839 2161 volu-

48 2243 119 2272 uia.

83 2280 111 2308 5.
131 2280 186 2313 At..
212 2282 335 2317 vaticinii,
351 2284 392 2311 vel
411 2285 560 2317 vocationis,
582 2293 630 2320 pro
651 2288 786 2314 vaticiniis.
809 2289 840 2316 Et

35 2322 162 2350 mactum.
182 2318 249 2350 quod
274 2319 358 2354 pepr'qi
374 2327 431 2346 cum
455 2321 581 2354 patritms.
606 2321 638 2348 Et
666 2324 743 2349 corde
767 2323 840 2351 bonis

35 2349 106 2376 mim»
116 2355 225 2385 secernit,
237 2357 288 2380 etc.
305 2354 375 2381 ΜΑιι.

87 2383 157 2411 Ibt'd.
170 2392 198 2413 >-
217 2386 250 2413 Et
265 2396 315 2415 non
330 2390 431 2422 quidem
443 2390 506 2424 [οι-ἐ
517 2393 543 2418 in
561 2392 669 2425 lapideis
682 2395 820 2429 dyptycltis
829 2416 837 2426 ,

36 2419 95 2446 >ced
110 2420 260 2448 itui-tmen:
272 2424 299 2449 in
313 2425 405 2451 tabulis
426 2427 520 2453 cordis.
575 2430 635 2455 tia-c
650 2437 738 2456 omma
754 2432 834 2458 verba

51 2454 164 2482 deerant
176 2457 202 2482 in
217 2456 364 2495 llinpalenst
377 2461 484 2493 Codice,
502 2468 526 2488 ot
544 2465 604 2496 quia
618 2471 738 2498 suspecta
763 2466 836 2492 vide-

51 2489 160 2522 hamur.
172 2491 250 2518 obelo
263 2493 365 2527 signata
376 2500 445 2522 sunt.
455 2496 538 2524 Erant
550 2505 636 2525 autern
649 2499 767 2536 δίπτυχα
775 2509 836 2534 vro·

36 2534 39 2556 ι
50 2525 110 2560 prie
121 2526 417 2562 tabutaeetctesiastteae.
427 2531 521 2565 quibus
530 2534 715 2567 episcoporum
729 2536 834 2564 nou-tua

36 2561 248 2595 ineribebantur,
273 2568 304 2590 ut
329 2569 434 2592 winstat
464 2574 498 2594 ex
531 2568 585 2595 divi
611 2569 731 2605 Gregorii
759 2572 834 2604 Vita,

36 2594 101 2623 itit».
115 2603 152 2623 tv.
164 2604 225 2631 cap.
240 2596 286 2630 22.
301 2604 328 2625 et
343 2598 488 2634 Ttieooor..
511 2601 558 2630 lib.
573 2611 590 2629 v
613 2605 745 2638 ttisturtae,
772 2614 832 2637 cau.

37 2630 40 2657 l
52 2629 101 2669 83,
112 2631 158 2660 55.
173 2632 308 2664 Ennium
317 2634 440 2668 geminus,
453 2640 483 2663 ut
496 2643 592 2664 nomen
604 2639 690 2673 ipsum
705 2642 832 2676 declarat,

37 2671 41 2693 t
53 2664 176 2698 {moltero
189 2667 311 2696 vivorum
322 2669 429 2696 nomina
442 2676 528 2704 erant.
543 2672 728 2702 detunctorum
750 2677 776 2702 in
790 2677 831 2703 al-

35 2704 42 2769 1
111 2703 209 2738 ,mins
219 2703 258 2731 rei
274 2704 300 2731 iu
323 2703 420 2731 Missati
443 2705 611 2735 Bourabum
630 2713 659 2736 et
677 2709 832 2739 Gmoorutn

144 2738 167 2765 is
179 2746 306 2774 expressa
318 2740 430 2781 vestig-ia
444 2744 558 2769 exstant.
575 2742 641 2771 Duru
655 2746 726 2772 enirn
747 2746 833 2774 sacris

192 2857 327 2890 ennon.
352 2859 528 2892 Lxxxttt.
746 2855 775 2867 '¹'
830 2858 831 2862 ’

899 885 941 907 est
956 881 1111 915 accipienda
1135 883 1246 911 Sabbati
1261 885 1423 920 observatio,
1444 889 1494 916 nisi
1509 891 1693 924 spiritualiter.

935 928 961 953 ⁵2.
983 927 1048 955 Nam
1065 930 1186 957 carnalia
1198 931 1256 965 ejus
1269 933 1323 960 otia
1339 942 1352 960 a
1369 934 1481 962 Domino
1497 942 1523 964 et
1537 946 1552 964 a
1568 938 1691 967 Patribus

899 972 1028 1001 dissoluta
1052 980 1124 1002 sunt.
1152 976 1218 1003 Num
1243 978 1265 1004 si
1290 980 1393 1008 crimen
1410 987 1451 1009 est
1470 982 1581 1011 Sabbati
1607 991 1690 1014 <utum

899 1021 1117 1055 nouobserwre,
1141 1030 1188 1050 cur
1212 1024 1283 1052 Deus
1298 1034 1425 1060 operatur
1445 1029 1470 1056 in
1487 1030 1623 1059 Satnbato?
1648 1034 1693 1061 Sic

899 1065 970 1092 enirn
986 1069 1116 1102 scriptum
1128 1074 1168 1095 est
1185 1070 1210 1096 in
1227 1070 1324 1099 Genesi
1342 1082 1347 1098 ς
1361 1073 1554 1109 Complevitque
1567 1077 1635 1105 Deus
1651 1080 1693 1107 die

899 1112 1005 1146 septimo
1017 1122 1080 1147 opus
1094 1123 1180 1148 suum,
1194 1118 1264 1151 quod
1280 1119 1375 1153 fecerat
1389 1119 1465 1155 (Gen.
1481 1130 1511 1154 ιι,
1527 1123 1570 1157 2),·
1586 1133 1649 1159 ergo
1666 1127 1692 1153 in

898 1158 1031 1193 principio
1046 1159 1193 1188 Sabbatum
1207 1162 1367 1191 dissolutum
1382 1171 1438 1200 est,
1462 1167 1526 1195 dum
1543 1168 1612 1196 Deus
1627 1178 1691 1204 ope-

898 1211 974 1240 ratur
998 1206 1023 1233 in
1047 1208 1117 1242 ipso,
1135 1210 1245 1244 explens
1257 1217 1350 1239 cuncta
1365 1212 1393 1239 in
1407 1221 1457 1247 eo,
1481 1218 1509 1240 et
1531 1215 1694 1245 benedicens

897 1252 948 1286 ipsi
963 1254 1026 1287 diei,
1049 1256 1109 1289 quia
1137 1257 1262 1285 universa
1290 1259 1316 1286 in
1343 1259 1388 1286 illo
1413 1260 1566 1295 comptevu.
1589 1263 1653 1291 item
1669 1265 1692 1292 si

896 1299 999 1327 crimen
1021 1305 1063 1328 est
1086 1301 1195 1330 Sabbati
1218 1305 1272 1331 otia
1297 1305 1519 1339 uonuhseware,
1543 1315 1591 1335 cur
1613 1309 1692 1337 Jesus

895 1344 984 1379 Nave,
1010 1347 1157 1381 discipulus
1182 1356 1213 1375 ac
1230 1357 1372 1378 successor
1394 1352 1495 1386 Moysi,
1518 1355 1694 1389 praecipiente

896 1391 1019 1425 Domino,
1046 1399 1147 1428 septem
1163 1395 1216 1430 95
1233 1395 1329 1424 diebus
1354 1398 1504 1432 continuis,
1531 1400 1600 1428 inter
1621 1411 1689 1435 quos

896 1438 986 1471 utique
995 1446 1018 1465 et
1030 1438 1176 1466 Sabbatum
1189 1447 1256 1475 erat,
1265 1443 1424 1475 exercitum,
1435 1449 1459 1470 et
1470 1452 1543 1472 arma
1556 1447 1691 1482 produxit,

896 1487 975 1517 atque
987 1485 1173 1514 circumeunte
1187 1494 1260 1520 arca,
1274 1489 1397 1524 tubisque
1409 1492 1605 1527 clangentibus,
1618 1493 1690 1522 Jeri-

896 1530 950 1557 cbo
966 1540 1058 1560 murus
1070 1534 1201 1562 subvertit
1223 1533 1312 1569 (Josue
1326 1544 1364 1568 vt,
1384 1537 1450 1572 ¹5)r

931 1578 956 1605 5.
971 1579 1039 1611 Quid
1056 1581 1119 1607 item
1143 1581 1176 1607 de
1200 1581 1358 1609 Maeliabaeis
1383 1584 1514 1619 eloquar?
1539 1586 1573 1614 de
1594 1589 1690 1623 quibus

893 1625 1022 1659 scripturn
1051 1632 1092 1654 est
1122 1637 1128 1654 2
1153 1628 1187 1655 Ee
1212 1628 1332 1655 nolebant
1355 1630 1442 1658 Judaet
1467 1632 1494 1659 in
1519 1634 1560 1659 die
1582 1634 1692 1663 Sabbuti

894 1672 1025 1699 vindicare
1040 1681 1066 1699 sc
1079 1674 1110 1699 de
1125 1673 1275 1709 alieniyenis
1290 1674 1317 1710 (Ι
1333 1675 1455 1703 ΜαεΙιαὸ.
1471 1685 1501 1710 ιι,
1518 1678 1574 1713 tt).
1596 1680 1691 1708 Postea

894 1721 1007 1747 consilio
1020 1727 1141 1755 accepto,
1159 1729 1345 1756 pugnaverunt
1357 1723 1400 1750 die
1414 1724 1535 1757 Sabbati‚
1549 1731 1576 1753 et
1591 1728 1688 1754 trium<

895 1765 1045 1799 pltarerunt
1060 1768 1093 1794 de
1109 1767 1242 1794 hostibus.
1257 1768 1358 1801 Quibus
1373 1770 1534 1799 testimoniis
1547 1773 1691 1802 edocemur

893 1821 946 1840 non
961 1814 1094 1847 pertinere
1110 1815 1142 1840 ad
1161 1815 1239 1841 tidem
1258 1815 1337 1842 istum
1354 1817 1463 1844 Sabbati
1486 1819 1689 1848 elementarium

893 1859 964 1886 diem
977 1867 1095 1893 servare,
1111 1862 1157 1887 sed
1172 1862 1253 1887 aliurn
1270 1862 1454 1896 spiritualem;
1474 1873 1534 1891 nam
1559 1866 1609 1893 lior
1632 1875 1690 1894 car·

894 1908 954 1934 nale
964 1907 1109 1934 Sabbatum
1125 1915 1177 1934 non
1193 1914 1233 1935 est
1246 1909 1338 1936 datum
1349 1916 1456 1944 propter
1467 1913 1686 1947 puriitcauouern,

894 1952 941 1980 sed
956 1958 1066 1987 propter
1093 1955 1280 1987 tentat'onem,
1303 1955 1408 1983 dicente
1430 1957 1454 1983 in
1472 1958 1529 1992 lege
1546 1958 1659 1986 Domino
1683 1979 1689 1986 .

897 1998 930 2026 Ut
945 2003 1037 2026 tentem
1051 2005 1200 2031 eos.tttt·um
1214 2001 1382 2028 ambulentin
1405 2003 1459 2038 leqe
1482 2012 1548 2037 mea,
1573 2014 1606 2032 an
1628 2015 1692 2034 non.

895 2046 949 2074 Sex
964 2047 1051 2074 dietus
1077 2048 1202 2083 colliqetis
1225 2058 1332 2082 ηιαηιια,
1360 2051 1466 2086 septimo
1491 2061 1542 2080 non
1564 2054 1691 2090 colligetis

894 2091 999 2127 (Exod.
1015 2101 1070 2124 ΠΙ.
1084 2093 1112 2126 4,
1130 2093 1187 2128 ἐϋ).

929 2139 955 2166 4.
977 2139 1068 2175 ltaque
1087 2140 1150 2168 dum
1173 2141 1234 2169 dicit
1253 2151 1259 2169 :
1278 2142 1311 2170 Ut
1325 2148 1483 2188 tentemteos,
1501 2153 1610 2182 apparet
1624 2147 1692 2177 Sab-

85 2207 152 2237 tttot.
170 2209 224 2243 At„
245 2212 348 2246 quando
362 2213 530 2248 apprehendi,
546 2221 594 2248 pro
608 2223 659 2250 qua
673 2216 842 2250 apprehendi.
859 2221 886 2251 Β
900 2221 988 2246 tamen
1006 2219 1055 2246 ltoc
1072 2220 1131 2247 loco
1145 2228 1236 2248 vocem
1254 2223 1372 2250 traduxit
1387 2225 1420 2252 ad
1434 2226 1499 2260 legis
1515 2228 1638 2254 mandata
1655 2229 1691 2256 si-

896 2254 1056 2288 gniticanita,
1073 2257 1199 2289 quoniam
1211 2258 1315 2286 duabus
1330 2260 1409 2286 etiam
1431 2263 1527 2288 tubulis
1542 2264 1687 2298 descripta,

894 2295 920 2316 et
935 2297 948 2315 a
966 2290 1057 2325 Moyse
1071 2292 1153 2318 veteri
1169 2294 1266 2326 populo
1281 2296 1378 2322 tradita
1394 2302 1465 2322 sunit.
1485 2297 1552 2325 ΜΛιι.

931 2325 998 2352 lbtd.
1016 2327 1053 2353 De
1066 2327 1137 2353 varia
1157 2327 1276 2362 diptychi
1301 2331 1496 2365 significatione
1525 2335 1597 2365 plura
1621 2334 1690 2361 Ros-

894 2361 1015 2396 weyilus,
1043 2362 1068 2388 iu
1099 2364 1280 2396 Ounno-suco.
1306 2370 1367 2399 post
1397 2366 1468 2394 Vitas
1499 2368 1617 2402 Pau-uui,
1643 2370 1688 2398 ubi

893 2397 973 2423 etiam
988 2396 1058 2424 bunc
1074 2397 1165 2424 isidori
1185 2400 1270 2425 iocum
1285 2400 1392 2433 allegat.
1408 2401 1492 2428 Auev.

930 2432 955 2458 6.
972 2434 1028 2463 At..
1042 2437 1141 2460 vetusta
1154 2434 1239 2460 caruis
1252 2436 1400 2466 operatione
1410 2441 1517 2464 mutam.
1535 2438 1604 2466 Min.

928 2468 992 2495 Car.
1007 2475 1049 2494 xv.
1077 2467 1110 2495 N.
1135 2469 1160 2496 Ι.
1183 2467 1239 2501 ΑΙ.,
1255 2477 1306 2496 nou
1322 2472 1488 2503 custodirent,
1504 2481 1553 2508 pro
1577 2477 1688 2503 custodi-

887 2508 954 2530 rent.
968 2503 1037 2530 Man.

926 2539 994 2564 Ibid.
1019 2538 1050 2565 Si
1063 2539 1126 2569 auid
1144 2539 1176 2565 u't
1195 2539 1335 2567 Sabbatum
1361 2548 1471 2575 nossent,
1488 2549 1539 2572 etc.
1557 2545 1628 2573 Flor.
1645 2546 1656 2573 t
1678 2553 1686 2574 ε

890 2574 921 2601 sn·
932 2575 1010 2600 otium
1027 2573 1133 2601 sabbati
1147 2583 1194 2601 cur
1205 2575 1293 2602 datum
1308 2578 1489 2610 assenciunt.
1506 2585 1530 2606 et
1545 2589 1596 2609 non
1608 2582 1686 2610 etiam

889 2617 981 2636 nomen
996 2610 1099 2642 quidem
1123 2609 1230 2637 sabran·
1254 2618 1416 2646 usurparent.
1442 2613 1496 2642 Sed
1518 2617 1580 2650 quid
1602 2618 1687 2652 ipsunt

888 2645 971 2671 nataae
986 2645 1116 2680 ignorant,
1132 2645 1195 2672 dum
1209 2645 1290 2680 teqem
1314 2648 1453 2676 carnaliter
1476 2652 1615 2687 custodire,
1630 2657 1684 2682 etc.

888 2680 974 2708 Aruer.

924 2715 951 2743 2.
969 2716 1022 2749 Al„
1036 2715 1124 2743 itidem
1137 2723 1186 2751 pro
1199 2717 1268 2745 item.
1284 2717 1357 2747 Μιιι.

923 2750 950 2778 5.
967 2751 1021 2783 At„
1041 2752 1088 2778 vti·
1101 2753 1174 2784 meis,
1189 2759 1242 2787 pro
1256 2753 1311 2790 [eqo
1333 2763 1399 2784 ntea.
1414 2755 1447 2784 Et
1465 2759 1682 2797 purificationem,

887 2793 938 2821 pro
948 2787 1172 2823 justificationem.
1185 2788 1258 2817 Mn.

1426 2866 1474 2902 17'
