1832 3016
150 195 180 225 ⁹¹
674 184 704 212 s.
725 180 846 210 isioout
867 175 1090 207 titseALeNSts
1107 166 1263 203 'Episcopi

1753 156 1795 197 „4

152 252 231 280 tionis
246 251 327 277 otium
341 247 428 275 minus
446 250 557 278 operum
571 242 617 270 titii
633 243 802 276 generantur.
819 236 940 263 Activam
953 235 980 263 Δ
992 231 1062 259 ribus
1071 231 1232 268 justificatus
1249 233 1296 257 est.
1313 227 1411 256 Paulus
1424 227 1488 256 dicit
1502 235 1511 257 ε
1528 225 1643 255 Credidit
1657 225 1787 255 Abraham

151 302 239 324 autern
251 295 328 322 vitam
340 290 503 318 monstrabat
515 288 562 316 Lia
575 288 633 315 sine
648 285 742 318 oculis,
756 283 801 311 sed
815 281 939 309 fecunda.

153 341 218 375 Quia
233 339 301 366 actio
315 335 446 364 laboriosa
467 334 573 370 quidem
588 337 639 365 est,
655 331 793 364 minusque
808 327 860 355 alta
877 334 941 353 con-

151 386 282 413 siderans.
305 383 357 410 Sed
372 382 398 409 in
421 389 453 408 eo
468 380 536 415 quod
552 386 580 406 se
595 386 656 413 erga
673 375 785 412 proximi
800 373 942 401 utilitatem

151 432 212 466 plus
237 430 345 458 exhibet
358 450 366 462 ‚
393 427 530 455 secundior
553 426 678 460 operibus
690 444 699 457 ‚
725 422 802 457 quasi
831 421 856 447 in
884 419 943 446 tiliis

151 476 258 504 erescit.
273 475 317 502 Sic
331 473 432 501 Martha
447 476 475 500 et
495 472 585 504 Maria,
608 476 718 504 quarum
734 475 784 494 una
800 465 942 493 virtutibus

153 526 269 550 mentem
295 519 436 546 exercebat
469 517 494 543 in
524 522 604 551 opere
616 535 623 547 ‚
650 513 735 540 altera
762 510 946 546 requiescebat

153 567 239 594 defixa
254 566 280 592 in
295 563 530 598 contemplatione.

191 612 252 639 153.
272 611 289 637 li
306 614 393 637 autem
407 609 451 643 qui
467 608 498 635 ad
514 606 744 641 contemplationis
759 607 840 629 otium
855 608 946 628 venire

155 657 328 687 contendunt,
354 655 426 688 prius
440 660 468 679 se
488 653 514 679 in
530 652 614 678 stadio
628 651 720 677 activae
734 649 797 674 vitae
820 653 946 673 exercerc

156 702 273 733 debent,
303 705 330 727 ut
354 700 416 726 dum
443 706 522 733 opera
544 697 651 731 justitite
675 695 752 721 sicces
778 697 946 728 peccatorum

156 747 334 777 exhauriunt,
361 752 407 770 cor
429 742 555 770 mundum
582 740 724 767 exhibeant
748 738 779 765 ad
806 737 947 764 videndum

158 793 250 820 Deum.
268 790 332 817 Nam
354 796 429 816 mens
451 796 509 823 quae
534 787 620 814 adhuc
645 785 815 819 temporalem
837 784 947 818 gloriam

161 838 238 874 108
250 836 352 872 quaerit,
371 840 416 862 aut
427 834 539 861 carnalis
555 832 775 866 concupiscentiae
796 830 949 857 tentationi-

160 884 210 910 bus
223 883 307 915 cedit,
324 890 338 908 a
352 881 576 915 contemplatione
594 878 766 914 proculdubio
782 876 948 911 prohibetur.

993 277 1058 310 Deo,
1071 281 1094 303 el
1103 281 1249 313 reputatum
1263 280 1299 302 est
1313 275 1336 302 ei
1347 275 1381 301 ad
1391 272 1603 312 justitiamQuid
1620 272 1703 308 ergo?
1719 271 1790 299 Utri-

993 333 1044 359 que
1066 332 1096 352 se
1111 322 1270 351 destruunt?
1287 322 1372 348 Absit.
1388 321 1440 348 Sed
1456 319 1562 354 utrique
1578 326 1627 347 nos
1641 319 1787 346 instruunt.

994 372 1059 398 Nam
1077 369 1224 397 secundum
1239 367 1361 399 Paulum,
1377 366 1510 394 Abraham
1525 373 1556 392 ex
1578 364 1630 392 fide
1650 364 1789 399 justificari

996 416 1103 449 meruit,
1120 415 1226 451 quando
1240 413 1354 441 credidit
1364 413 1435 445 Deo;
1447 411 1591 439 secundum
1604 410 1743 441 Jacobuin,
1755 418 1788 437 ex

998 462 1123 497 operibus
1135 461 1245 496 placuit,
1256 459 1362 495 quando
1373 463 1489 486 tentatus
1501 457 1694 485 immolandum
1707 455 1788 485 [ilium

997 517 1050 537 uon
1064 507 1206 535 recusavit.

1330 547 1451 576 XXXVl.

1008 629 1010 631 ,
1034 599 1180 627 159.1nter
1194 598 1283 633 fidem,
1303 605 1374 631 spem
1388 600 1414 623 et
1427 595 1578 622 charitatem
1603 593 1654 621 hoc
1675 591 1764 619 differt
1780 599 1790 619 ς
1824 583 1832 589 ’

1000 648 1066 675 tides
1086 650 1125 674 est
1145 644 1290 672 divinitatis
1314 641 1457 674 consessio,
1469 645 1497 667 et
1519 639 1657 674 religionis
1677 638 1792 666 solidum

1000 693 1215 724 fundanientuni;
1232 697 1293 724 spes
1308 692 1350 715 est
1366 688 1496 714 bonorum
1510 683 1675 719 exspectatio
1690 682 1794 711 futuro-

1001 747 1058 766 rum
1070 747 1076 769 ς
1090 738 1207 765 charitas·
1220 740 1260 762 est
1276 733 1393 769 perfecta
1408 732 1516 759 dilectio
1527 731 1553 757 in
1570 730 1651 757 Deum
1669 733 1696 756 et
1705 729 1795 763 proxi-

1001 792 1084 812 mum.
1103 783 1201 810 Harum
1218 782 1303 816 prima
1317 779 1503 806 credulitatem
1527 776 1598 804 fovet
1621 779 1793 811 praesentem,

1002 829 1117 858 secunda
1134 828 1262 863 promissa
1280 825 1447 860 praestolatur
1456 824 1615 855 futurorum,
1631 821 1705 848 tertia
1721 827 1795 847 amo-

1003 883 1059 902 rem
1072 873 1258 908 complectitur
1273 876 1412 898 aeternum.
1433 870 1497 902 Quae
1511 868 1618 903 quidem
1639 867 1688 894 tria
1705 867 1729 893 in
1745 866 1796 893 hu-

161 927 234 954 Unde
248 932 273 953 et
289 926 400 960 populus
413 926 475 952 dum
491 925 573 958 legem
589 924 721 957 acciperet
733 931 746 949 a
762 926 860 953 monte,
874 920 899 946 id
911 923 951 946 cst
967 916 991 946 B
1003 922 1046 957 jus
1061 922 1121 948 viiae
1133 925 1252 954 tempore
1268 918 1304 945 ita
1320 917 1487 951 copulantur,
1502 919 1531 941 ut
1545 915 1627 941 altera
1642 913 1700 940 sine
1711 913 1796 939 altera

157 980 171 998 a
193 972 298 998 sublimi
313 971 545 1005 contemplatione,
561 969 633 1004 quasi
649 968 791 996 carnalium
807 965 948 993 curiositas

157 1023 318 1044 removetur.
331 1017 363 1043 Et
377 1017 402 1043 in
415 1015 558 1049 Evangelio
571 1018 677 1041 curatus
688 1021 703 1039 a
714 1012 816 1046 legione
827 1011 883 1037 vult
898 1011 949 1036 Du-

158 1062 257 1089 minum
276 1070 320 1096 per
335 1061 584 1095 contemplationem
604 1059 694 1093 scqui3
711 1057 758 1084 scd
769 1056 877 1091 juhetur
898 1056 947 1081 do-

158 1115 228 1134 mum
244 1107 351 1139 reverti,
365 1107 433 1133 etin
460 1106 552 1132 activae
576 1104 636 1130 vitce
660 1101 815 1136 operatione
838 1100 947 1126 versari.

193 1152 254 1180 ¹154.
274 1153 299 1179 ln
316 1153 374 1186 ipso
388 1156 476 1177 autem
492 1148 723 1183 contemplationis
735 1153 759 1174 et
774 1146 884 1173 actionis
901 1152 950 1171 usu

157 1198 289 1226 interdum
307 1204 400 1231 magna
414 1195 560 1230 differentia
583 1195 731 1221 animorum
746 1197 795 1219 est.
814 1191 877 1218 Nam
892 1190 950 1224 quiu

159 1244 266 1271 busdam
287 1244 341 1270 sola
363 1242 552 1276 contemplatio
575 1241 689 1276 prolicit,
705 1239 863 1274 quibusdam
886 1244 949 1264 vero

158 1289 242 1316 activa
258 1289 314 1315 sola
330 1293 370 1315 est
384 1287 539 1314 consolatio.
562 1286 608 1313 llis
622 1285 709 1313 media
731 1290 757 1311 et
777 1284 810 1311 dc
832 1283 950 1317 utrisque

159 1334 304 1368 composita
321 1333 410 1359 utilior
425 1336 466 1359 est
480 1332 564 1365 magis
579 1330 610 1357 ad
626 1330 783 1356 refovendas
799 1329 894 1355 mentis
909 1335 950 1355 au-

158 1380 267 1414 gustias,
283 1386 341 1412 quae
356 1378 442 1405 solent
456 1384 501 1411 per
516 1377 593 1403 unius
608 1375 783 1402 intentionem
800 1373 906 1406 nutriri,
920 1377 949 1399 ut

158 1424 192 1452 de
207 1425 341 1460 utriusque
356 1422 475 1458 partibus
489 1421 583 1448 melius
598 1424 787 1454 temperentur.
799 1419 862 1444 Nam
880 1417 950 1452 quod

160 1469 279 1497 Salvator
290 1477 336 1504 per
350 1469 419 1496 diem
445 1467 525 1502 signis
547 1471 573 1494 et
593 1465 727 1493 miraculis
742 1464 897 1491 coruscabat
923 1464 948 1489 in

159 1515 277 1547 urbibus,
293 1515 405 1541 activam
428 1513 505 1540 nobis
529 1513 609 1540 vitam
636 1510 850 1538 commendabat.
875 1509 949 1542 Quod

159 1568 221 1589 vero
246 1561 269 1586 in
298 1563 388 1586 monte
410 1558 538 1585 orationis
562 1557 648 1585 studio
664 1555 851 1591 pernoctabat,
866 1555 947 1580 vitam

159 1606 387 1640 contemplationis
402 1604 579 1640 significabat.

196 1651 255 1679 ¹55.
277 1652 376 1679 Idcirco
391 1651 437 1678 Dei
453 1657 546 1677 servus
559 1649 634 1684 juxta
647 1648 822 1675 imitationem
837 1645 947 1677 Chri-ti,

159 1707 207 1727 nec
219 1698 348 1726 actualem
365 1698 445 1725 vitam
459 1697 565 1728 amittit,
579 1699 606 1723 et
621 1694 853 1727 contemplativam
867 1692 946 1719 vitam

158 1744 220 1779 agit.
238 1743 320 1770 Aliter
334 1742 404 1770 enim
429 1742 554 1769 incedens
573 1740 694 1767 offendit.
722 1739 796 1766 SIcut
815 1739 884 1765 enim
902 1745 949 1772 per

158 1788 408 1822 contemptationem
438 1786 567 1813 amandus
590 1790 631 1812 est
655 1785 723 1811 Deus
734 1805 740 1816 ‚
770 1785 805 1810 ita
834 1791 880 1818 per
902 1791 948 1810 ac-

159 1834 257 1862 tualem
271 1834 349 1860 vitam
361 1832 510 1867 diligendus
521 1835 562 1859 est
575 1832 724 1866 proximus.
735 1831 773 1857 Ac
788 1837 834 1865 per
849 1830 898 1856 hoc
909 1829 947 1856 sic

161 1887 214 1907 non
230 1887 371 1913 possumus
385 1879 443 1905 sine
463 1883 575 1912 utraque
597 1885 657 1905 esse
671 1877 735 1908 vita,
752 1877 820 1903 sicut
841 1880 868 1903 et
891 1876 949 1902 sine

163 1928 274 1958 utraque
289 1925 315 1951 in
330 1923 471 1950 dilectione
486 1929 546 1951 esse
564 1929 730 1957 nequaquam
746 1928 895 1955 possumus.

499 1979 606 2007 XXXV.

198 2014 256 2043 156.
272 2015 340 2042 inter
350 2014 442 2041 Fidem
453 2019 479 2042 et
492 2014 562 2049 Opus
575 2015 624 2041 hoc
635 2014 730 2041 distat:
744 2020 789 2048 per
801 2012 878 2039 tidem
891 2019 950 2046 pus-

161 2061 271 2089 sibilitas
282 2062 342 2088 boui
355 2062 442 2096 operis
455 2061 602 2095 inchoatur,
612 2069 642 2088 ev
655 2068 736 2095 opere
747 2062 803 2094 ipsa
815 2060 879 2087 tides
890 2067 950 2094 per-

162 2107 258 2133 ficitur.
271 2106 343 2141 Opus
356 2107 427 2133 enim
444 2107 494 2134 tide
509 2107 681 2140 praevenitur,
698 2106 762 2133 ssdes
779 2114 811 2132 cx
826 2106 952 2140 operibus

164 2156 374 2178 consummatur.
391 2152 477 2185 Opera
493 2157 580 2179 autem
604 2158 665 2179 ante
689 2152 767 2179 fidem
785 2158 952 2186 nequaquam

164 2197 302 2231 prodesse,
318 2198 381 2232 quia
394 2198 457 2225 nihil
472 2199 544 2226 valet
557 2206 571 2225 a
592 2199 661 2225 malo
676 2199 811 2226 declinare
826 2203 853 2226 et
874 2206 953 2233 agere

164 2242 234 2276 quod
250 2242 364 2276 pertinet
375 2243 407 2269 ad
422 2243 534 2270 salutem
544 2243 569 2270 ei
584 2244 628 2278 qui
645 2245 729 2277 ipsum
741 2244 834 2270 salutis
846 2243 888 2270 vel
904 2251 953 2270 ne·

1000 973 1071 994 stare
1087 974 1138 993 non
1153 965 1244 999 possit.

1038 1013 1100 1039 140.
1127 1011 1245 1045 Denique
1274 1008 1404 1036 veraciter
1427 1007 1538 1035 credere
1562 1013 1614 1033 non
1640 1012 1796 1040 possumus,
1830 1036 1832 1038 ι

1002 1060 1053 1087 nisi
1077 1066 1107 1086 ea
1132 1065 1191 1092 quoe
1219 1055 1349 1091 promissa
1376 1058 1439 1082 sunt
1464 1060 1617 1088 speremus;
1649 1060 1696 1079 nec
1722 1058 1798 1086 pote-

1002 1106 1085 1132 rimus
1110 1103 1243 1130 sustinere
1269 1100 1399 1136 promissa
1410 1121 1416 1132 ,
1443 1099 1493 1126 nisi
1516 1098 1550 1125 sit
1575 1098 1636 1125 fidei
1654 1097 1799 1125 credulitas

1002 1152 1091 1182 sirma;
1119 1155 1168 1175 uec
1191 1147 1277 1175 aderit
1301 1146 1404 1173 tructus
1427 1144 1494 1179 spei,
1516 1144 1556 1171 vel
1572 1143 1700 1170 stabilitas
1725 1142 1798 1174 (idei,

1005 1197 1055 1224 nisi
1072 1195 1152 1222 suerit
1167 1195 1285 1229 perfecta
1303 1190 1420 1219 charitas
1436 1190 1546 1222 christi.
1561 1197 1620 1224 qua}
1635 1193 1662 1216 et
1677 1188 1755 1216 tidem
1771 1191 1800 1217 ut

1006 1242 1109 1274 credat,
1127 1241 1239 1275 adjuvet
1252 1243 1278 1266 et
1292 1245 1367 1272 spem
1381 1236 1553 1271 spectationis
1568 1235 1733 1262 corroboret.
1748 1235 1800 1262 Cu-

1002 1289 1046 1324 jus
1060 1286 1212 1323 specialiter
1231 1284 1377 1312 secundum
1393 1281 1549 1317 Apostolum
1564 1282 1633 1308 inter
1655 1281 1704 1307 has
1716 1280 1800 1307 virtu-

1003 1340 1042 1362 tes
1066 1333 1179 1361 traditur
1201 1331 1379 1366 principatus,
1401 1332 1429 1355 et
1451 1327 1538 1354 cultus
1559 1330 1650 1354 manet
1673 1329 1798 1353 mter-nus.

1038 1378 1099 1406 141.
1117 1377 1182 1404 Nam
1194 1381 1220 1403 et
1232 1375 1298 1402 tides
1309 1373 1436 1407 cessabit,
1449 1372 1510 1400 dum
1522 1371 1611 1399 sutura
1621 1379 1681 1407 quae
1691 1371 1800 1400 credun-

1002 1428 1045 1450 tur
1057 1421 1227 1452 advenerint;
1244 1424 1271 1446 et
1285 1426 1347 1454 spes
1359 1418 1439 1444 tinem
1454 1416 1645 1449 habehit‚dum
1661 1416 1800 1443 beatitudi-

1002 1476 1063 1498 nem
1079 1475 1157 1503 (ptam
1173 1466 1283 1501 quisque
1293 1465 1378 1492 bonus
1391 1462 1559 1498 praestolatur
1574 1462 1717 1497 acceperit.
1733 1461 1795 1489 Sola

1002 1515 1118 1543 charitas
1133 1515 1159 1541 in
1169 1518 1296 1540 aeternum
1312 1508 1509 1545 perseverabit,
1522 1509 1578 1544 ipsa
1590 1508 1646 1535 sola
1658 1511 1799 1541 utramque

1002 1562 1149 1597 perducens
1164 1559 1197 1587 ad
1211 1559 1346 1587 Christum
1360 1577 1368 1587 .
1395 1557 1451 1586 insa
1475 1555 1532 1584 sola
1546 1554 1644 1590 gaudio
1659 1553 1798 1588 perfruens

1001 1608 1174 1643 sempiterno.

1334 1646 1468 1674 xxxvn.

1039 1696 1098 1724 142.
1115 1696 1186 1723 inter
1198 1701 1312 1720 amorem
1326 1696 1353 1720 et
1367 1692 1540 1724 dilectionem,
1555 1690 1611 1718 sive
1626 1689 1796 1724 charitatem,

1002 1742 1052 1769 hoc
1066 1740 1168 1773 differt,
1185 1738 1256 1774 quod
1271 1744 1347 1764 amor
1362 1741 1390 1764 et
1408 1736 1514 1764 dilectio
1529 1736 1614 1763 media
1631 1739 1702 1766 sunt.
1718 1738 1746 1762 et
1765 1734 1799 1762 ad

1001 1793 1147 1821 utrumque
1171 1789 1272 1820 parata,
1291 1783 1371 1810 modo
1385 1783 1413 1809 in
1428 1781 1538 1813 bonum,
1555 1780 1635 1808 modo
1657 1780 1683 1807 in
1699 1779 1801 1807 matum

1001 1837 1155 1861 vertuntur.
1170 1831 1293 1858 Charitas
1306 1833 1394 1856 autem
1415 1834 1469 1854 non
1484 1827 1534 1853 nisi
1549 1827 1574 1854 in
1591 1826 1708 1858 bonum;
1724 1824 1800 1860 cujus

1001 1880 1081 1907 etiam
1096 1884 1194 1905 nomen
1209 1883 1242 1903 eo
1257 1881 1338 1909 usque
1352 1872 1500 1904 extollitur,
1517 1875 1546 1898 ut
1560 1871 1617 1906 ipse
1630 1870 1702 1898 Deus
1719 1870 1800 1905 108
1828 1896 1832 1900 Α

1002 1925 1125 1953 Charitas
1138 1922 1295 1958 appelletur.
1319 1920 1365 1947 illa
1382 1924 1424 1947 est
1450 1919 1521 1946 enim
1537 1917 1656 1953 perfecta
1670 1917 1798 1951 charitas,

1001 1978 1060 2004 quze
1073 1968 1193 1996 inimicos
1207 1970 1235 1993 et
1247 1965 1379 2001 patienter
1389 1964 1512 1995 sustinet,
1524 1966 1551 1989 et
1561 1956 1674 1997 benigne
1683 1961 1800 1991 refovet.
1829 1988 1832 1989 ⁷

1003 2017 1053 2051 Qui
1077 2022 1140 2043 vero
1160 2014 1218 2041 haec
1234 2019 1287 2039 non
1313 2011 1378 2046 agit,
1393 2011 1473 2044 longe
1498 2016 1512 2036 a
1527 2008 1666 2036 charitate
1676 2007 1799 2036 discedit.

985 2089 990 2098 ,
1004 2062 1068 2089 llaec
1080 2061 1151 2089 enim
1170 2065 1275 2087 summa
1290 2057 1347 2085 sola
1361 2061 1423 2085 sunt
1437 2056 1517 2084 bona.
1535 2054 1600 2082 Nam
1613 2061 1629 2082 a
1643 2053 1738 2089 quibus
1754 2052 1802 2081 ha-

1005 2108 1115 2138 bentur,
1131 2105 1222 2140 utique
1231 2103 1365 2131 veraciter
1379 2101 1521 2130 habentur.
1536 2100 1603 2129 Atiae
1613 2107 1677 2127 vero
1688 2099 1802 2127 virtutes
1824 2110 1832 2114 *-

1008 2154 1095 2182 media
1119 2153 1189 2181 bona
1210 2156 1282 2184 sunt,
1297 2154 1325 2178 et
1346 2157 1406 2184 quae
1428 2148 1461 2177 ad
1483 2147 1623 2176 utilitatem
1638 2148 1749 2181 possunt
1766 2144 1802 2174 ah

1006 2198 1140 2233 aliquibus
1170 2197 1274 2229 haberi,
1295 2194 1370 2224 etad
1383 2194 1542 2230 perniciem,
1563 2192 1591 2222 si.
1604 2193 1638 2221 de
1661 2191 1704 2220 his
1722 2198 1803 2220 arro-

1006 2248 1099 2280 gantes
1113 2243 1267 2271 tumuerint.

165 2292 209 2322 gat
233 2288 274 2317 vel
295 2288 381 2314 nescit
404 2293 551 2315 auctorem.
578 2288 643 2316 item
669 2288 733 2315 sides
749 2289 807 2315 sine
827 2289 953 2323 operibus
968 2283 996 2314 D
1043 2289 1104 2317 145.
1125 2289 1244 2322 Quatuor
1256 2290 1344 2316 autern
1358 2290 1419 2313 sunt
1431 2284 1566 2323 diligenda
1580 2293 1588 2312 ι
1604 2284 1674 2312 Deus
1687 2282 1805 2318 scilieet.

165 2340 330 2369 nequaquam
353 2333 473 2368 prodest„
492 2333 552 2368 quia
569 2340 621 2360 non
637 2336 725 2369 potest
741 2340 787 2367 per
803 2332 881 2360 tidem
897 2334 952 2361 Deo

166 2380 276 2414 placere
285 2379 328 2414 qui
347 2378 429 2408 Deum
444 2379 590 2407 contemnit
605 2379 631 2406 in
647 2386 737 2414 opere.

203 2424 262 2451 ¹57.
283 2424 323 2452 Ob
335 2423 386 2451 hoc
399 2425 478 2451 etiam
493 2425 558 2452 fides
574 2425 631 2452 sine
645 2425 768 2459 operibus
780 2429 884 2452 mortua
902 2429 953 2458 est,

165 2470 239 2506 iuxta
250 2471 375 2499 iacobum
385 2480 392 2504 ;
406 2475 432 2499 et
443 2479 510 2507 opus
522 2475 597 2499 extra
608 2471 686 2500 tidem
697 2478 807 2498 vacuum
819 2476 869 2504 est,
883 2472 956 2504 juxta

168 2516 288 2543 Paulum.
310 2515 408 2543 florum
422 2516 492 2543 enim
508 2516 575 2543 alter
591 2516 649 2543 ndei
665 2516 794 2549 studium,
808 2516 877 2543 alter
889 2523 955 2551 opus

168 2561 267 2589 laudat.
283 2560 380 2588 Paulus
394 2561 520 2597 praedicat
533 2566 595 2589 ante
609 2561 686 2588 tidem
701 2562 777 2600 10⁷
793 2562 866 2588 nullo
877 2561 956 2589 modo

169 2614 228 2635 csse
241 2613 307 2642 opus
322 2606 430 2639 bonum,
443 2605 557 2634 lacobus
567 2611 658 2636 narrat
679 2607 758 2634 Iidem
780 2606 845 2634 nihil
868 2607 957 2641 valere

170 2652 228 2681 sine
246 2662 326 2688 opere
341 2656 421 2683 bono.
447 2657 485 2685 Ae
505 2662 552 2693 per
565 2654 626 2688 hoc,
639 2653 716 2692 juxta
730 2654 859 2690 primurn,
876 2661 957 2691 opera

171 2698 250 2726 fldem
259 2701 432 2741 praecedentia
442 2700 509 2729 nihil
517 2704 628 2736 prosunt
635 2709 643 2734 ;
651 2701 726 2737 juxta
735 2701 859 2733 alterum,
868 2700 959 2729 subse-

173 2746 276 2778 quentia
298 2747 408 2775 multnm
423 2752 544 2783 prosunt.

209 2789 270 2818 {58-
289 2792 403 2821 Jacob-c
413 2794 498 2822 dicit:
513 2794 645 2822 Abraham
659 2797 731 2830 pum
752 2797 840 2823 nom
852 2801 886 2823 σα
899 2802 959 2834 opo-

175 2855 605 2941 affimav-

1003 2834 1344 2897 -nmiemnqmmtu,
1358 2854 1448 2887 m.
1492 2862 1493 2865 ¹

594 2861 964 2941 ηψἫΨω-τῖτέῑ

1008 2341 1089 2373 atque
1103 2334 1261 2371 proximus,
1282 2338 1346 2359 caro
1367 2334 1476 2365 nostra,
1503 2335 1584 2366 atque
1609 2329 1708 2358 anima.
1722 2326 1818 2359 Prior?

1009 2387 1051 2412 est
1073 2386 1163 2414 autem
1179 2385 1254 2408 amor
1276 2378 1341 2408 Dei.
1356 2383 1470 2412 sequeus
1489 2383 1552 2404 vero
1571 2379 1613 2403 est
1630 2378 1658 2405 et
1677 2373 1821 2409 proximi,-

1010 2429 1062 2457 Sed
1087 2428 1157 2455 sicut
1182 2433 1231 2461 per
1256 2430 1374 2451 amorem
1399 2422 1447 2450 Dei
1467 2428 1543 2448 amor
1565 2420 1595 2447 tit
1609 2420 1741 2455 proximi,
1764 2419 1806 2451 sic

1011 2482 1058 2509 pet·
1081 2478 1202 2501 amorem
1228 2468 1343 2505 proximi
1365 2474 1441 2496 amor
1475 2466 1626 2495 ostenditur
1650 2465 1709 2493 Dei.
1733 2464 1816 2493 Dite--

1011 2518 1064 2549 ctio
1081 2518 1109 2548 iu
1133 2517 1217 2545 Deum
1237 2514 1312 2550 origo
1338 2512 1555 2551 est-dilectionis
1580 2511 1607 2539 in
1633 2510 1815 2546 proximatur·

1010 2563 1160 2596 etdilectio
1185 2562 1214 2591 in
1238 2560 1388 2596 proximum
1411 2558 1530 2595 cognitio
1553 2561 1596 2587 cst
1609 2555 1784 2588 dilectionisi

1011 2698 1115 2739 servitis
1134 2702 1176 2726 est
1189 2716 1201 2731 ‚
1210 2703 1262 2725 non
1285 2695 1381 2729 liberm
1400 2695 1462 2730 quia
1481 2701 1535 2725 non
1546 2697 1654 2728 ceant
1663 2700 1699 2728 ex
1709 2675 1791 2737 mot*

1013 2746 1072 2778 Dei,
1087 2743 1135 2772 scd
1147 2750 1183 2771 ex
1195 2743 1296 2771 timore
1309 2741 1442 2777 supplicii.

1048 2789 1112 2819 iu.
1127 2788 1158 2817 ln
1171 2788 1258 2817 tribus
1270 2792 1360 2816 autom
1374 2787 1417 2817 htv
1427 2783 1631 2830 totamm&
1645 2783 1695 2816 tut

1822 2141 1832 2265 .t.—..2-fl.·
1830 2087 1832 2091 Δ
1830 2069 1832 2074 .
1830 2054 1832 2058 .
1828 2028 1832 2031 .
