1832 3016
42 115 106 147 ’217

55 223 195 256 Ecclesiae,
212 227 241 251 ut
255 226 411 257 operaretur
429 225 457 249 et
479 221 627 249 custodiret
643 221 734 253 illum.
749 220 776 248 id
791 225 847 253 est,

55 270 192 298 vuluntate
208 268 294 297 Patris
307 275 340 295 ex
354 268 481 296 omnibus
495 268 619 303 gentibus
631 267 782 295 Ecclesiam
799 268 849 294 im-

55 318 151 353 pleret.
168 316 237 344 Dixit
255 323 362 351 quoque
384 315 454 342 Deus
467 324 473 342 ε
491 315 553 343 Nou
568 320 606 343 est
621 317 714 342 bonum
729 323 785 342 esse
798 315 846 341 ho-

56 364 150 391 minem
163 363 254 390 solum.
267 362 422 396 Arguuntur
436 361 556 389 haeretici
569 381 576 394 ,
590 362 634 397 qui
650 362 785 390 Christum
802 368 845 388 so-

55 410 109 438 lum
125 409 256 437 hominem
273 413 380 443 putant,
396 413 422 435 et
437 416 488 435 non
504 408 583 436 etiarn
602 409 695 436 Deum.

91 456 118 483 6.
139 453 276 481 Faciamus
289 455 312 481 ei
325 454 485 490 adjutorium
501 454 583 481 simite
597 455 655 488 sui,
671 454 732 489 quia
747 454 772 481 in
789 454 848 488 ipso

57 500 164 527 homine
177 504 305 534 suscepto
321 500 438 527 Ecclesia
455 500 510 527 neo
525 500 648 535 copulata
671 505 723 528 est.
748 501 845 536 Appet-

53 545 113 573 Iattt't
127 551 211 573 autem
227 546 309 572 Adam
324 547 467 573 nominibus
480 547 533 572 suis
547 551 637 573 cuncta
650 547 792 573 animantia
803 568 809 577 ,
824 551 848 573 et

52 591 167 619 volatilia
181 592 246 625 coeli,
262 597 286 618 et
302 592 393 619 bestias
407 597 491 625 terroe,
501 592 652 627 significans
668 597 771 626 gentes.
787 600 847 626 quae

53 637 133 664 salvat
154 637 247 664 tierent
269 638 294 664 in
316 637 453 671 Ecclesia,
476 642 502 665 et
527 645 574 672 per
593 638 729 664 Christum
751 645 847 664 nomen

52 683 261 711 Christianitatis
277 689 354 712 erant
368 690 520 719 acceptura)
532 705 539 716 ‚
555 684 624 719 quod
641 685 715 719 prius
731 691 784 711 non
802 684 848 711 ha-

52 729 184 763 buerant,
201 731 272 758 sicut
295 731 423 765 scriptum
445 735 485 758 est
499 740 504 757 ε
528 731 560 757 Et
576 732 669 758 vocabo
683 738 767 758 servos
780 739 847 757 meos

52 776 154 803 nomine
168 776 219 803 otio
235 775 316 810 (lsai.
332 784 398 808 axv,
417 776 478 810 15).

87 822 113 848 7.
134 822 198 850 Adoe
212 831 270 849 vero
284 831 334 849 non
349 815 524 850 inveniebatur
539 823 644 858 adjutor
663 822 754 849 similis
776 823 843 857 ejus.

463 113 691 151 QUAEsTtONEs
711 113 744 143 ΙΝ
765 113 842 143 VET.
865 113 1013 144 TESTAM.
1026 131 1060 137 --
1075 116 1108 145 ΙΝ
1128 115 1286 145 GENESlN.

0 210 2 216 Ι
42 177 153 205 ιηιιιίιο.
168 176 322 212 Assumpsit
346 174 416 204 Deus
430 182 555 209 carnem,
570 179 598 203 et
613 174 698 203 sactus
713 179 754 202 est
769 178 849 209 caput
864 173 886 203 A
901 182 965 202 num
975 195 982 207 ‚
997 182 1057 209 quae
1071 174 1105 202 de
1119 173 1178 209 eius
1195 174 1280 201 latere
1294 178 1400 209 sumpta
1415 177 1467 202 est.
1483 171 1545 202 Haec
1558 180 1624 210 ergo
1637 183 1697 204 om-

1642 113 1697 147 ΜΟ

899 221 942 248 nia
959 221 1029 248 tacta
1042 225 1104 248 sunt
1121 221 1147 248 in
1163 221 1265 256 ligura,
1281 228 1340 256 quae
1355 225 1433 249 erant
1447 221 1474 248 in
1489 221 1608 250 Ecclesia
1630 230 1694 257 pro-

900 266 999 294 ditura.
1025 266 1196 300 Quamobrem
1220 267 1346 301 relinquet
1372 267 1449 294 homo
1471 271 1571 303 patrem
1596 273 1620 295 et
1639 278 1695 296 ma-

900 317 982 348 trem„
996 318 1020 340 et
1033 313 1172 341 adherebit
1186 314 1262 342 uxori
1273 321 1328 341 suoe
1339 322 1349 346 ,·
1363 318 1388 341 et
1408 319 1481 341 erunt
1503 316 1555 342 duo
1575 315 1602 342 in
1622 323 1699 343 carne

899 368 962 386 una.
979 359 1035 386 lloc
1048 360 1229 395 interpretans
1250 361 1394 395 Apostolus
1414 361 1452 388 ait.
1478 370 1483 387 :
1500 362 1697 389 Sacramentum

900 407 948 433 hoc
961 415 1085 441 magnum
1099 413 1135 434 est
1145 427 1154 441 ,
1169 415 1215 442 eqo
1229 411 1313 434 autem
1328 408 1386 434 dico
1399 409 1426 435 in
1442 408 1544 435 Christo
1557 414 1580 435 et
1607 410 1633 436 in
1648 409 1698 437 Ec-

900 453 976 479 etesia
992 452 1100 487 (Ephes.
1114 453 1152 487 v).

936 498 980 525 Η.
1002 499 1071 533 Ergo
1092 499 1163 533 quod
1187 507 1234 534 per
1257 500 1397 527 historiam
1421 501 1586 535 completum
1607 505 1649 528 est
1670 501 1696 529 in

900 546 1000 578 Adam,
1018 554 1064 580 per
1080 547 1247 581 prophetiam
1264 547 1431 581 significatur
1454 548 1480 574 in
1500 548 1626 580 Christo,
1649 549 1696 583 qui

901 594 1008 628 reliquit
1023 593 1147 627 Patrem,
1163 602 1224 621 cum
1247 594 1334 621 dicit:
1358 594 1415 630 qu
1438 603 1453 621 a
1474 594 1554 622 Patre
1574 594 1659 627 exivi,
1674 599 1699 622 et

902 639 958 666 veni
979 640 1005 665 in
1030 640 1154 666 mundum
1181 639 1297 674 (Joann.
1316 640 1395 675 th).
1423 640 1546 672 Quicum
1567 641 1592 667 in
1615 641 1699 675 forma

902 684 950 711 Dei
964 690 1044 717 esxet,
1061 693 1111 711 non
1126 685 1244 720 rapinam
1259 686 1399 712 arbitratus
1414 691 1449 712 est
1464 695 1516 713 esse
1536 694 1562 713 se
1573 686 1698 721 oequalem

901 729 955 756 Deo
976 729 1104 765 (Philipp.
1121 730 1163 765 ιι).
1187 730 1305 765 Reliquit
1320 735 1348 757 et
1364 735 1495 764 matrem,
1513 731 1538 758 id
1554 735 1611 763 est,
1627 731 1698 767 Syn·

901 775 1186 810 agogamJudaeorum,
1197 776 1286 803 Veteri
1303 776 1478 804 'testamento
1494 776 1640 805 carnaliter
1654 778 1696 804 in-

902 820 1047 847 haerentem
1060 842 1066 854 ‚
1083 829 1142 856 qu2e
1159 821 1197 847 illi
1213 827 1271 848 crat
1286 827 1374 849 mater
1388 830 1422 849 ex
1437 823 1540 849 semine
1556 822 1639 849 David
1655 829 1698 850 se-

52 867 149 903 Utique
163 870 289 903 quoniam
304 869 424 902 quamvis
441 869 528 895 tidelis
544 873 589 895 aut
608 868 698 903 justus
717 868 751 896 sit
774 867 848 902 quis-
865 873 889 903 Β
902 867 1018 894 cundum
1035 875 1162 901 carnem,
1179 872 1206 894 et
1220 868 1334 895 adhmsit
1347 868 1421 895 uxori
1437 876 1508 900 suae,
1526 868 1551 895 id
1567 873 1623 901 est,
1637 875 1701 896 san-

53 921 120 948 que,
136 914 241 941 Christo
263 920 351 942 tamen
372 915 471 948 aequari
492 922 544 941 non
567 918 663 949 potest.
687 914 749 947 Quis
765 914 847 945 enim,

53 959 140 994 inquit
156 959 261 995 Moyses
272 981 279 993 ,
297 961 388 987 similis
403 961 447 987 tihi
462 961 489 987 in
512 961 576 994 diis,
600 960 708 987 Domine
728 959 849 995 (Psalm.

53 1006 175 1040 Lxxxv)?
190 1014 251 1033 nam
266 1011 292 1034 et
308 1006 388 1034 David
402 1007 439 1033 ait
452 1016 458 1031 ε
473 1006 610 1041 Speciosus
625 1007 707 1040 [orma
723 1014 775 1041 proe
791 1006 851 1039 filiis

54 1050 186 1078 hominum
200 1051 316 1086 (Psalm.
330 1051 417 1085 xmv).
429 1051 513 1079 Netno
529 1052 599 1078 enim
616 1055 719 1086 poterat
736 1059 749 1077 a
766 1055 851 1078 morte

55 1105 139 1132 genus
160 1098 304 1124 humanum
326 1097 459 1130 liberare,
480 1102 507 1124 et
529 1097 613 1131 ipsam
637 1101 749 1123 mortem
771 1103 851 1128 supe-

55 1151 116 1171 rare
127 1165 134 1178 ‚
157 1144 207 1171 nisi
222 1143 361 1176 ChristuS‚
377 1144 446 1171 sicut
461 1148 489 1171 et
503 1144 528 1170 in
545 1143 707 1178 Apocalypsi
729 1143 826 1170 dicitur
842 1152 848 1170 :

56 1188 140 1215 Nemo
162 1189 277 1216 inventus
298 1194 334 1215 est
351 1189 459 1224 digmus,
473 1197 553 1223 neque
573 1189 599 1215 itt
622 1188 699 1221 coelo,
725 1196 804 1223 neque
826 1187 852 1214 in

57 1239 141 1268 terra,
159 1243 237 1269 neque
251 1236 320 1264 int'ro
336 1241 429 1263 terram
440 1256 448 1269 ‚
463 1235 562 1271 aperire
579 1235 671 1261 librum
682 1255 688 1267 ,
704 1235 753 1262 nisi
768 1235 806 1261 leo
821 1235 852 1261 dc

56 1282 120 1308 trihu
134 1281 214 1309 Iuda.

92 1328 118 1355 8.
141 1327 250 1355 Immisit
268 1336 329 1363 erqo
344 1327 469 1354 Dominus
486 1326 557 1354 Deus
573 1334 690 1362 soporem
704 1327 731 1352 in
746 1326 829 1352 Adam
843 1334 852 1358 ,-

57 1382 165 1408 cumque
190 1373 369 1405 obdormisset,
399 1373 458 1399 tulit
482 1381 559 1399 unam
583 1373 614 1399 de
637 1374 714 1398 costis
733 1373 804 1408 ejus,
827 1376 851 1398 et

55 1419 190 1454 aedificavit
203 1424 309 1452 costam,
325 1427 401 1453 quant
415 1419 506 1446 tulerat
520 1419 597 1454 271
607 1418 637 1445 de
650 1419 742 1451 Adam,
757 1419 783 1444 in
797 1426 851 1444 mu-

56 1466 152 1494 tterem.
178 1467 281 1494 Dormit
305 1466 408 1499 Adam,
432 1471 458 1494 et
479 1467 507 1493 lit
527 1467 564 1493 illi
586 1467 681 1494 mulier
702 1466 735 1493 de
757 1467 850 1494 latere.

56 1511 161 1539 Patitur
176 1512 299 1539 Christus
321 1511 347 1538 in
363 1519 442 1539 cruce
453 1533 459 1543 ,
478 1512 603 1546 pungitur
619 1512 687 1539 latus
704 1512 810 1544 lancea,
825 1516 852 1538 et

903 917 953 939 ctae
970 913 1114 945 Ecclesiae,
1132 918 1160 941 ut
1176 921 1242 948 pace
1257 913 1326 941 Novi
1346 914 1512 942 Testamenti
1534 920 1627 942 essent
1649 914 1701 941 duo

903 958 929 985 in
944 966 1025 986 carne
1041 967 1090 986 uua
1103 980 1110 992 ‚
1128 960 1188 994 quia
1204 968 1265 987 cum
1282 961 1316 987 sit
1332 960 1402 988 Deus
1417 961 1485 996 apud
1507 961 1612 988 Patrem
1623 982 1631 994 ,
1655 968 1703 995 pet·

903 1013 981 1039 quem
999 1005 1060 1032 iacti
1076 1013 1185 1038 sumus,
1203 1007 1288 1033 tactus
1309 1012 1351 1034 cst
1373 1015 1419 1041 per
1439 1015 1548 1034 carnem
1570 1007 1704 1042 particeps

904 1054 1005 1083 noster,
1024 1054 1052 1077 ut
1067 1050 1139 1077 illius
1152 1051 1248 1085 capitis
1263 1059 1360 1086 corpus
1377 1059 1438 1079 esse
1454 1052 1600 1087 possimus.

1214 1096 1327 1125 CAPUT
1349 1097 1392 1124 lV.

937 1176 941 1183 Ι
972 1143 1010 1169 De
1030 1143 1164 1177 proeceptis
1185 1143 1252 1176 Dei,
1274 1148 1297 1170 et
1316 1144 1482 1171 consensione
1500 1146 1635 1179 serpentis.

941 1190 1021 1224 272
1042 1190 1066 1216 t.
1088 1191 1147 1217 ,tam
1173 1190 1270 1217 dehinc
1295 1195 1458 1225 praeceptum
1470 1211 1478 1223 ,
1504 1191 1574 1225 quod
1600 1191 1704 1226 accepit

906 1235 1055 1269 figuraliter
1079 1237 1183 1266 Adam.
1206 1243 1255 1263 nos
1275 1237 1429 1271 accepimus
1452 1237 1478 1263 iu
1500 1236 1620 1269 Christo.
1641 1236 1703 1270 quia

907 1282 1090 1316 unusquisque
1106 1282 1276 1309 Christianus
1293 1289 1344 1308 non
1366 1283 1513 1317 incongrue
1534 1287 1621 1318 gestat
1642 1290 1703 1318 per-

903 1332 998 1352 sonam
1013 1326 1130 1358 Christi,
1155 1326 1261 1353 dicente
1284 1326 1345 1361 ipso
1361 1326 1494 1354 Domino:
1512 1327 1588 1361 Quod
1608 1328 1704 1363 fecistis

904 1372 948 1397 nni
963 1379 994 1398 ex
1009 1372 1123 1398 minimis
1136 1373 1198 1399 meis
1209 1393 1215 1404 ,
1232 1373 1294 1399 mihi
1309 1373 1406 1407 fecistis
1422 1373 1430 1408 (
1443 1373 1537 1400 Matth.
1555 1382 1619 1407 xxv,
1634 1374 1668 1401 40
1680 1374 1702 1410 ).

904 1418 1004 1445 Dicitur
1020 1426 1084 1454 ergo
1099 1419 1138 1446 illi
1154 1428 1160 1445 :
1179 1419 1221 1446 Ex
1235 1420 1305 1446 omni
1320 1420 1391 1454 liqno
1406 1421 1522 1455 paradisi
1535 1421 1650 1448 comede.
1664 1419 1704 1448 De

904 1466 974 1500 tigno
997 1471 1081 1492 autem
1095 1466 1208 1492 scientim
1224 1465 1282 1492 boni
1296 1471 1318 1493 et
1334 1467 1396 1493 mali
1411 1474 1442 1493 ne
1457 1466 1585 1494 comedas.

939 1511 966 1538 2.
988 1511 1146 1545 Praecipitur
1170 1511 1240 1538 enim
1257 1512 1333 1539 nohis
1349 1518 1376 1538 ut
1398 1512 1520 1540 truamur
1541 1514 1613 1540 omni
1628 1513 1702 1548 ligno

55 1556 194 1591 profluunt
207 1562 377 1584 sacramenta
393 1557 549 1592 sanguinis,
564 1564 595 1583 cx
612 1557 708 1591 quibus
723 1557 852 1584 formetur
867 1563 888 1593 C
907 1556 1044 1592 paradisi,
1071 1564 1124 1591 quo
1148 1557 1332 1591 significantur
1356 1557 1511 1592 spirituales
1532 1557 1635 1585 deliciae
1646 1578 1654 1591 ,
1669 1557 1704 1586 de

58 1601 188 1630 Ecclesia.
214 1602 287 1629 Hanc
309 1603 499 1630 dormitionem
522 1607 611 1630 cantat
636 1602 787 1637 Propheta,
809 1602 850 1629 di-

57 1655 120 1676 cens
134 1657 140 1675 z
157 1648 213 1683 qu
227 1649 350 1682 dormivi,
372 1654 395 1675 et
410 1650 510 1683 quievi,
525 1654 548 1676 et
563 1650 691 1676 returt'exi
703 1670 711 1683 ,
733 1649 853 1684 quoniam

57 1693 183 1721 Dominus
198 1695 328 1721 suscitavit
342 1703 380 1721 me
396 1693 508 1730 (Psatm.
524 1702 552 1722 ιιι
566 1715 572 1727 ,
586 1695 625 1730 6).

94 1740 122 1768 9.
143 1740 287 1775 Sequitur:
305 1740 337 1767 Et
353 1742 437 1775 posuit
448 1749 550 1767 carnem
570 1749 616 1775 pro
639 1749 678 1767 ea.
704 1739 750 1768 Sic
773 1741 853 1768 Chri-

62 1791 119 1814 stus
134 1794 240 1814 carnem
262 1794 336 1814 suam
362 1787 501 1814 moriendo
516 1789 604 1822 posuit
620 1788 646 1814 in
662 1788 780 1821 patibulo
794 1795 854 1815 cru-

61 1832 100 1859 cis
115 1839 163 1867 pro
177 1832 304 1859 Ecclesia.
321 1832 392 1858 Dixit
406 1840 503 1867 quoque
515 1832 618 1860 Adam:
632 1832 690 1860 Hoc
703 1842 771 1860 nunc
784 1841 811 1860 os
824 1842 855 1860 ex

62 1879 161 1905 ossibus
177 1878 238 1905 meis
250 1899 257 1911 ‚
271 1883 294 1905 et
309 1886 369 1905 coro
383 1878 413 1905 de
429 1887 504 1906 corne
519 1887 585 1906 mea.
606 1879 672 1913 Quia
694 1879 751 1907 sive
770 1881 855 1907 sancti

62 1925 215 1960 spirituales
237 1930 264 1952 et
293 1925 431 1953 fortissimi
447 1926 472 1952 in
496 1926 704 1960 tentationibus,
727 1927 783 1954 sive
806 1926 854 1953 mi-

63 1980 112 1999 nus
128 1971 254 2006 perfecti,
270 1973 377 2007 utrique
392 1979 474 1999 unum
489 1979 587 2007 corpus
607 1972 707 2000 Christi
724 1978 785 2000 sunt
798 1993 806 2005 ‚
830 1977 857 2000 et

63 2024 114 2044 una
131 2017 259 2044 Ecclesia.

98 2062 144 2090 to.
166 2062 230 2089 Hoec
244 2063 374 2090 vocabitur
387 2064 490 2098 virago,
505 2064 628 2099 quoniam
644 2064 675 2090 de
691 2065 743 2091 riro
757 2069 858 2098 sumpta

62 2112 109 2135 est.
124 2108 169 2136 Sic
183 2112 212 2136 et
231 2107 355 2136 Christus
369 2109 497 2137 Ecclesiae
519 2117 617 2137 nomen
639 2109 713 2136 dedit
727 2110 858 2137 Christia-

98 2176 125 2204 6.
146 2175 278 2211 Vulgata:
304 2177 387 2203 simile
410 2177 466 2204 sibi.
494 2177 527 2204 Et
551 2185 633 2212 mox,
663 2178 860 2212 Appellavitque

64 2211 146 2238 Adam
159 2230 166 2238 .
179 2230 187 2238 .
202 2232 209 2241 .
220 2218 243 2239 et
259 2212 375 2238 universa
390 2213 504 2239 volatilia
517 2213 588 2246 coeti,
611 2220 633 2239 et
658 2221 746 2240 omnes
767 2214 860 2240 bestius

905 1603 1001 1637 quibus
1027 1602 1064 1629 ait
1088 1603 1232 1636 Apostolus
1266 1612 1272 1629 ;
1296 1601 1409 1629 Fructus
1433 1607 1518 1629 autem
1537 1603 1644 1636 spiritus
1669 1607 1704 1630 est

906 1650 1016 1676 charitas
1031 1670 1038 1683 ,
1067 1650 1191 1685 gaudium
1208 1670 1215 1682 ,
1244 1657 1296 1683 pax
1308 1670 1315 1682 ‚
1346 1649 1527 1684 tonqam'mitas
1543 1669 1550 1683 ,
1579 1649 1679 1677 bonitas
1695 1672 1703 1682 .

905 1695 1073 1722 mansuetudo
1087 1715 1095 1728 ,
1107 1695 1264 1721 continentia
1276 1716 1283 1728 ,
1309 1696 1414 1721 castitas
1444 1694 1549 1730 (Galat.
1562 1696 1610 1731 v).
1628 1695 1705 1723 Sicut

907 1743 1052 1778 Apostolus
1067 1743 1142 1770 dicit.
1160 1743 1192 1770 Et
1208 1751 1260 1770 nou
1278 1747 1419 1778 tangamus
1442 1743 1543 1778 lignum
1565 1743 1592 1771 in
1613 1744 1704 1772 medio

907 1789 1022 1824 paradisi
1039 1789 1186 1824 plantatum
1202 1789 1320 1816 scientiae
1338 1789 1400 1816 boni
1415 1793 1443 1816 et
1457 1789 1536 1822 mali,
1553 1789 1580 1816 id
1594 1793 1634 1817 est
1645 1811 1653 1823 ,
1670 1797 1705 1818 ne

907 1835 1019 1862 velimus
1044 1834 1185 1869 superbire
1210 1834 1243 1861 de
1268 1838 1362 1862 natura
1386 1834 1491 1862 arbitrii
1516 1835 1619 1868 nostri,
1644 1843 1704 1870 quae

908 1880 994 1907 media
1010 1884 1060 1911 cst,
1079 1884 1125 1912 ut,
1141 1880 1245 1914 decepti
1261 1886 1308 1914 per
1323 1880 1474 1913 scientiam,
1490 1880 1663 1915 experiamur
1677 1885 1705 1909 et

909 1926 1019 1952 malum.
1037 1925 1156 1959 Serpens
1172 1929 1262 1952 autem
1281 1925 1325 1952 ille
1338 1945 1345 1958 ‚
1362 1925 1509 1959 sapientior
1522 1925 1641 1952 omnium
1657 1925 1705 1953 be-

909 1973 1040 2005 stiarum,
1063 1972 1164 1999 indicat
1186 1971 1336 2005 diabolum,
1363 1971 1407 2006 qui
1428 1971 1490 1999 inde
1510 1979 1624 2007 serpens
1639 1971 1704 2000 dici-

913 2023 956 2045 tur
973 2018 1043 2052 quod
1059 2017 1168 2045 volubili
1185 2022 1308 2044 versetur
1323 2017 1432 2045 astutia.

945 2065 972 2091 5.
994 2064 1047 2092 Sed
1067 2064 1128 2098 quid
1150 2067 1189 2090 est
1206 2063 1277 2098 quod
1294 2065 1351 2098 ipse
1367 2071 1415 2098 per
1428 2063 1567 2091 mulierem
1583 2063 1704 2099 decepit.

910 2114 938 2136 et
954 2116 1007 2136 non
1023 2116 1070 2144 per
1086 2109 1195 2136 virum?
1210 2108 1276 2142 Quia
1299 2116 1354 2136 non
1371 2114 1459 2143 potest
1473 2109 1541 2137 ratio
1557 2113 1647 2137 nostra
1661 2116 1706 2137 se-

911 2177 1000 2210 simus,
1017 2177 1088 2210 quod
1103 2176 1148 2203 alii
1164 2176 1290 2204 retinent.
1307 2177 1393 2204 Ansv.

948 2212 1013 2239 Car.
1034 2219 1070 2239 tv.
1092 2212 1123 2239 N.
1144 2211 1171 2239 Ι.
1191 2211 1252 2238 Jam
1271 2212 1363 2238 dehinc
1382 2217 1553 2247 praeceptum,
1570 2219 1654 2247 usque
1668 2212 1703 2240 ad

65 2251 148 2274 torroe.
172 2246 207 2274 Et
226 2247 294 2281 apud
316 2247 432 2275 lsaiam:
455 2247 490 2274 Et
509 2256 595 2275 seruos
614 2256 675 2275 suos
692 2249 791 2276 vocabit
812 2257 857 2276 no-
875 2251 900 2281 D
914 2249 974 2274 mihi
989 2247 1102 2283 fecistis,
1118 2247 1205 2281 ejusd.
1227 2247 1368 2282 Augustini
1389 2252 1452 2275 suut
1472 2248 1572 2282 verba,
1593 2255 1654 2287 cap.
1668 2247 1705 2274 25

63 2282 130 2309 mine
144 2282 206 2309 atio.
222 2284 309 2309 Anev.

99 2316 127 2344 7.
149 2317 176 2344 ln
197 2318 300 2352 psalmo
322 2326 428 2352 cxxxv,
451 2319 495 2353 qui
517 2326 530 2345 a
553 2319 661 2346 Breulio
683 2319 814 2347 indicatur
834 2325 861 2348 et

66 2351 231 2387 inscribitur,
248 2353 336 2380 Oratio
350 2354 400 2389 ipsi
414 2353 512 2386 David,
528 2361 599 2381 vers.
613 2354 646 2387 8,
661 2355 759 2382 dicitur
774 2363 781 2381 z
797 2355 859 2383 Non

68 2391 103 2413 est
118 2387 209 2427 simi-tis
224 2387 262 2414 tui
277 2388 305 2414 in
320 2388 379 2421 diis,
393 2389 513 2416 Domine.
527 2390 703 2425 Apocalypsis
723 2391 857 2418 sententia

67 2421 225 2481 exprimitur
238 2423 327 2450 verbis
341 2423 508 2459 aliquatenus
523 2425 705 2452 commutatis.
722 2425 811 2453 Anuv.

123 2476 130 2482 .
151 2455 236 2484 Verba
253 2458 346 2492 psalmi
365 2459 391 2486 in
409 2460 537 2501 Vulssata:
557 2459 613 2495 Ego
627 2460 752 2494 dormivi,
767 2465 792 2487 et
812 2469 856 2488 so-

67 2495 172 2553 porat?
196 2498 271 2525 sam,
293 2497 317 2519 et
338 2501 487 2530 exsurrexi,
511 2495 572 2531 quia
596 2494 724 2523 Dominus
745 2498 856 2529 suscepit

67 2533 118 2553 me.
159 2533 222 2553 nav.

104 2562 148 2588 to.
170 2561 232 2593 Quoe
253 2566 327 2590 erant
347 2562 375 2590 in
389 2563 505 2592 Ecclesia
529 2566 675 2601 proditura.
691 2564 835 2601 Profuturo
845 2587 854 2601 ,

69 2596 138 2631 apud
154 2595 264 2624 Bedam.
278 2596 376 2625 Gaul..

105 2629 175 2658 Itn'd.
198 2630 370 2665 Quamobrem
381 2633 525 2670 retiaque,
541 2642 626 2671 usque
644 2636 678 2664 ad
697 2645 790 2672 corpus
804 2645 858 2665 esse

70 2673 200 2701 possemus
210 2686 218 2700 ,
241 2673 274 2694 ex
296 2667 357 2694 eod.
381 2669 398 2694 A
457 2669 520 2698 stini
534 2670 581 2698 tu».
592 2691 600 2703 ‚
623 2677 682 2706 cap.
705 2671 755 2704 tt,
770 2673 812 2705 vet
825 2680 858 2699 ex

68 2706 112 2729 xit
123 2705 211 2730 contr.
227 2701 331 2735 Faust„
345 2709 404 2737 cap.
449 2711 457 2736 ;
469 2705 612 2740 utrobique
623 2707 695 2734 enim
709 2708 804 2735 eadem
819 2707 857 2735 le-

69 2741 179 2800 guntur,
190 2741 270 2772 atque
282 2740 426 2773 utrumque
439 2739 524 2766 locum
536 2739 588 2767 sihi
602 2742 773 2776 proposuisse
784 2741 859 2770 vide-

124 2770 251 2802 isidorus.
260 2771 370 2807 Legitur
378 2779 442 2800 vero
453 2778 508 2802 tam
518 2773 588 2808 apud
594 2775 771 2809 Augustiana)
781 2783 859 2811 auam

19 2831 21 2834 ,
64 2806 141 2843 ,apud
153 2807 264 2837 Paulum
277 2815 308 2842 pr
342 2811 379 2836 ter
390 2806 454 2842 hoc,
469 2816 522 2836 uon
533 2810 706 2844 quamobrem.
719 2810 814 2841 Gmr..

105 2838 176 2871 tnta.
196 2841 313 2871 Griatius
335 2850 352 2872 u
365 2847 429 2872 nota
442 2851 596 2879 possessum·
609 2845 658 2874 secl
671 2845 699 2874 in
713 2849 788 2875 textu
800 2855 860 2883 pos·

914 2283 960 2311 lib.
978 2291 994 2310 tt
1009 2288 1083 2310 cont.
1101 2283 1216 2309 tttanich.
1233 2283 1299 2315 Quae
1311 2287 1375 2310 ante
1390 2284 1447 2310 haec
1466 2282 1590 2317 leguntur
1605 2290 1631 2309 ιιι
1648 2283 1704 2316 ple-

913 2319 1003 2354 risque
1016 2318 1107 2351 libris,
1124 2317 1187 2344 Post
1202 2318 1255 2345 hoec
1268 2323 1372 2344 vocatur
1387 2317 1475 2349 Heca,
1490 2322 1555 2349 etc..
1573 2325 1626 2344 non
1641 2321 1705 2345 sunt

912 2355 990 2388 hujus
1006 2354 1055 2381 loci
1067 2374 1075 2384 .
1089 2353 1137 2381 sed
1151 2353 1247 2387 capitis
1262 2354 1330 2380 sexti
1347 2352 1418 2388 (imo
1433 2352 1534 2387 quinti)
1551 2352 1596 2380 ubi
1611 2352 1704 2380 eadem

912 2390 1023 2417 totidem
1039 2389 1129 2415 verbis
1145 2392 1290 2423 potnmtur.
1307 2387 1403 2415 Gutst..

948 2424 1018 2452 Ibid.
1040 2423 1117 2450 Omni
1128 2423 1199 2457 liquo
1213 2422 1345 2457 paradisi,
1360 2429 1444 2457 usque
1456 2421 1490 2449 ad
1505 2422 1670 2456 experiamur
1682 2427 1707 2450 et

914 2461 1025 2490 mutum.
1041 2466 1074 2485 ex
1097 2459 1158 2485 eod.
1175 2457 1316 2492 Augustini
1331 2457 1402 2484 loco.
1419 2457 1496 2490 Quod
1515 2462 1604 2484 autem
1619 2457 1708 2492 Augu-

909 2496 995 2522 stinus
1007 2494 1126 2526 dixerat,
1141 2500 1172 2519 ne
1183 2494 1303 2519 vellemus
1313 2492 1445 2526 superbire
1458 2492 1489 2519 de
1501 2497 1593 2519 »natura
1606 2497 1705 2525 nostra,

910 2531 1026 2557 lsidorus
1041 2529 1232 2561 interpretatus
1245 2531 1287 2554 est
1309 2528 1344 2554 de
1363 2531 1459 2555 natura
1475 2526 1582 2555 arbitrii
1603 2528 1704 2562 nostri,

909 2565 979 2601 quod
994 2568 1022 2591 et
1035 2563 1158 2597 superius
1175 2562 1283 2590 fecerat.
1301 2562 1396 2589 Gtttu..

945 2600 1015 2627 Ibid.
1038 2598 1066 2626 Ιιι
1086 2602 1177 2625 nostra
1193 2597 1303 2633 Vulgata
1316 2606 1323 2623 τ
1348 2597 1469 2630 Quandiu
1490 2597 1583 2633 [xistis
1606 2598 1652 2633 tms‘
1675 2606 1708 2626 es

911 2636 950 2663 his
965 2634 1086 2671 fratribus
1099 2633 1161 2660 meis
1173 2633 1300 2666 minimis,
1315 2631 1376 2659 mihi
1390 2633 1496 2666 fecistis.
1511 2634 1600 2662 Διιν.

946 2671 975 2698 2.
995 2670 1107 2710 Serpens
1127 2672 1230 2700 autem.
1253 2675 1336 2708 usque
1355 2668 1388 2695 ad
1410 2669 1523 2702 astutia.
1544 2677 1577 2696 ex
1592 2675 1653 2705 cat).
1669 2667 1705 2696 24

912 2703 1593 2779 ψίεἱέῗιἱῖὴὶι3ᾦὲ’Ἇῗοὲἷῗιωῧᾴιξῖἕιὶἶοηηιιιιι
1606 2739 1704 2770 variat.

913 2777 990 2812 Quod
1001 2775 1118 2804 additur,
1126 2779 1190 2800 ιιι-ιιι
1198 2773 1334 2808 Apostolus
1345 2772 1418 2808 dtm,
1426 2781 1479 2802 nou
1491 2780 1556 2809 puto
1565 2773 1598 2805 ad
1607 2782 1706 2812 unqu·

914 2821 927 2840 s
963 2814 1061 2838 uantur
1075 2808 1184 2841 reterri.
1213 2808 1260 2835 sed
1273 2809 1306 2835 ad
1320 2815 1350 2836 ea
1364 2815 1424 2844 quae
1433 2808 1603 2844 praecedun't.
1617 2814 1705 2840 Asin.

929 2819 978 2875 ct}-
999 2845 1053 2873 Sed
1066 2844 1129 2880 qtu‘d
1145 2847 1197 2878 est,
1212 2843 1342 2880 quodam
1355 2844 1502 2879 muttum,
1519 2852 1604 2882 usquc
1617 2847 1651 2875 nd
1665 2850 1706 2876 u-
