1832 3016
163 193 212 222 711

672 186 700 214 S.
723 184 847 214 tStDOttt
867 183 1089 213 tttSPALENSts
1106 183 1257 212 Erlscort

1731 184 1784 213 “tta

197 247 223 274 5.
244 244 316 273 Multi
331 246 392 270 sunt
404 241 448 277 qui
464 241 490 268 in
505 241 587 268 verbo
598 240 727 268 doctrinae
741 248 794 268 non
809 239 923 267 humiles
934 260 942 274 ‚
957 241 985 269 A
1000 238 1098 271 benda.
1113 239 1160 266 sed
1175 247 1224 274 pro
1245 239 1374 275 qualitate
1388 247 1492 267 morum
1511 240 1616 269 diversa
1631 241 1785 271 exhortatio
1828 243 1832 255 ¹

162 291 208 319 sed
233 292 388 323 arrogantes
407 287 541 319 existunt,
556 287 655 322 quique
668 291 696 314 et
709 287 767 321 ipsa
792 292 868 314 recta
887 294 947 321 quae

163 334 319 370 praedicant,
334 340 387 360 non
401 332 489 360 studio
504 331 681 359 correctionis
691 352 699 365 ,
714 332 762 359 sed
776 331 840 360 vitio
851 332 947 360 elatio-

161 380 201 407 nis
217 378 383 406 annuntiant.

193 424 221 451 4.
235 423 311 451 Multi
334 427 397 451 sunt
410 423 455 458 qui
474 429 529 449 non
541 429 574 450 ex
585 423 709 450 consulto
723 423 884 456 aedificandi,
899 424 947 452 sed

159 476 191 497 ex
208 473 311 496 tumore
331 467 501 502 superbiendi
521 467 635 500 docent;
661 476 711 496 nec
725 473 754 496 ut
778 470 883 504 prosint
901 477 947 498 sa-

163 516 264 551 pientes
278 519 352 548 sunt‚
371 515 418 542 sed
434 518 463 541 ut
477 514 612 549 sapientes
627 515 767 544 videantur
779 516 877 545 docere
890 522 947 546 stu-

161 563 233 590 dent.

195 607 222 634 5.
240 606 288 634 Est
310 606 422 634 imitatio
448 614 528 641 prava
556 608 737 642 arrogantium
760 609 945 643 sacerdotum,

159 659 206 687 per
225 659 303 686 quam
320 652 460 678 imitantur
473 656 580 680 sanctos
592 653 678 687 rigore
693 653 851 687 disciptinae.
865 658 891 681 et
904 661 948 681 se-

159 697 203 732 qui
220 696 359 732 negligunt·
376 697 515 724 charitatis
528 697 669 724 allectione
685 707 691 723 :
709 697 792 725 videri
808 697 900 725 volunt
915 698 948 724 ri-

158 742 212 777 gidi
228 742 382 775 severitate,
405 747 432 769 et
446 742 558 770 sormam
580 743 736 770 humilitatis
750 749 876 778 praestare
898 751 947 771 ne-

159 792 271 824 queunt,
287 792 314 815 ut
328 788 412 822 magis
427 789 560 816 terribiles
579 796 657 823 quam
681 789 760 816 mites
773 789 945 823 aspiciantur.

195 834 221 861 ὓ.
237 834 349 868 Superbi
364 834 488 862 doctores
507 835 647 862 vulnerare
659 835 746 870 potius
759 843 838 869 quam
854 843 948 862 emen-

160 880 225 907 dare
237 885 344 912 norunt,
358 881 438 916 329
449 881 593 908 Salomone
602 885 746 908 attestante
756 880 805 908 :In
821 889 863 908 ore
877 882 948 908 stulti

999 286 1050 312 erit
1062 286 1214 314 doctorum.
1229 287 1294 315 Nam
1307 287 1435 323 quosdam
1452 288 1534 324 330
1547 289 1693 325 increpatio
1705 291 1783 325 dut-a¹

999 331 1131 366 quosdam
1143 339 1208 359 vero
1223 333 1374 361 exhortatio
1385 335 1495 369 corrigit
1508 335 1615 363 blanda.

1033 377 1061 404 2.
1082 378 1158 406 Sicut
1181 379 1259 413 periti
1274 380 1372 408 medici
1385 381 1419 408 ad
1436 382 1524 409 varios
1538 383 1659 417 corporis
1678 383 1786 412 morbos
1825 390 1832 406 ¹

999 424 1107 453 diverso
1123 426 1297 467 medicamine
1318 430 1447 461 servIunt,
1464 429 1499 456 ita
1515 435 1543 457 ut
1555 430 1630 464 juxta
1644 431 1785 460 vulnerum

1000 471 1141 499 varietates
1154 473 1286 501 medicina
1298 475 1403 503 diversa
1422 476 1468 510 sit,
1482 476 1521 503 sic
1534 480 1561 504 et
1580 477 1674 505 doctor
1694 478 1787 510 Eccle-

998 517 1047 544 siae
1058 518 1169 553 singulis
1179 520 1329 555 quibusque
1338 528 1483 556 congruum
1495 522 1625 550 doctrinae
1638 524 1785 553 remedium

999 563 1157 597 adhibebit,
1182 565 1286 599 etquid
1300 566 1396 600 cuique
1407 571 1540 600 oporteat,
1557 575 1604 603 pro
1629 573 1719 604 aetate,
1735 577 1786 605 pro

999 615 1066 635 sexu
1082 615 1113 635 ac
1127 608 1294 643 professione
1309 612 1487 639 annuntiabit.

1035 653 1061 679 5.
1082 653 1140 680 Non
1158 654 1282 682 omnibus
1310 662 1341 682 ea
1369 663 1428 690 quae
1452 656 1541 684 clausa
1557 661 1620 685 sunt
1642 659 1786 693 aperienda

999 703 1071 726 sunt.
1086 699 1159 726 Multi
1171 705 1232 726 sunt
1244 700 1316 727 enim
1330 700 1374 735 qni
1385 708 1483 736 cepere
1493 709 1546 730 non
1560 705 1787 739 possunt‚quibus

1000 743 1023 770 si
1050 743 1197 772 indiscrete
1213 744 1429 778 manifestentur,
1454 746 1546 774 statim
1569 752 1614 775 aut
1633 748 1786 784 detrahunt.

999 794 1045 816 aut
1055 790 1202 825 negligunt.

1035 835 1061 861 t.
1083 834 1171 862 Prima
1187 836 1285 871 quippe
1298 836 1447 871 prudentiae
1468 838 1551 866 virtus
1565 843 1618 872 est,
1634 847 1693 868 eam
1707 849 1786 876 quam

999 879 1097 907 docere
1107 885 1230 915 oporteat
1238 881 1371 909 aestimare
1380 890 1531 916 personam.
1539 884 1658 912 Rudibus
1668 887 1785 921 populis,

159 926 231 961 vit³qa
254 926 378 960 superbire
402 926 536 959 (Prot-ert.
561 934 615 960 xiv,
639 927 680 961 5),
701 928 763 961 quia
786 927 947 962 increpando
962 933 988 963 Β
1001 933 1048 953 seu
1069 923 1231 958 carnalibus,
1248 926 1327 960 plana
1339 931 1421 962 atque
1440 930 1602 962 communia,
1616 938 1669 958 non
1683 939 1786 959 summa

159 972 245 1006 rigide
260 971 368 1004 feriunt,
387 976 414 999 et
429 973 545 1006 compati
561 973 699 1000 humiliter
712 973 846 1000 nesciunt.

195 1016 221 1042 7.
243 1017 314 1044 Bene
336 1017 415 1044 alieni
432 1018 533 1052 peccati
553 1019 670 1045 curanda
687 1018 749 1045 vitia
764 1018 884 1052 suscipit,
899 1019 945 1052 qui

160 1060 210 1088 hoc
230 1068 262 1088 ex
283 1062 372 1089 cordis
385 1062 528 1090 dilectione
541 1068 567 1091 et
585 1064 678 1091 humili
690 1065 855 1091 conscientia
870 1064 944 1092 facit.

159 1105 294 1133 Caeterum
304 1107 347 1141 qui
358 1107 558 1142 delinquentem
570 1109 688 1144 superbo
699 1109 742 1137 vel
753 1109 847 1136 odioso
857 1110 946 1136 animo

158 1151 278 1187 corripit,
303 1160 356 1180 non
370 1154 503 1187 emendat,
517 1155 564 1182 sed
579 1155 703 1190 percutit.
721 1155 854 1190 Quidquid
873 1156 945 1183 enim

157 1203 310 1232 protervus,
325 1199 367 1226 vel
387 1200 539 1235 indignatus
561 1201 665 1228 animus
684 1201 836 1236 protulerit,
852 1201 944 1237 objur-

158 1244 243 1279 gantis
256 1244 330 1272 furor
342 1251 394 1279 est,
408 1254 460 1274 non
476 1247 584 1274 dilectio
599 1247 766 1282 corrigentis.

452 1303 564 1330 CAPUT
584 1303 661 1331 XLli.

351 1358 391 1386 De
403 1359 545 1387 humilitate
559 1361 765 1396 proepost'torum.

195 1415 218 1441 l.
240 1415 289 1448 Qui
309 1415 453 1449 praelicitur
471 1417 504 1442 ad
517 1417 648 1451 regimen.
676 1418 764 1445 taliter
785 1425 847 1452 erga
863 1418 943 1446 disci-

157 1459 256 1495 plinam
268 1460 434 1488 subditorum
454 1465 583 1495 praestare
593 1468 622 1488 se
636 1461 727 1494 debet,
743 1466 771 1488 ut
790 1470 842 1489 non
855 1463 942 1489 solum

157 1505 327 1539 auctoritate,
353 1513 444 1533 verum
460 1506 539 1533 etiarn
566 1506 716 1534 humilitate
730 1508 870 1535 clarescat.
890 1507 943 1535 Sed

158 1557 245 1580 tamen
270 1553 305 1579 ita
320 1553 370 1580 erit
387 1553 412 1579 in
429 1560 461 1580 eo
478 1553 559 1580 virtus
575 1554 743 1587 humilitatis,
765 1562 798 1581 ne
812 1554 943 1582 dissolva-

154 1603 198 1625 tur
217 1598 270 1625 vita
292 1598 458 1625 subditorum
487 1598 513 1624 in
529 1598 618 1631 vitiis;
635 1602 715 1633 atque
740 1599 776 1626 ita
796 1600 941 1628 auctoritas
953 1612 977 1643 C
993 1615 1111 1643 sessione
1126 1615 1289 1650 nigrescere,
1303 1619 1341 1648 et,

153 1644 239 1672 aderit
261 1645 410 1679 potestatis,
427 1652 461 1672 ne
475 1652 524 1679 per
547 1649 678 1673 tumorem
701 1646 791 1673 cordis
810 1648 939 1675 severitas

153 1691 250 1719 existat
272 1690 516 1718 immoderationis,
533 1690 594 1718 llaec
606 1696 647 1718 est
661 1691 732 1718 enim
748 1691 775 1718 in
792 1693 839 1720 Dei
851 1700 940 1721 sacer-

153 1738 260 1766 dotibus
281 1745 344 1766 vera
359 1737 496 1770 discretio,
523 1745 573 1772 qua
596 1745 646 1765 nec
660 1745 708 1772 per
723 1738 872 1765 libertatem
896 1745 941 1766 su-

154 1785 240 1820 perbi,
262 1792 311 1812 nec
332 1792 380 1819 per
400 1783 577 1811 humilitatem
603 1784 708 1812 remissi
728 1789 799 1811 sunt.
820 1784 887 1812 Hinc
900 1789 942 1812 est

155 1830 226 1866 quod
237 1830 321 1857 sancti
332 1837 394 1857 cum
407 1830 487 1857 multa
499 1830 648 1856 constantia
660 1829 851 1864 redarguerunt
860 1830 940 1857 etiam

155 1877 303 1912 principum
320 1876 395 1909 vitia,
412 1876 440 1903 in
455 1876 551 1910 quihus
570 1883 631 1903 cum
647 1883 749 1903 summa
764 1880 835 1903 esset
854 1875 941 1903 humi-

154 1923 226 1954 litas,
253 1922 312 1949 loco
339 1927 426 1949 tamen
450 1922 601 1950 necessario
621 1922 704 1949 libere
731 1926 942 1957 transgressores

153 1967 262 2003 iustitiae
276 1967 458 2002 increpabant.

190 2014 217 2040 2.
234 2014 383 2049 Aliquando
407 2013 487 2042 etiam
511 2013 625 2041 subditis
653 2021 703 2041 nos
725 2017 832 2048 oportet
851 2014 941 2041 animo

155 2067 217 2088 esse
232 2059 399 2092 humiliores.
413 2060 538 2095 quoniam
555 2060 624 2087 sacta
641 2059 810 2087 subditorum
820 2059 942 2095 judican-

156 2109 199 2132 tur
209 2113 224 2132 a
236 2105 323 2137 nobis,
339 2108 433 2132 nostra
448 2112 512 2132 vero
528 2105 716 2138 Deusjudicat.

191 2149 218 2175 5.
241 2151 375 2183 Agnoscat
390 2150 530 2184 episcopus
542 2158 650 2178 servum
661 2159 691 2178 se
705 2158 764 2178 csse
779 2151 875 2184 plebis,
889 2158 942 2178 non

156 2195 310 2228 dominum
326 2203 419 2224 verum
434 2196 485 2223 hoc
503 2196 630 2228 charitas,
645 2204 698 2223 non
711 2196 828 2224 conditio
848 2196 940 2232 exigit.

440 2260 551 2289 CAPUT
571 2260 660 2287 XLlll.

372 2307 411 2334 De
424 2307 546 2334 doctrina:
560 2306 721 2333 discretione.

195 2357 221 2384 1.
240 2354 298 2397 Non
313 2354 437 2383 omnihus
455 2361 508 2381 una
523 2352 669 2387 eademque
682 2350 804 2379 doctrina
819 2355 861 2379 est
871 2350 944 2379 adhi-

195 2453 222 2480 5.
245 2451 334 2479 videri
344 2451 440 2484 volunt,
454 2455 507 2478 etc.
519 2449 618 2477 Locum
629 2456 692 2476 vere
703 2454 812 2475 aureum
823 2447 943 2475 animad-

159 2488 315 2517 vertendum
339 2490 430 2513 monet
440 2485 594 2512 Venustus.
610 2485 694 2511 Ansv.

195 2524 222 2552 6.
242 2522 366 2558 Gregor„
381 2521 427 2548 lib.
443 2528 505 2548 xxtv
518 2520 622 2552 morat„
636 2526 694 2554 cap.
705 2517 733 2546 9.
748 2517 874 2546 Proverh.
888 2525 942 2546 xiv.

159 2560 268 2588 Loust.

195 2595 260 2622 Car.
276 2600 341 2620 xmt.
357 2591 390 2619 N.
411 2591 438 2619 1.
452 2591 545 2626 Greg..
563 2590 610 2618 lib.
625 2589 718 2617 uorat.
735 2595 809 2621 xxvi,
822 2594 881 2623 cap.
899 2587 944 2622 19,

161 2634 188 2657 et
203 2633 270 2663 past.
281 2628 359 2655 Curae
374 2631 443 2660 part.
458 2634 488 2659 ιι,
502 2633 563 2660 cap.
578 2625 606 2652 6.
620 2624 732 2652 Lausi.
916 2657 924 2663 ι

197 2665 260 2692 Cir.
281 2669 355 2690 xtm.
376 2661 407 2688 N.
425 2661 451 2688 ¹.
478 2661 600 2696 Gregor..
625 2659 671 2687 lib.
696 2662 797 2694 pastor.
821 2656 897 2686 Curae
915 2665 943 2685 m

161 2700 264 2735 prolog.
282 2698 391 2725 Loatst.
753 2729 758 2735 ⁸

113 2731 129 2766 ’.ξ
197 2734 224 2762 4.
244 2733 308 2765 Alii.
323 2735 353 2759 ut
366 2731 429 2760 vitia
442 2739 535 2761 eorum
550 2737 692 2766 moresque
703 2729 867 2762 desiderant,
876 2727 942 2756 edo-

161 2769 227 2796 ceri.
241 2770 326 2796 Αιιν.

197 2803 224 2830 5.
240 2802 407 2836 Aristoteles,
425 2803 472 2831 lib.
486 2810 512 2830 vi
525 2802 560 2830 de
573 2800 642 2829 nist.
656 2799 779 2832 animal„
799 2805 831 2826 ca
852 2817 860 2826 .
872 2797 900 2831 5,
915 2801 944 2826 et

163 2835 286 2871 Gregor„
303 2837 348 2865 lib.
365 2843 417 2866 nx
431 2837 539 2869 Uoral„
553 2845 580 2864 c.
590 2837 618 2870 8,
634 2835 680 2864 ubi
691 2833 820 2869 exponiti
840 2832 876 2861 ud
892 2832 944 2874 Joh

165 2878 236 2898 xxxv
252 2879 258 2896 ι
274 2871 339 2904 Quis
352 2877 481 2907 preparat
493 2879 568 2899 corvo
580 2878 662 2898 escam
674 2877 749 2897 attam
760 2867 864 2904 quando
925 2868 944 2895 lt

163 2906 218 2943 ejus
233 2905 345 2934 clamant
358 2907 392 2934 art
405 2906 500 2941 Deum,
510 2906 623 2934 clamant
634 2908 764 2944 meantes,
773 2910 804 2931 co
893 2910 946 2933 iton

956 2299 984 2329 D
997 2303 1037 2330 nei
1047 2307 1106 2329 sunt
1118 2307 1142 2329 et
1154 2303 1220 2329 alios
1229 2302 1321 2329 docere
1332 2300 1378 2336 (11
1389 2300 1456 2328 Tim.
1470 2308 1500 2333 ιι,
1511 2301 1552 2335 2).

999 976 1079 1006 atque
1093 971 1175 998 ardua
1202 972 1371 1006 praedicanda
1390 977 1460 1006 sunt,
1477 981 1511 1001 ne
1526 974 1706 1004 immensitate
1729 977 1788 1005 doc-

1000 1017 1076 1044 trinae
1089 1017 1273 1051 opprimantur
1289 1018 1378 1052 potius
1392 1026 1471 1053 quam
1493 1019 1659 1049 erudiantur.
1672 1021 1746 1050 Unde
1758 1027 1787 1050 et

997 1062 1096 1089 Paulus
1118 1062 1254 1096 apostolus
1272 1064 1309 1090 ait
1329 1063 1413 1090 :Non
1433 1065 1506 1097 potui
1533 1065 1601 1092 vobis
1623 1066 1693 1101 loqui
1714 1069 1787 1102 quasi

997 1107 1173 1142 spiritualibus
1185 1127 1193 1141 ‚
1218 1108 1263 1134 sed
1278 1108 1350 1142 quasi
1366 1109 1520 1142 carnalibus,
1536 1114 1653 1145 tanquam
1674 1113 1787 1146 parvulis

997 1153 1024 1179 in
1038 1152 1138 1180 Christo
1151 1154 1190 1180 lac
1203 1153 1272 1180 vohis
1282 1158 1371 1189 potum
1381 1155 1451 1188 dedi,
1469 1163 1519 1182 non
1534 1163 1618 1183 escam
1630 1156 1655 1192 (1
1673 1157 1731 1184 Cor.
1745 1166 1785 1192 ιιι,

998 1200 1025 1232 1,
1041 1199 1081 1235 2).
1094 1199 1250 1227 Carnalibus
1263 1200 1361 1234 quippe
1385 1201 1491 1233 animis,
1510 1208 1560 1229 nec
1575 1202 1628 1229 alta
1647 1203 1725 1231 nimis
1752 1205 1786 1232 de

997 1245 1160 1278 coelestibus,
1176 1252 1225 1272 nec
1238 1250 1343 1272 terrena
1362 1246 1486 1273 convenit
1502 1246 1660 1281 praedicare,
1674 1247 1721 1275 sed
1735 1256 1787 1276 me-

997 1291 1136 1324 diocriter,
1151 1295 1180 1318 ut
1191 1290 1266 1318 initia
1278 1297 1371 1318 eorum
1384 1298 1527 1326 moresque
1542 1292 1706 1329 desiderant,
1720 1294 1786 1322 edo-

997 1345 1067 1365 cere.

1033 1383 1059 1410 5.
1077 1382 1190 1415 Corvus,
1206 1382 1271 1409 dnm
1296 1389 1359 1410 suos
1378 1381 1464 1416 pullos
1479 1382 1578 1410 viderit
1592 1383 1646 1411 albi
1670 1383 1784 1418 coloris,

996 1429 1078 1456 nullis
1092 1437 1139 1457 eos
1154 1429 1222 1457 cibis
1232 1429 1295 1463 alit,
1310 1429 1357 1455 sed
1377 1430 1541 1457 tantumdem
1561 1431 1685 1465 attendit,
1699 1431 1786 1460 donec

996 1481 1108 1510 paterno
1119 1476 1210 1503 colore
1223 1475 1385 1510 nigrescant,
1400 1479 1427 1502 et
1441 1475 1480 1502 sic
1495 1475 1555 1503 illos
1577 1477 1711 1511 frequenti
1724 1478 1784 1515 cibo

998 1522 1099 1554 reficit;
1116 1521 1152 1549 ita
1165 1525 1192 1548 et
1207 1521 1334 1548 Ecclesiae
1346 1521 1440 1548 doctor
1451 1525 1587 1555 strenuus,
1595 1522 1646 1549 nisi
1658 1530 1705 1550 eos
1715 1531 1784 1557 quos

995 1567 1073 1594 docet
1086 1566 1181 1594 viderit
1193 1566 1227 1593 ad
1239 1573 1314 1594 suam
1330 1566 1530 1594 similitudinem
1543 1567 1705 1602 poenitentiae
1719 1577 1783 1598 con-

1357 1615 1445 1644 nitore
1461 1616 1581 1644 saeculari
1596 1616 1729 1652 deposito,
1744 1617 1782 1645 la·

993 1661 1165 1689 mentationis
1177 1661 1294 1688 habitum
1306 1661 1340 1688 de
1349 1662 1450 1696 peccati
1462 1663 1648 1690 recordatione
1658 1663 1779 1698 induere,

992 1711 1073 1741 upote
1087 1706 1174 1734 adhuc
1189 1706 1377 1739 exterioribus,
1395 1707 1446 1734 hoc
1465 1711 1522 1739 est,
1549 1707 1709 1741 carnalibus,
1726 1715 1779 1735 non

992 1752 1079 1787 aperit
1091 1751 1273 1786 intelligentiae
1296 1752 1443 1786 spiritualis
1456 1752 1628 1786 profundiora
1642 1752 1777 1788 mysteria,

993 1807 1027 1826 ne
1053 1798 1115 1825 dum
1139 1797 1228 1825 audita
1248 1805 1301 1825 non
1320 1798 1444 1832 capiunt,
1476 1799 1548 1833 prius
1567 1798 1694 1833 incipiant
1714 1805 1779 1826 cou—

994 1851 1113 1872 temnere
1126 1851 1205 1879 quam
1224 1845 1347 1871 venerari
1363 1844 1486 1871 mandata
1499 1844 1628 1872 coelestia.

1028 1890 1055 1917 6.
1070 1890 1156 1917 Aliter
1165 1894 1207 1917 est
1218 1889 1350 1924 agendum
1360 1897 1423 1924 erga
1436 1897 1483 1917 eos
1496 1890 1542 1925 qui
1555 1895 1648 1918 nostro
1659 1891 1781 1919 commit-

993 1940 1085 1964 tuntur
1109 1935 1244 1971 regimini,
1259 1937 1281 1963 si
1302 1935 1449 1969 offendunt,
1470 1940 1549 1970 atque
1572 1936 1650 1964 aliter
1662 1944 1722 1964 cum
1738 1936 1780 1965 his
1828 1958 1832 1959 ⁷

993 1984 1037 2018 qui
1053 1983 1129 2010 nobis
1143 1982 1280 2009 commissi
1294 1989 1347 2009 non
1357 1987 1435 2014 sunt;
1450 1982 1528 2017 331
1539 1982 1584 2017 qui
1600 1983 1622 2010 si
1632 1982 1695 2017 Iusti
1706 1986 1777 2017 sunt,

993 2028 1139 2056 venerandi
1155 2031 1233 2060 sunt;
1249 2027 1271 2055 si
1286 2034 1351 2055 vero
1370 2027 1536 2062 delinquunt,
1558 2035 1606 2062 pro
1620 2027 1677 2055 sola
1690 2027 1780 2056 ehari-

994 2080 1058 2108 tate,
1072 2079 1101 2102 ut
1112 2075 1186 2102 locus
1202 2079 1252 2107 est,
1269 2074 1431 2109 corripiendi
1443 2079 1515 2107 sunt,
1539 2082 1593 2102 non
1612 2079 1700 2102 tamen
1718 2082 1780 2103 cum
1810 2093 1815 2098 -

993 2122 1146 2154 severitate,
1159 2122 1227 2148 sicut
1246 2120 1273 2147 lii
1287 2120 1333 2155 qui
1345 2119 1421 2147 nobis
1433 2119 1540 2155 regendi
1554 2120 1690 2148 commissi
1704 2124 1779 2148 sunt.

1030 2167 1057 2194 7.
1078 2167 1156 2194 Prius
1169 2165 1281 2194 docendi
1295 2170 1358 2194 sunt
1377 2165 1496 2194 seniores
1511 2166 1605 2200 plebis,
1621 2169 1651 2193 ut
1665 2173 1711 2200 per
1731 2172 1780 2194 eos
1830 2168 1832 2170 '

995 2213 1062 2240 intra
1078 2212 1157 2247 positi
1172 2212 1277 2240 facilius
1286 2212 1446 2240 doceantur.
1463 2211 1539 2239 Unde
1561 2215 1588 2239 et
1613 2211 1777 2246 Apostolus:

996 2258 1070 2290 Haec,
1091 2258 1185 2292 inquit,
1200 2258 1349 2284 commenda
1363 2257 1508 2284 hominibus
1521 2256 1650 2291 fidelibus,
1660 2258 1705 2293 qui
1721 2257 1780 2285 ido·
1824 2272 1832 2311 Ι

1031 2348 1058 2376 8.
1078 2348 1215 2383 lngenium
1232 2347 1295 2374 boni
1313 2345 1430 2374 doctoris
1444 2349 1487 2374 est
1499 2345 1650 2381 incipientis
1662 2353 1678 2374 a
1694 2346 1782 2375 laudi·
1808 2330 1823 2363 λ’

994 2447 1104 2474 trabeam
1119 2446 1208 2473 cibos?
1222 2445 1257 2472 Et
1279 2443 1344 2471 illud
1367 2444 1463 2479 psalm.
1482 2452 1560 2472 cxtvt
1576 2453 1584 2472 ε
1601 2445 1650 2477 Qut
1673 2446 1719 2473 dat
1747 2447 1754 2454 ⁸

995 2482 1085 2509 mentis
1100 2489 1182 2508 escam
1197 2481 1319 2515 ipsorum,
1332 2483 1356 2506 et
1371 2479 1448 2514 pullis
1461 2487 1594 2507 corvorum
1607 2481 1731 2508 invocanti·
1748 2490 1779 2509 tte

994 2524 1062 2543 eam.
1081 2516 1219 2550 Affirmant
1238 2522 1281 2542 eos
1300 2514 1421 2541 diuinum
1435 2515 1539 2546 nutriri.
1561 2515 1632 2548 duint,
1648 2515 1723 2543 veluti
1737 2524 1780 2544 uo·

996 2552 1033 2578 tm
1047 2556 1070 2578 et
1090 2551 1235 2586 degeneres.
1250 2549 1281 2576 ob
1294 2549 1432 2576 albicantes
1442 2549 1541 2584 plumas
1554 2558 1570 2576 a
1583 2550 1728 2585 parentibus
1739 2558 1779 2579 tto-

995 2586 1135 2621 anguntur.
1150 2584 1249 2612 Ferunt
1262 2589 1395 2618 proeterra,
1408 2591 1554 2612 muscarum
1572 2583 1701 2617 alimento.
1721 2593 1780 2621 qttoe

994 2629 1047 2649 me
1059 2621 1222 2648 clamantium
1237 2620 1264 2646 in
1278 2627 1323 2646 ora
1337 2620 1465 2653 iugerum,
1482 2619 1587 2654 provida
1605 2619 1654 2646 Dei
1665 2620 1786 2656 benigni*

995 2661 1046 2684 tate
1059 2655 1208 2684 sustentari.
1225 2654 1296 2683 ldetn
1310 2654 1527 2690 chrysostomus,
1540 2653 1707 2690 anthymius,
1718 2654 1777 2683 alii.

995 2692 1103 2719 Loustt.
1781 2694 1786 2700 ‘

1031 2726 1102 2790 {bi}
1115 2726 1222 2759 Corvus,
1237 2729 1290 2753 etc.
1300 2724 1369 2753 Vide
1383 2729 1440 2753 not.
1455 2724 1489 2753 ad
1501 2723 1679 2758 numanum.
1695 2722 1742 2752 lib.
1778 2731 1779 2735 ¹

995 2764 1030 2790 72
1050 2781 1058 2789 .
1096 2770 1158 2790 nsv-

1031 2798 1058 2824 7.
1071 2797 1164 2830 Greg„
1183 2796 1248 2824 ibid.
1263 2794 1286 2823 ll
1297 2795 1368 2826 Tim.
1384 2803 1416 2824 ιι.
1429 2794 1539 2823 Lami.

1031 2831 1101 2860 Ibat.
1121 2830 1286 2860 Commndc.
1302 2830 1358 2864 At..
1372 2830 1530 2858 emmanue.
1543 2829 1636 2857 Aser:

999 2866 1061 2932 ιδ.
1081 2867 1207 2903 Greger„
1230 2873 1261 2897 ιιι
1282 2865 1446 2905 ρει-βυτ..
1463 2864 1550 2903 Pan„
1574 2862 1704 2914 admottit.
1746 2871 1754 2897 ¹.

1021 2909 1108 2932 onst.
1573 2906 1587 2910 ‘⁴
1604 2903 1615 2914 ““
1646 2902 1661 2918 ”
1680 2903 1694 2910 '⁴
1738 2906 1763 2917 “⁶
