1832 3016
169 99 220 128 607
692 96 722 123 S.
744 95 869 124 tstnont
888 96 1112 127 tttsPAtAENStS
1133 97 1286 127 Eptscoet
1751 93 1810 146 ω

170 160 230 186 verit
245 165 321 193 usqne
344 158 371 183 in
391 157 482 189 tium,
505 155 545 182 hic
558 155 643 182 saluus
664 157 712 182 erit
737 155 842 190 (Matth.
861 164 887 188 x,
902 156 937 183 22
950 165 958 190 ;
971 159 999 189 A
1012 157 1102 196 tandin
1116 157 1264 192 exspectati
1279 163 1342 185 sunt
1362 162 1391 186 ιιι
1405 158 1532 187 redirem.
1547 160 1615 189 Nam
1628 167 1702 191 nune
1713 164 1748 192 ιιι·
1767 165 1776 172 ”

171 212 243 235 xxiv,
258 205 300 237 ¹5)

204 251 231 276 Ξ.
247 249 321 275 Tunc
335 248 406 274 cuim
419 247 506 282 placet
517 247 573 275 Deo
583 253 674 276 nostra
687 249 841 282 conversio,
856 250 962 284 quando

169 295 279 326 bonum,
294 293 363 327 quod
380 294 549 325 inchoamus,
567 295 751 328 perseveranti
776 294 830 322 fine
845 297 963 331 comple-

168 346 227 365 mus
250 338 315 365 Nam
327 338 394 365 sicut
407 339 536 372 scriptum
547 343 589 365 est
602 348 607 365 :
626 339 673 366 Vae
683 339 774 373 hirqui
785 341 963 368 sustinentiam

167 385 343 418 perdiderunt,
369 385 394 412 id
408 390 461 418 est,
480 393 548 420 opus
559 390 657 413 bonum
681 394 734 414 non
754 395 962 416 consummave-

168 436 229 459 runt
242 432 339 466 (Eccte.
356 439 388 463 tt,
405 432 459 466 16).

204 478 230 504 3.
242 477 405 511 indulgentia
416 482 597 511 peccatorum,
610 479 761 511 sciendum,
773 480 829 512 ubi,
842 481 961 515 (mando,

169 524 209 551 'tel
225 523 346 558 qualibus
362 523 451 550 datur.
469 523 517 551 Ubi
533 525 651 558 quippe?
667 526 717 552 nisi
731 526 800 552 intra
814 526 975 554 Ecclesiam·

167 570 345 597 catholicam?
360 570 484 603 Quando,
500 571 551 597 nisi
570 575 631 598 ante
646 572 750 599 venturi
769 573 854 599 exitus
866 573 961 600 diem?

168 617 234 649 Quia
260 625 315 643 ecce
339 625 406 643 nunc
426 622 526 651 tempus
549 618 703 652 acceptabile
716 639 723 651 ‚
750 627 805 645 ecce
821 628 888 645 nunc
908 621 961 646 dies

166 663 256 689 salutis
272 662 317 698 (ΙΙ
339 663 397 690 Gor.
416 671 451 694 vt,
466 663 506 698 2).
523 664 665 696 Qualibus,
681 665 731 691 nisi
743 665 879 692 conversis
893 685 900 697 ‚
917 665 962 698 qui

167 718 215 746 pcr
227 710 401 738 humilitatem
419 712 498 746 200
513 711 545 738 ad
562 712 731 746 parvulorum
744 717 883 738 transeunt
899 713 960 739 imi-

166 756 294 783 tationem
303 757 355 784 ‘ide
366 758 463 791 quibus
478 758 574 784 dicitur
587 767 592 783 :
609 757 713 784 Tatium
727 763 762 784 est
772 766 840 785 emm
855 767 961 793 reanum

165 803 286 829 coetorwn
303 803 410 839 (Mattlt.
430 812 484 836 xix,
500 804 552 839 u).

1016 211 1087 231 nunc
1103 204 1199 238 plagis,
1215 212 1285 231 nunc
1299 205 1507 233 revelationibus
1522 207 1655 242 quosdam
1669 216 1754 238 conen
1767 241 1770 243 ,

1014 249 1100 284 utqui
1116 250 1255 277 voluntate
1278 251 1396 278 converti
1414 251 1576 286 despiciunt,
1600 255 1729 283 commoti
1750 257 1811 295 {Q

1015 295 1121 323 roribus
1139 296 1316 331 corrigantur.
1777 316 1805 347 >¹

1051 342 1077 369 9.
1094 342 1218 377 Plerique
1229 351 1263 371 ex
1274 343 1331 371 sola
1347 345 1444 372 mentis
1456 345 1600 373 devotione
1614 350 1806 386 convertuntnss
1819 341 1832 383 Ι

1016 388 1048 415 ad
1064 388 1163 422 Deum;
1186 391 1306 417 nonnulli
1321 398 1385 418 vero
1399 393 1487 419 coacti
1507 392 1592 428 plagis
1603 398 1805 432 convertuntur.
1820 387 1832 435 ξ

1015 435 1060 468 qui
1074 443 1106 462 ex
1124 435 1268 463 devotione
1292 445 1344 464 non
1358 439 1593 473 convertebantur,
1614 441 1689 474 Juxta
1703 441 1807 476 capitu·
1819 441 1832 464 ,i

1015 479 1069 506 lum
1084 480 1177 514 psalmi
1190 481 1303 510 dicentis
1317 491 1324 509 ε
1340 482 1373 509 In
1383 484 1455 518 [rena
1466 489 1490 510 et
1500 493 1571 512 cama
1583 486 1704 513 maxillas
1718 473 1832 538 cornui

1015 527 1169 561 tonstrinae,
1181 528 1224 561 qui
1235 536 1284 554 non
1296 530 1476 562 approximant
1486 531 1520 557 ad
1533 536 1556 558 te
1569 531 1655 567 (Psal-
1676 541 1750 566 xxxt,
1764 533 1805 568 9).

1055 572 1097 599 10.
1115 573 1240 607 Plerique
1265 579 1365 606 autem,
1382 575 1444 601 dum
1464 575 1606 603 devotione
1629 584 1682 604 non
1695 585 1807 607 contere
1819 590 1832 606 ι-

1016 623 1116 651 tuntur,
1147 620 1230 654 plagae
1246 620 1323 655 201
1342 619 1458 648 stimulis
1482 621 1631 656 feriuntur;
1657 623 1701 657 qui
1717 611 1832 661 tamen}

1014 673 1064 692 nec
1077 665 1126 691 sul)
1140 667 1250 692 verbere
1263 666 1392 700 sentiunt,
1405 671 1433 693 ut
1446 666 1615 701 aliquatenus
1626 663 1832 704 corrigantur-,i

1014 711 1082 738 sicut
1099 710 1241 746 Aigyptos,
1259 713 1304 745 qui
1317 717 1445 746 etpoenas
1456 713 1515 744 luit,
1527 717 1554 739 et
1564 714 1700 741 emendari
1717 716 1807 750 nequi·
1819 708 1832 751 ,⁸

1015 757 1060 783 vit.
1075 757 1112 784 De
1126 758 1222 783 talibus
1235 757 1306 784 enim
1321 758 1358 784 ait
1374 758 1503 792 propheta
1521 767 1527 786 :
1545 758 1698 787 Percussisti
1711 769 1763 793 eos,
1782 730 1832 847 eli

1014 810 1064 829 uon
1079 803 1227 835 doluerunt,·
1253 804 1370 830 attrivisti
1383 811 1424 830 eos
1438 825 1444 835 ,
1469 809 1493 831 et
1517 810 1655 832 renuerant
1680 807 1807 841 susct'perc

202 850 228 877 4.
246 850 330 877 Nemo
346 851 511 885 perpendere
526 855 614 884 potest
626 852 718 884 quanti
739 852 774 879 sit
795 852 918 885 ponderis
934 852 959 878 in
978 852 1001 881 Β
1015 849 1178 883 disciplinam
1193 848 1300 882 (lei-em.
1315 857 1340 882 v,
1358 850 1399 882 5.)

163 897 279 932 justitia,
296 898 337 924 vel
351 899 442 932 quanti
459 899 568 932 fulgoris
580 899 657 926 radio
667 899 768 933 justitia
784 900 894 931 clareat,
907 900 957 927 nisi

165 945 209 978 qui
228 945 301 978 prius
325 949 380 971 toto
403 946 500 972 mentis
516 946 574 972 nisu
591 950 765 972 convertatur
793 946 825 972 ad
853 946 960 978 Deum,

165 994 297 1024 quatenns
313 990 370 1025 ips'o
389 991 492 1018 lumine
513 999 565 1025 qno
581 992 730 1018 illustratur
749 996 776 1018 et
791 999 865 1018 suam
882 991 960 1018 foedi-

166 1040 247 1063 tatem
263 1042 405 1071 agnoscat,
420 1042 447 1064 et
468 1037 558 1065 lumen
572 1038 642 1072 quod
656 1044 728 1064 caeco
751 1038 832 1065 corde
849 1046 901 1065 non
921 1041 960 1065 in-

165 1083 289 1109 tuebatur
303 1083 442 1118 intelligat.

201 1128 227 1155 5.
241 1129 409 1157 Tuncautem
419 1129 623 1165 inattingibilem
632 1130 745 1164 intelligi
757 1138 834 1164 posse
842 1131 960 1158 divinam

163 1174 305 1207 justitiam,
323 1176 384 1202 dnm
399 1184 457 1202 eam
483 1176 597 1211 quisque
610 1177 689 1210 sequi
703 1184 849 1203 conversus
876 1180 961 1203 tenta-

166 1221 244 1253 vcrit,
260 1223 320 1255 quia
335 1222 378 1248 lux
391 1230 442 1249 non
455 1222 622 1257 intelligitur,
636 1222 686 1250 nisi
698 1230 758 1250 cum
773 1223 884 1249 videtur.

201 1266 226 1293 6.
250 1266 383 1294 „iudicium
404 1269 472 1301 quod
498 1268 522 1295 in
548 1269 664 1295 bominis
680 1273 812 1302 potestate
834 1268 960 1295 consistit

166 1313 350 1339 conversionis
363 1318 406 1340 cst
419 1314 503 1347 gratia
515 1334 521 1346 ‚
538 1322 585 1348 per
598 1322 676 1348 quam
693 1315 873 1348 nosmetipsos
886 1313 960 1347 judi-

166 1364 268 1390 camus,
284 1358 391 1392 quando
403 1358 498 1386 {lentes
510 1359 577 1386 mala
591 1364 682 1386 nostra
697 1360 832 1393 punimus,
849 1363 876 1386 et
890 1360 960 1386 bono

166 1403 235 1437 quod
247 1411 279 1430 ex
296 1402 351 1429 Deo
368 1403 443 1430 nobis
461 1409 502 1430 est
517 1404 628 1431 solidius
644 1404 814 1431 inhaeremus.

202 1450 227 1475 7.
241 1448 399 1483 'l'ripertitus
420 1450 581 1477 describitur
597 1458 657 1477 esse
671 1449 882 1484 uniuscujusque
895 1457 959 1476 con-

167 1494 236 1520 versi
259 1494 404 1527 profectus,
423 1495 447 1520 id
473 1499 524 1528 est,
548 1495 659 1529 primus,
675 1490 824 1529 corrigendi
838 1503 852 1521 a
871 1495 958 1526 malo;

1014 917 1020 923 .
1049 895 1093 922 Η.
1116 896 1241 922 Nonnulli
1268 896 1318 922 viri
1343 896 1489 924 saeculares
1506 897 1623 925 elatIone
1647 898 1744 926 mentis
1765 903 1832 931 ιιι-νζ

1011 946 1125 973 mentes,
1143 942 1311 976 postmodum
1325 944 1448 970 conversi
1460 944 1491 970 ad
1509 943 1604 977 Deum,
1620 945 1743 979 religiosa
1761 952 1805 972 se·
1828 974 1832 975 ⁷

1011 994 1129 1024 quuntur
1158 990 1311 1016 obedientia
1327 989 1482 1022 Cliristum;
1498 995 1526 1017 et
1540 991 1585 1025 qui
1601 995 1678 1018 autea
1692 991 1804 1018 celsitu·
1827 996 1832 1010 ῑ

1012 1036 1076 1062 dine
1092 1035 1221 1062 mundiali
1238 1035 1387 1067 tumebant,
1412 1040 1505 1068 postea
1519 1035 1604 1070 ipsam
1619 1036 1762 1063 elationem
1777 1036 1806 1065 in
1825 1046 1832 1050 ·

1012 1081 1100 1107 studio
1114 1080 1269 1107 humilitatis
1279 1084 1454 1107 commutant.

1050 1125 1093 1152 102.
1111 1125 1223 1160 Quidam
1239 1130 1302 1152 sunt
1316 1127 1359 1160 qui
1379 1126 1433 1160 jam
1456 1130 1560 1154 secrete
1575 1126 1698 1154 conversi
1726 1130 1804 1160 sunt,

1012 1178 1124 1205 quorum
1141 1171 1293 1203 cowcrsio,
1314 1171 1374 1205 quia
1390 1179 1443 1198 non
1459 1171 1579 1206 procedit
1601 1172 1634 1198 ad
1659 1172 1807 1210 publicum,

1013 1218 1082 1252 apud
1099 1218 1303 1245 aestimationem
1325 1218 1479 1253 humanam,
1496 1219 1588 1254 quales
1605 1219 1719 1252 suerunt,
1735 1220 1804 1248 tates

1013 1263 1101 1290 adhuc
1115 1271 1174 1291 esse
1199 1268 1337 1297 putantur;
1351 1264 1405 1298 jam
1421 1269 1510 1292 tamen
1534 1265 1559 1292 in
1577 1265 1622 1292 Dei
1638 1266 1723 1293 oculis
1743 1267 1804 1293 sur-

1013 1315 1151 1336 rexerunt.
1177 1310 1242 1337 item
1259 1310 1364 1344 quidam
1383 1311 1470 1339 adhuc
1489 1312 1605 1339 humano
1617 1311 1717 1346 judicio
1733 1317 1807 1340 stare

1012 1360 1176 1387 cernuntur;
1190 1356 1244 1390 jam
1263 1362 1350 1383 tamen
1366 1357 1391 1382 in
1408 1357 1454 1383 Dei
1470 1358 1554 1384 oculis
1569 1357 1732 1386 ceciderunt.

1049 1402 1093 1429 15.
1116 1401 1190 1428 Multi
1215 1401 1282 1436 apud
1313 1402 1434 1429 homines
1460 1403 1567 1436 reprobi
1593 1407 1664 1436 sunt,
1686 1408 1714 1430 et
1735 1403 1832 1440 apudr

1014 1449 1097 1475 Deum
1114 1448 1207 1479 electi:
1225 1453 1303 1483 atquc
1325 1449 1388 1475 item
1409 1448 1486 1475 multi
1499 1449 1568 1483 apud
1586 1449 1707 1477 homines
1726 1442 1832 1485 clectis}

1013 1499 1151 1529 putantur,
1169 1500 1195 1522 et
1210 1494 1278 1528 apud
1294 1494 1378 1521 Deum
1394 1494 1498 1528 reprobi
1513 1495 1639 1528 existunt,
1661 1488 1832 1533 Salomone*-

168 1540 313 1572 secundus,
327 1540 440 1568 faciendi
454 1541 568 1573 bonum,
582 1542 686 1575 tertius,
704 1542 883 1576 consequendi
897 1542 958 1568 boni
974 1536 997 1568 C
1012 1541 1118 1568 dicente
1132 1550 1137 1566 :
1155 1540 1225 1570 Vidi,
1237 1541 1338 1575 inquit,
1356 1540 1446 1575 impios
1455 1540 1575 1575 sepultos,
1593 1541 1636 1575 qui
1649 1549 1706 1567 cum
1719 1541 1804 1570 adhue
1823 1538 1832 1572 ,i

168 1586 259 1619 operis
285 1587 433 1619 praemium.
460 1586 525 1613 Nam
541 1587 611 1621 quod
636 1588 672 1614 ait
698 1588 825 1622 propheta
850 1596 856 1614 :
883 1588 958 1615 Solve

167 1633 302 1667 fasciculos
311 1633 478 1668 deprimentes
492 1632 568 1667 (lsai.
587 1642 659 1667 unt,
678 1633 717 1669 6),
732 1635 793 1661 mali
813 1639 854 1661 cst
868 1643 960 1662 emcn-

167 1679 257 1705 datio:
278 1678 352 1711 Quod
370 1686 435 1705 vero
450 1678 569 1713 adjecit:
596 1678 700 1714 Franye
722 1680 844 1707 esurienti
867 1688 959 1715 panem

168 1730 250 1757 tuum,
263 1725 352 1759 operis
367 1725 428 1752 boni
449 1729 489 1752 est
502 1726 582 1752 actio.
597 1726 623 1752 ln
636 1733 668 1753 eo
685 1733 748 1753 vero
764 1726 834 1760 quod
850 1726 960 1760 snbjun-

167 1771 225 1806 git:
253 1771 324 1798 Tunc
346 1777 459 1806 erumpe!
483 1773 633 1798 matutinum
659 1772 741 1798 lumen
760 1778 845 1805 tuum,
871 1773 960 1806 operis

168 1817 230 1843 boni
245 1822 286 1844 est
300 1818 451 1845 retributio.
470 1818 538 1853 Ergo
551 1826 603 1846 non
620 1818 725 1852 proiicit
738 1818 826 1846 lacere
842 1819 940 1845 bonum
950 1839 958 1851 ‚

168 1863 219 1889 nisi
234 1867 385 1890 correctum
401 1864 482 1890 tuerit
500 1864 612 1891 malum.
626 1864 683 1891 Non
698 1864 797 1899 poterit
819 1865 958 1899 quisquam

168 1909 201 1935 ad
222 1910 475 1943 contemplationem
492 1910 538 1937 Dei
565 1911 706 1944 prolicere,
723 1911 773 1937 nisi
795 1918 824 1938 se
844 1911 916 1945 prius
933 1911 958 1938 in

168 1954 245 1980 bonis
259 1955 390 1981 studuerit
402 1956 506 1982 actibus
518 1963 654 1983 exercere.

204 2000 229 2025 8.
246 1999 334 2027 Multis
347 2001 435 2027 modis
451 2006 533 2028 terret
546 2002 614 2029 Deus
632 2002 770 2036 homines,
792 2006 820 2028 ut
843 2002 883 2029 vel
899 2009 960 2029 sero

167 2051 369 2080 convertantur,
392 2053 474 2083 atque
486 2049 582 2076 exinde
598 2049 683 2084 magis
704 2050 875 2082 erubescant,
890 2050 960 2084 quod

206 2146 275 2174 lbid.
300 2148 361 2175 Non
376 2149 562 2180 inchoantibus,
578 2154 630 2177 etc.
644 2150 682 2176 Ex
696 2149 832 2176 veteribus
847 2150 958 2183 impres-

168 2182 214 2210 sis.
233 2182 294 2209 Non
313 2183 489 2210 inchoantibus
507 2184 639 2217 proemium
655 2185 819 2216 promittitur,
834 2186 878 2211 sed
899 2193 957 2219 per—

167 2219 338 2245 severantibus
353 2219 441 2250 datur,
453 2225 518 2245 mss.
531 2226 635 2245 omnes.
651 2219 759 2246 LoAtss.

202 2251 272 2280 Ihm.
297 2254 347 2281 Alii
373 2254 498 2280 omittunt
522 2261 584 2286 non,
608 2254 650 2279 alii
673 2254 774 2280 addunt
797 2254 874 2281 datur
897 2259 958 2289 post

167 2289 393 2323 perseverantibus.
403 2289 475 2316 Meus
492 2289 558 2315 Cod.
572 2296 579 2314 :
593 2288 654 2315 Non
665 2289 841 2315 inchoantibus
851 2291 956 2321 proemia

166 2325 357 2358 promittuntur,
370 2325 414 2352 scd
427 2324 641 2358 perseverantibus
652 2325 755 2350 dautur.
770 2324 807 2350 Dc
819 2325 956 2351 conversis

166 2358 216 2385 alia
231 2359 313 2387 etiam
328 2360 428 2387 notavit
442 2360 535 2386 Loaisa
546 2359 592 2385 lib.
607 2366 644 2391 ιιι,
661 2366 687 2386 c.
703 2358 748 2389 ⁴5,
766 2366 794 2385 n.
809 2358 835 2385 5.
857 2359 956 2386 Excer-

166 2398 241 2429 ptum
256 2403 287 2421 ex
300 2394 341 2422 his
361 2395 492 2429 capitibus
515 2394 669 2428 inscriptum
688 2393 725 2420 De
741 2394 867 2420 conuersis
879 2395 954 2428 quasi

166 2431 319 2457 distinctum
335 2438 403 2463 opus
429 2430 522 2458 isidori
543 2438 558 2456 a
575 2429 709 2456 nonnullis
728 2429 828 2456 editum
845 2428 908 2462 tuit,
923 2433 954 2455 ut

165 2465 282 2498 explicui
305 2466 331 2493 in
346 2465 514 2498 isidorianis,
537 2472 598 2498 cap.
621 2464 667 2496 68,
680 2471 753 2491 num.
767 2464 783 2490 7
796 2471 883 2498 seqq..
909 2464 952 2490 ubi

165 2501 246 2527 etiam
272 2501 387 2536 excripsi
411 2500 581 2536 praefationes
608 2499 706 2527 Canisii
739 2502 767 2526 et
785 2498 951 2526 Constantini

165 2535 297 2570 Caietani.
318 2537 366 2564 Hic
386 2542 462 2564 notas
477 2537 597 2572 aliquas,
618 2543 665 2563 scu
688 2534 775 2562 varias
794 2534 922 2561 lectiones
936 2540 952 2561 e

166 2578 216 2598 suo
228 2573 376 2606 exemplari
385 2580 436 2599 ms.
452 2572 561 2607 adjecit,
574 2578 686 2605 quarum
699 2569 834 2610 nonnulla:
846 2576 860 2595 a
875 2569 952 2596 nobis

165 2606 355 2635 indicabuntur
370 2616 377 2634 :
389 2607 506 2642 reliquas
518 2607 602 2635 satius
616 2611 656 2633 est
668 2609 804 2637 omittet-23
819 2611 881 2632 narn
895 2610 952 2631 cor·

165 2643 348 2676 ruptissimum
362 2648 421 2670 erat
435 2643 500 2670 illud
511 2642 658 2677 exemplar.
671 2641 756 2668 Ans-r.
772 2675 779 2681 1
829 2675 836 2682 .
904 2674 912 2681 .

200 2678 229 2704 2.
246 2678 335 2706 Eccle.
363 2685 393 2705 ιι.
415 2678 507 2713 Greg..
529 2678 590 2710 iib.,
614 2684 663 2710 vt,
686 2679 802 2711 exposit.
828 2682 854 2702 ιιι
871 2681 951 2710 prun.

166 2713 295 2748 regulam,
306 2721 366 2748 cap.
378 2714 424 2746 ¹3,
435 2714 627 2748 interpretatur
638 2713 725 2740 locum
738 2718 746 2739 ε
758 2710 950 2744 sustinentiam,

167 2748 262 2808 ἰιιιὲιυὶι,
270 2749 380 2784 perdunt
387 2749 431 2783 qui
438 2749 504 2777 bona
510 2756 568 2784 quoe
575 2748 696 2775 inchoant
709 2754 761 2775 ιισιι
767 2749 951 2774 mmmm.

207 2790 278 2811 uss.

202 2816 274 2846 ltn'd.
285 2818 478 2854 tormer-nti,
490 2822 545 2848 ste.
557 2818 614 2853 Al..
622 2821 796 2855 permis
805 2816 856 2860 naq
869 2815 952 2845 aonu-

970 2225 998 2256 1)
1012 2223 1050 2247 tx,
1063 2223 1089 2243 c.
1105 2216 1152 2243 ult.
1168 2216 1277 2242 Lonsa.

1011 1587 1129 1618 viverent,
1146 1587 1172 1612 in
1187 1587 1242 1613 loco
1253 1591 1341 1612 sancto
1351 1591 1431 1618 erant,
1447 1592 1469 1612 et
1482 1586 1655 1613 laudabantur
1665 1588 1691 1614 in
1703 1588 1818 1615 civitate*

1011 1632 1084 1667 quasi
1095 1633 1227 1668 jitstorum
1241 1639 1347 1665 operum
1362 1631 1462 1665 (Eccle.
1487 1640 1545 1663 vni,
1560 1632 1618 1666 to).
1632 1632 1724 1660 Nullus
1740 1639 1804 1668 ergo
1814 1639 1832 1664 a

1012 1686 1041 1705 se
1057 1682 1131 1712 putet
1141 1678 1269 1708 electum,
1284 1686 1318 1705 ne
1331 1678 1398 1704 iortc
1412 1678 1467 1711 jam
1483 1678 1552 1713 apud
1569 1678 1650 1706 Deum
1663 1679 1698 1706 sit
1711 1685 1804 1714 repro·
1824 1671 1832 1696 Ϊ

1012 1724 1071 1750 bus.
1827 1730 1832 1731 ⁷

1303 1768 1417 1797 CAPUT
1437 1769 1504 1797 vttt.

1206 1815 1246 1843 De
1257 1817 1403 1851 primordiis
1417 1825 1604 1844 conversorum.
1821 1837 1832 1859 3

1049 1862 1074 1890 t.
1091 1861 1246 1889 Trimodum
1263 1869 1349 1896 genus
1361 1866 1401 1889 est
1416 1862 1599 1889 conversionis
1608 1862 1640 1889 ad
1654 1862 1749 1895 Deum,
1761 1863 1802 1891 in·
1819 1870 1832 1893 ζ

1011 1909 1160 1937 clioationis
1184 1916 1243 1935 cum
1259 1908 1415 1941 dulcedine,
1436 1909 1586 1936 medietatis
1611 1916 1671 1935 cum
1688 1910 1800 1946 labore,
1820 1907 1832 1935 Ξ

1012 1954 1182 1989 perfectionis
1197 1962 1257 1981 cum
1275 1954 1378 1989 requie.
1398 1954 1451 1982 Sed
1470 1959 1558 1981 tamen
1580 1954 1735 1989 plerumque
1755 1954 1800 1983 alit
1812 1954 1832 1980 ’d

1818 1987 1832 1994 ,-

1013 2002 1143 2037 incipiunt
1156 2009 1170 2028 a
1188 2001 1344 2034 dulcedine,
1361 2001 1406 2028 alii
1430 2009 1443 2027 a
1469 2001 1645 2029 tentationum
1670 1999 1832 2046 amaran-'g

1012 2048 1084 2075 dine.
1817 2065 1832 2085 3

1012 2145 1082 2172 nenti
1096 2153 1146 2172 non
1163 2144 1356 2178 perdiderimus,
1366 2144 1392 2170 id
1402 2148 1449 2175 est,
1461 2152 1523 2180 opus
1534 2144 1636 2176 bonum,
1649 2147 1701 2171 etc.
1714 2143 1801 2172 Ater-¹
1816 2135 1832 2170 ι’

1048 2182 1074 2207 5.
1091 2181 1116 2207 ld
1134 2181 1228 2214 probat
1242 2181 1366 2215 Gregor„
1380 2179 1426 2206 lib.
1442 2179 1535 2207 Moral.
1547 2187 1573 2212 v,
1590 2187 1650 2213 cap.
1667 2179 1694 2212 8,
1710 2183 1737 2206 et
1752 2178 1801 2207 tib,
1821 2183 1832 2218 Ξ

1047 2251 1073 2277 9.
1097 2252 1184 2278 Locus
1199 2255 1240 2278 est
1255 2250 1323 2283 psal.
1346 2257 1422 2282 xxxi,
1439 2249 1481 2276 ubi
1501 2250 1536 2276 ita
1549 2249 1646 2282 legitur
1659 2257 1667 2275 ε
1681 2248 1715 2275 In
1727 2255 1803 2283 eamq

1011 2291 1033 2312 et
1046 2288 1120 2320 [reno
1140 2285 1258 2312 vrzaxtttas
1270 2292 1357 2311 eorum
1377 2284 1529 2319 constrinye.
1552 2283 1597 2310 Sic
1618 2283 1744 2317 Septuag.
1759 2283 1802 2318 lea

1010 2327 1086 2355 gunt,
1115 2325 1142 2348 et
1164 2320 1256 2351 Basss..
1281 2323 1308 2346 et
1329 2318 1444 2350 Tlieod„
1464 2326 1514 2353 per
1523 2326 1628 2346 camum
1645 2322 1672 2345 et
1693 2319 1778 2345 irenut

1009 2355 1177 2390 disciplinam
1205 2354 1396 2388 intelligentes.
1417 2354 1516 2380 Camus
1536 2353 1637 2381 Graecis
1656 2355 1700 2380 est
1712 2361 1781 2388 genn

1009 2390 1211 2427 vinculiffophc.
1225 2389 1293 2416 Sunt
1300 2390 1344 2423 qni
1358 2393 1464 2416 vertant
1474 2389 1562 2423 lupata
1571 2393 1594 2415 et
1607 2388 1689 2424 freno,
1705 2395 1768 2416 veru

1008 2425 1034 2451 in
1048 2425 1129 2452 Psatt.
1142 2425 1236 2452 isidor.
1253 2428 1293 2451 est
1303 2424 1330 2451 in
1340 2425 1412 2459 [rena
1423 2428 1447 2451 et
1460 2431 1543 2451 camo.
1562 2424 1671 2451 Lostsa.

1043 2460 1113 2488 Ibid.
1126 2461 1216 2491 Forte.
1232 2459 1375 2494 AEflyptus.
1390 2467 1459 2495 quoe.
1473 2461 1559 2486 Anav-

1006 2497 1055 2557 ¹2i
1062 2495 1192 2558 iLoGreg..
1206 2495 1251 2522 tib.
1265 2502 1282 2522 ιι
1297 2495 1401 2528 Mon-at„
1412 2502 1473 2530 cap.
1486 2494 1531 2528 19,
1544 2498 1572 2522 et
1584 2493 1630 2521 tib.
1643 2499 1720 2526 unt,
1735 2499 1766 2520 ca

1043 2549 1049 2557 .
1105 2539 1174 2558 ΑιεΑ.

1042 2566 1087 2595 te.
1102 2567 1140 2593 Ex
1152 2565 1277 2601 Gregor„
1291 2565 1339 2593 lib.
1352 2573 1407 2592 xxv
1415 2564 1521 2598 Morti„
1535 2564 1620 2592 e.'iet
1628 2563 1671 2592 to.
1684 2563 1764 2591 [mn

1041 2601 1110 2629 Ibid.
1126 2601 1307 2629 Surrexertmt.
1325 2601 1380 2635 At..
1393 2609 1421 2628 se
1483 2605 1605 2634 ‚exeruere
1622 2600 1710 2626 Aur.

1042 2637 1085 2665 ¹5.
1103 2637 1183 2671 Quasi
1193 2637 1322 2673 justorum
1337 2643 1451 2671 operum.
1483 2640 1511 2662 ta
1522 2634 1602 2665 Gotn.
1615 2633 1699 2663 Totus

999 2664 1438 2741 1⁰'‚”·²⁸,‚‚.....0t·
1455 2670 1594 2742 ξπ...

1102 2727 1110 2736 .
1140 2716 1157 2734 ιι
1181 2716 1228 2736 on
1374 2724 1384 2734 .
1432 2724 1453 2741 .,
1681 2721 1690 2730 ·

1039 2745 1105 2808 ti'xv.
1118 2751 1177 2772 vm.
1193 2744 1226 2773 Ν.
1242 2743 1267 2771 ι.
1283 2743 1324 2771 Ex
1337 2741 1464 2778 Gronov„
1478 2741 1526 2770 tus.
1537 2746 1603 2768 mv
1646 2737 1727 2772 ont..
1748 2772 1758 2783 ⁴

1003 2779 1030 2807 7.
1084 2786 1154 2807 usa.
