1832 3016
64 88 65 91 ’
80 81 134 111 665

690 71 962 103 8ΕΝΤΕΝΤΙΑΜ1Μ
981 70 1047 100 un.
1065 70 1109 100 tlt.

81 142 139 169 est.
153 135 251 164 animal
266 133 373 164 dicitur.
388 132 450 168 quia
473 131 508 159 de
525 130 602 159 coelis
621 130 713 164 lapsus
727 130 761 157 ad
783 133 870 157 terras
884 130 909 161 Α
922 137 981 164 eius
995 137 1043 158 ore
1057 130 1217 165 eripiuntur,
1233 133 1261 157 et
1275 129 1353 158 saluti
1367 129 1553 158 restituuntur.
1566 127 1632 157 Nam
1645 136 1717 166 supe

82 184 188 213 cecidit.
204 183 265 210 ldeo
285 181 444 211 Leviatlian,
467 178 492 204 id
516 183 571 208 est.
589 184 700 211 serpens
723 176 757 203 de
778 177 870 210 aquis,

80 230 142 265 quia
166 229 192 256 in
214 227 292 263 liuius
311 225 400 253 striculi
416 224 480 251 mari
494 222 603 250 volubili
619 227 741 249 versatur
762 222 869 249 astutia.

80 277 145 303 Avis
160 283 224 302 vero
239 277 379 308 propterea
397 270 561 302 nominatur,
580 269 640 302 quia
658 276 704 302 pei·
716 268 870 302 snperbiam

79 321 112 348 ad
128 322 180 348 alta
200 318 356 347 sustollitur.
374 316 406 343 Et
421 320 493 343 recte
513 315 555 342 liis
569 314 654 341 tribus
669 314 806 341 vocabulis
824 322 870 348 ap-

81 368 204 401 pellatur,
220 366 281 400 quia
296 371 344 398 pro
358 370 408 389 suo
422 362 517 389 merito
530 369 631 393 aerem,
647 361 722 395 quasi
738 361 806 394 avis,
823 368 871 395 pro

78 420 187 441 carcere
203 409 315 442 meruit;
331 413 442 441 terram,
461 414 490 434 ιιι
503 407 600 434 animal
617 407 723 434 brutum
738 408 789 439 sit;
809 414 868 434 ser·

78 464 158 495 pens.
173 462 201 484 ut
217 458 242 484 in
268 454 348 490 liujus
372 453 463 482 saeeuli
483 453 550 481 mari
572 454 664 480 insana
684 453 800 487 iactetur
820 452 870 480 nu-

78 503 224 532 etuatione.

111 548 190 584 273
213 547 259 575 28.
281 546 318 574 Ex
333 553 366 574 eo
378 545 448 573 enini
465 545 536 580 quod
551 552 599 579 per
614 544 732 572 membra
744 551 791 571 sua
811 543 868 570 dia-

75 594 152 622 bolus
168 598 305 628 operatur,
322 593 433 620 sortitur
458 592 601 619 vocabula:
627 591 662 618 ita
686 595 715 618 ut
725 590 795 626 quod
815 592 870 618 sin·

74 641 128 677 guli
144 645 236 675 agunt.
250 640 377 667 incitante
390 640 445 673 illo,
458 640 514 675 ipse
525 639 676 666 nominetur
687 646 718 666 ex
729 646 770 666 eo.
783 640 868 671 Quem

74 686 145 714 enim
158 693 210 714 non
221 685 319 720 decipit
329 685 472 713 diabulus!
488 685 563 713 Unde
577 685 675 712 animal
687 689 737 719 est,
751 685 801 711 lioc
815 689 867 718 est,

73 738 122 767 pei·
136 731 225 759 carnis
248 731 378 759 luxuriam
395 736 494 765 teiitat;
517 731 586 758 unde
611 738 724 764 serpens
743 735 793 763 est,
818 730 869 757 lioc

73 781 129 811 est,
145 777 296 812 cupiditatis
311 785 343 804 ac
359 777 469 804 nocendi
486 776 595 803 malitia.
616 776 700 810 Quem
716 782 805 803 autem
819 782 868 803 nec

925 176 1033 210 inultos,
1056 183 1124 210 quos
1138 177 1263 211 antiquus
1287 176 1370 204 bostis
1386 176 1497 203 luxuriae
1518 175 1646 211 voragine
1666 175 1718 204 iui-

924 228 1028 248 mersos
1051 223 1147 253 tenuit,
1164 222 1282 255 potentia
1305 221 1396 249 divina
1420 229 1467 257 per
1479 221 1663 257 poeniteuiiam
1682 222 1717 250 ab

923 267 981 300 ejus
996 267 1115 294 faucibus
1129 268 1217 294 traxit.

958 311 1003 338 5¹.
1015 313 1153 345 Quomodo
1166 312 1294 340 bonorum
1310 312 1445 340 interitum
1459 313 1590 347 Propheta
1605 313 1718 342 electam

923 356 986 383 dicit
1000 364 1060 383 esse
1079 357 1180 384 diaboli
1204 365 1305 390 escam,
1320 357 1383 385 tium
1405 357 1469 384 alibi
1491 358 1620 393 scriptum
1636 360 1671 387 sit
1684 360 1719 387 de

923 402 967 428 illo
982 410 989 429 :
1006 401 1103 428 Feriam
1127 403 1195 429 sicut
1215 403 1259 429 lios
1280 403 1406 436 comedet,
1422 402 1472 430 nisi
1488 404 1558 438 quod
1582 405 1608 431 in
1632 405 1718 433 oeulis

923 447 969 475 Dei
981 446 1070 475 senum
1087 453 1150 475 sunt
1164 448 1208 481 qui
1224 448 1327 475 electus
1341 448 1419 475 cilius
1433 448 1580 475 secundum
1594 448 1716 478 hominos

921 500 981 522 esse
994 494 1136 521 videmur?
1151 494 1189 521 Ac
1203 500 1250 528 per
1266 493 1335 526 baec,
1349 493 1394 528 qui
1409 493 1443 521 de
1458 493 1587 521 bonorum
1603 502 1718 522 numero

922 545 1042 576 pereunt,
1068 540 1139 576 apud
1161 541 1284 568 lioinines
1308 540 1398 574 electi,
1422 540 1492 575 apud
1517 540 1600 568 Deum
1624 539 1716 570 senum

921 587 1048 614 exisuint.

957 632 1000 661 52.
1023 634 1089 660 Eum
1115 632 1237 660 diabolus
1254 632 1310 667 jain
1333 631 1488 667 deglutiisse
1513 631 1621 665 dicitur,
1636 639 1716 668 quem

919 679 974 714 jam
999 679 1118 714 pei-secio
1141 679 1243 706 scel-»re
1264 679 1408 706 devorasse
1424 678 1539 705 videtur.
1557 678 1623 706 Eum
1639 686 1714 714 vero,

921 732 1000 759 quem
1015 733 1065 751 non
1082 724 1223 759 deglutivit
1235 725 1326 759 operis
1339 725 1512 759 perfectione,
1526 724 1573 752 sed
1590 725 1716 752 tentatio-

922 778 984 798 num
1010 771 1143 798 illecebris
1163 771 1277 802 iiiordet.
1301 775 1330 797 ut
1353 770 1474 802 devoret,
1495 769 1581 797 adhue
1596 770 1670 805 quasi
1686 771 1715 799 in

73 823 114 852 aie
129 822 237 857 decipit,
255 823 395 850 insidiatur
407 822 448 855 εἰς
463 823 534 850 unde
548 823 605 849 avis
620 828 670 854 est.
688 822 738 849 lioc
758 826 810 855 cst,
824 829 869 848 su·
884 822 908 853 Β
921 817 1030 844 maxilla
1044 818 1157 845 mandit.
1174 817 1249 844 Unde
1271 821 1296 844 et
1312 817 1409 844 Paulus
1425 815 1505 844 liabet
1516 816 1637 843 stimulos
1651 823 1713 844 car-

74 869 173 905 perbiae
188 869 276 896 ruina.
294 868 414 903 Undique
429 869 499 896 enim
514 868 590 895 dolos
609 873 753 903 praeparat,
768 875 868 903 quous·

73 922 126 949 que
139 914 256 941 inveniat
270 914 337 940 viani
355 921 401 948 pei·
414 921 492 948 quani
508 914 643 940 incautum
657 913 782 947 decipiat.

108 959 152 987 29.
166 959 245 987 Aliud
259 963 300 986 est
312 959 413 987 intrare
426 964 542 986 mentem
554 959 708 993 cujusquam
721 958 866 991 dialioliim,

74 1004 146 1032 aliud
161 1013 225 1033 vero
239 1005 398 1032 inliabitaie.
415 1004 480 1032 Nam
494 1010 520 1031 et
537 1005 563 1031 in
576 1005 700 1032 cordibus
715 1010 868 1032 sanctorum

75 1050 236 1086 ingrediiur,
261 1050 323 1078 dum
348 1051 431 1077 malas
454 1051 638 1085 suggestiones
661 1050 793 1083 iiisiiiuai;
820 1051 868 1078 sed

74 1103 129 1123 non
153 1096 255 1122 habitat
279 1096 305 1122 in
326 1095 376 1127 eis,
402 1096 462 1130 quia·
488 1096 514 1123 iii
535 1103 584 1122 suo
608 1103 720 1131 corpore
745 1104 796 1123 nou
822 1103 869 1123 eos

75 1140 232 1168 transducit.
249 1140 300 1174 Qui
314 1148 378 1168 vi-ro
392 1142 417 1168 in
440 1148 552 1175 corpore
575 1142 633 1175 ejiis
648 1145 719 1175 sunt,
744 1142 769 1176 ip
784 1149 815 1169 os
829 1143 869 1169 in—

76 1186 190 1220 habitat.
207 1187 267 1221 quia
282 1187 333 1222 ipsi
347 1192 410 1215 siint
427 1188 553 1221 templum
568 1187 636 1222 ejus.
658 1187 690 1214 Et
704 1188 726 1214 si
741 1189 869 1221 subrepat

76 1233 212 1261 mentibus
234 1233 380 1260 electorum
404 1233 535 1265 diabolus,
552 1241 604 1260 nun
618 1238 706 1261 autem
731 1233 756 1260 in
769 1232 808 1260 ei<
823 1240 868 1260 re-

79 1279 203 1315 quiescit,
219 1279 288 1306 sicut
309 1280 334 1306 in
350 1278 474 1306 cordibus
490 1279 679 1313 reproboi·iiin;
695 1286 755 1305 nain
779 1277 868 1306 calore

75 1327 139 1355 fidei
153 1334 213 1354 mox
228 1327 367 1359 excitatur,
384 1330 411 1352 ut
426 1329 503 1352 exeat
518 1326 551 1351 ab
565 1325 667 1351 eleciis.

112 1373 157 1401 50.
171 1371 304 1404 Nonnulli,
317 1379 383 1406 quos
397 1371 452 1406 Jam
466 1370 545 1397 avido
561 1377 607 1397 ore
621 1370 741 1397 diabolus
755 1370 868 1396 devora-

76 1422 161 1451 verat,
185 1423 279 1445 rursus
300 1415 381 1443 divini
402 1415 494 1450 judicii
516 1414 619 1442 occulta
643 1416 814 1442 miseratione
834 1416 867 1441 ab

73 1485 145 1513 mina
160 1490 249 1512 autem
265 1484 377 1516 diaboli,
396 1491 455 1518 quae
475 1483 547 1510 varia
567 1486 594 1510 et
616 1482 697 1509 multa
720 1486 865 1509 occurrunt
890 1505 900 1517 ,

73 1521 100 1549 in
117 1520 216 1547 divinis
229 1520 316 1552 libris,
331 1519 389 1546 liwc
410 1519 460 1545 iria
481 1518 642 1550 Belieiimili,
658 1517 815 1548 Leviailian.
837 1522 864 1544 et
878 1506 901 1536 (Δ

74 1556 149 1588 Avis,
163 1555 299 1590 potissima
312 1561 383 1582 sunt.
395 1554 495 1581 Dicitur
509 1554 590 1580 etiam
607 1554 658 1584 leo.
673 1553 745 1584 Baai,
761 1553 861 1586 aquilo,

75 1591 154 1622 latro.
171 1591 265 1624 saian,
278 1591 374 1623 canda,
388 1589 539 1622 basiliscus,
557 1589 648 1618 Belial,
665 1589 760 1618 malus.
778 1594 862 1614 teuta-

75 1630 127 1657 tor,
139 1627 222 1659 caiiiS,
237 1627 345 1660 impius,
359 1625 540 1656 adveisarius,
567 1624 680 1654 alienus,
698 1623 787 1657 lupus,
799 1631 863 1649 exa-

74 1662 229 1697 ctor‚aspis‚
241 1661 382 1692 homicida,
392 1660 584 1692 nequissimus,
594 1660 741 1693 nialigiius;
753 1666 860 1692 pravus,

74 1704 164 1731 asper,
177 1697 290 1728 Lucifer,
303 1696 434 1728 clibanus,
448 1695 534 1726 sortis,
549 1699 667 1729 potestas
679 1695 861 1726 tenebrarum.

75 1734 180 1759 catulus
195 1732 294 1762 teonis,
313 1732 436 1765 princeps
457 1730 598 1765 potestatis
609 1751 615 1760 ,
632 1730 698 1755 dctis
714 1730 793 1763 liujus
812 1737 863 1756 sae-

74 1767 143 1799 ciiii,
166 1767 207 1794 leo
226 1767 350 1801 rugiens.
365 1771 486 1800 apostata
501 1772 527 1791 et
543 1769 742 1799 praevaricatur,
759 1766 863 1798 absque

73 1801 155 1837 jugo,
173 1803 244 1829 lilius
266 1801 363 1834 Belial,
379 1805 408 1827 iit
430 1801 565 1827 adnotavit
587 1800 782 1834 Hieronymus,
801 1801 861 1827 lsai.

74 1844 170 1869 xxviii,
183 1842 209 1864 ct
221 1837 255 1864 ita
267 1836 456 1869 interpretatur
467 1836 531 1862 iilud
545 1836 639 1868 psalm.
652 1842 715 1861 xvii.
729 1834 862 1862 Torrentes

74 1872 215 1907 iniquitatis
236 1872 446 1898 conturbaverunt
470 1879 522 1903 iiie,
541 1870 566 1897 id
590 1875 648 1903 est,
664 1871 810 1901 impetuosa:
823 1872 862 1896 t'n-

74 1910 203 1934 cursiones
230 1907 362 1934 doenionis.
391 1905 537 1933 Bcliemoili
577 1911 664 1932 autem
690 1905 793 1939 plui-ale
820 1910 862 1932 est

74 1944 144 1976 apud
161 1943 339 1977 liebraeos(ut
354 1941 405 1969 hoc
426 1942 513 1968 obiter
527 1941 676 1975 annmem),
699 1940 768 1967 idem
788 1941 860 1974 quod

75 1977 178 2010 bestiae,
193 1985 225 2004 eo
238 1978 306 2011 quod
324 1985 404 2003 unum
420 1976 519 2003 animal
534 1983 594 2003 cum
610 1981 655 2008 stt,
669 1983 701 2002 ex
717 1979 861 2002 multarum

75 2013 220 2041 bestiarum
236 2012 418 2048 magnitudine
439 2017 465 2038 et
481 2012 645 2038 immanitate
659 2018 698 2037 est
720 2018 861 2044 coagmen-

75 2052 174 2080 tsiuin;
191 2053 284 2080 estque
305 2048 403 2074 animal
425 2052 561 2079 terrestre.
579 2051 696 2075 vastum.
715 2051 741 2072 et
755 2047 861 2073 eximiae

74 2083 276 2115 ιιιειμιιίιιιιιὶιιίε.
299 2082 336 2109 ne
357 2090 390 2109 eo
415 2082 512 2109 dicitur
540 2081 601 2109 «iub.
630 2089 684 2108 ηε
703 2080 859 2113 Betiemom,

73 2126 147 2152 quem
157 2119 206 2153 [eci
220 2122 311 2150 tecum,
324 2118 411 2153 [enum
423 2117 497 2152 quasi
513 2116 556 2144 bos
570 2117 692 2143 comedet.
705 2116 781 2143 Juxta
794 2124 861 2143 non-

74 2154 161 2180 nullos
173 2159 214 2180 est
228 2153 347 2188 elcplias.
363 2153 468 2180 LimisA.

110 2188 178 2216 Ibid.
192 2188 336 2216 Leviatliaii
347 2189 471 2215 dixerunt
484 2187 596 2221 antiqui,
607 2193 674 2215 teste
685 2187 857 2222 Hieronymo,
877 2198 900 2227 D

75 2223 122 2251 lib.
139 2232 174 2257 vi,
190 2225 216 2252 iu
230 2224 281 2251 lsa.
299 2231 352 2256 xiv,
372 2230 433 2250 esse
449 2227 550 2257 patrem
567 2223 682 2255 diaboli;
698 2230 776 2257 quam
799 2230 861 2249 sen-

75 2259 185 2286 tentiam
201 2260 256 2291 ipse
275 2258 384 2291 refellit,
406 2258 588 2293 ‚significatque
603 2259 758 2285 draconem.
784 2257 860 2286 Unde

75 2293 140 2321 illud
163 2294 258 2321 Ezeeli.
276 2302 359 2322 xxxii.
375 2293 452 2320 Leoni
473 2295 584 2328 gentium
599 2293 754 2320 assimilatus
773 2299 820 2325 cst,
835 2298 860 2319 et

75 2329 180 2355 draconi
194 2331 236 2363 qai
256 2333 292 2356 est
307 2330 333 2355 iu
348 2330 423 2356 niori.
439 2329 533 2363 Aquila
559 2336 606 2362 pio
629 2329 745 2355 dracone
771 2328 860 2361 posuit

77 2363 232 2395 Leviatlian,
247 2370 355 2391 anctore
370 2366 543 2399 Hieronymo.
560 2363 688 2391 similiter
701 2366 796 2397 psalm.
814 2371 856 2397 xc,

77 2399 140 2426 duni
155 2398 253 2425 dicitnr
267 2398 431 2426 conculcabis
446 2402 542 2425 lennem
558 2405 581 2425 et
599 2399 746 2430 diaconem,
762 2399 858 2432 legitur

77 2433 232 2461 Leviattian.
251 2432 364 2461 Vocatur
378 2433 421 2461 liic
434 2439 509 2462 cetus
525 2442 644 2469 magnus,
661 2434 694 2461 de
708 2442 771 2468 quo.
786 2434 858 2467 quod

77 2477 93 2496 a
116 2468 222 2495 Cliristo
240 2469 385 2502 capiendus
403 2470 446 2502 sii,
471 2469 582 2505 mystici·
608 2477 633 2496 ιιι
656 2469 707 2496 iob
732 2476 860 2496 sermone

79 2508 212 2531 narratur.
227 2502 274 2530 Est
286 2503 365 2535 iititur
377 2504 520 2532 Leviaiban
532 2505 611 2539 piscis
623 2506 743 2531 marinus
754 2506 858 2538 ingens,

78 2538 138 2567 loti.
151 2546 183 2565 xi.
195 2545 202 2564 z
215 2537 254 2563 An
268 2539 397 2566 extrahere
412 2540 502 2572 poteris
516 2540 651 2567 Leviutlian
666 2540 750 2572 Immo,
763 2546 787 2566 et
801 2539 861 2573 [ane

79 2574 171 2609 ligabis
190 2571 304 2607 linguam
319 2575 392 2608 ejus?
407 2575 577 2608 Septuaginta
594 2574 630 2602 itii
650 2581 698 2608 pro
717 2575 862 2602 Lieviaitian

78 2613 225 2645 posuerunt
233 2612 362 2640 cetuiii.et
371 2610 526 2642 draconem,
535 2609 604 2637 sicut
614 2614 640 2635 vt
652 2612 677 2636 iii
689 2609 734 2636 illo
743 2609 804 2636 toi».
813 2617 841 2637 iii
854 2618 862 2637 :

79 2646 130 2678 Qiii'
141 2643 225 2678 parati
235 2647 293 2670 tunt
304 2647 426 2671 suscitare
436 2643 586 2677 Leniatlian,
599 2650 704 2672 iertimt
715 2645 751 2671 illi
762 2649 862 2678 cetum,

78 2680 142 2708 stibi
153 2681 298 2707 draconem
312 2678 532 2713 interpretantur,
548 2685 576 2706 ut
590 2679 685 2713 iiiialui.
701 2686 759 2714 ciii,
779 2679 864 2706 Draco

82 2716 141 2748 iaie.
152 2723 226 2749 quem
240 2714 359 2749 formasti·
373 2716 407 2740 ad
422 2713 594 2741 illudendum.
608 2713 647 2741 De
660 2715 798 2742 creatione
811 2714 864 2742 Le-

55 2770 66 2792 5
78 2750 198 2783 viatlian,
212 2755 240 2777 et
255 2748 362 2776 [lenocli
378 2749 490 2776 liabetur
506 2749 599 2776 Esdrte
614 2755 652 2782 tv.
665 2749 693 2776 6.
709 2749 816 2777 Limisa.

115 2785 186 2814 livia.
199 2785 269 2814 Avis.
285 2783 378 2814 Daniel
393 2792 446 2820 vii,
461 2789 489 2813 et
502 2784 564 2813 lsai.
580 2790 644 2812 sut
657 2787 686 2813 et
698 2784 763 2812 illud
775 2785 864 2815 Evan-

920 864 971 895 nis,
985 863 1081 897 quilius
1098 863 1254 890 humilietur
1269 861 1312 897 (ΙΙ
1327 861 1387 889 Cor.
1406 862 1466 896 xii),
1484 868 1537 888 non
1558 861 1638 889 liabet
1651 868 1714 897 pec-

919 909 996 936 candi
1013 908 1214 943 perfectionem,
1228 916 1279 944 qua
1292 909 1463 944 deglutiatur.

955 955 1036 991 274
1048 955 1093 983 33.
1111 955 1147 982 Os
1160 955 1259 982 diaboli
1276 955 1355 982 verba
1370 956 1428 989 ejiis
1453 959 1525 982 sunt.
1541 955 1627 983 Verba
1649 962 1713 983 vero

919 1001 978 1036 ejas
993 1001 1180 1035 inspirationes
1195 1001 1306 1028 occultae
1326 1006 1398 1032 sunt,
1414 1001 1510 1036 quibus
1529 1001 1611 1029 corda
1625 1000 1713 1029 homi-

921 1055 983 1074 iiiiui
998 1047 1136 1081 alloquens
1151 1047 1263 1074 occultis
1276 1047 1329 1074 urit
1342 1048 1543 1082 cupiditatibus.

955 1092 1000 1120 5⁴.
1026 1092 1138 1126 Quidam
1163 1093 1198 1119 ob
1213 1092 1442 1127 incorreptibilem
1458 1092 1636 1127 iniquitatem,
1650 1092 1712 1127 quia

920 1144 1017 1174 sponte
1033 1147 1085 1166 noii
1097 1140 1277 1174 corriguntur,
1292 1139 1435 1167 immundis
1450 1140 1588 1175 spiritibus
1598 1138 1711 1167 vexandi

920 1185 1071 1218 traduntur,
1094 1188 1124 1211 ut
1147 1185 1292 1220 arripiendi
1317 1193 1364 1212 eus
1387 1186 1523 1212 daemones
1538 1185 1712 1219 corporaliter

921 1231 1038 1258 liabeaiit
1053 1235 1223 1264 potestatem,
1237 1231 1438 1265 terroribusque
1448 1237 1540 1256 eorum
1554 1229 1644 1256 alssicti
1661 1229 1713 1257 liu·

920 1279 1067 1310 iiiilientur,
1084 1278 1232 1313 poeiiiteant
1246 1283 1271 1305 et
1284 1277 1432 1308 salventur,
1448 1276 1518 1303 sicut
1530 1281 1556 1303 et
1569 1276 1711 1311 Apostolus

919 1324 1067 1350 Corinthiis
1077 1323 1207 1355 scribens,
1219 1323 1283 1349 dicit
1298 1331 1305 1348 :
1322 1322 1434 1348 Tradere
1447 1322 1594 1357 hujusmodi
1606 1322 1713 1349 Summe

919 1368 945 1394 in
960 1369 1090 1395 interitum
1103 1368 1198 1401 carnis,
1210 1373 1236 1394 ut
1252 1368 1358 1401 spiritus
1371 1368 1456 1394 salvias
1470 1368 1504 1393 sit
1516 1366 1542 1402 (Ι
1557 1367 1615 1394 Cor.
1628 1374 1655 1400 v,
1671 1367 1711 1403 5).

919 1413 991 1441 Utile
1005 1419 1045 1442 est
1061 1414 1132 1441 enim
1149 1414 1279 1447 quosdam
1296 1418 1448 1448 peccantes,
1465 1419 1493 1441 ut
1507 1413 1533 1440 in
1548 1413 1635 1441 anima
1657 1413 1711 1441 sal-

918 1482 979 1516 gelii
993 1483 1107 1508 volucres
1122 1481 1185 1508 coeti.
1202 1481 1309 1507 Loitisii.

954 1516 1022 1543 Ibid.
1042 1518 1104 1548 Atii,
1121 1517 1221 1547 cecidit,
1235 1516 1314 1551 juxta
1334 1514 1498 1541 Psatnn‘siam
1509 1514 1633 1549 jumentis
1646 1514 1710 1542 inii-

917 1552 1042 1586 pientibus
1060 1558 1233 1580 conmoratus.
1251 1550 1316 1576 Ideo
1331 1550 1485 1580 Lemuilian.
1505 1554 1558 1576 etc.
1576 1550 1608 1576 Et
1628 1550 1708 1583 infra,

915 1588 1006 1614 meruit
1028 1587 1164 1613 Belteinotli
1187 1591 1294 1615 terrum.
1317 1586 1376 1620 quia
1396 1590 1422 1611 ut
1446 1584 1543 1611 animal
1561 1584 1662 1610 brutum
1682 1589 1710 1613 in

916 1624 973 1649 imis
989 1623 1145 1653 delectatum
1166 1629 1268 1656 serpeus
1283 1628 1312 1646 eo
1331 1621 1410 1655 quod,
1432 1625 1484 1646 etc.
1502 1620 1594 1646 Esdrae
1613 1620 1709 1648 librum

916 1665 954 1687 iv.
978 1659 1021 1691 qni
1046 1667 1059 1683 a
1077 1657 1170 1684 Loaisa
1194 1657 1327 1689 laudatur,
1348 1655 1531 1690 apocryphum
1549 1661 1627 1688 esse,
1650 1662 1706 1690 prae

916 1693 1001 1720 oculis
1018 1693 1179 1718 babendum.
1196 1693 1281 1718 Auev.

949 1728 993 1755 28.
1018 1727 1118 1754 Exinde
1137 1727 1215 1760 enim,
1227 1727 1295 1761 quod
1306 1735 1350 1760 pei·
1361 1726 1474 1753 membru
1485 1733 1531 1752 sua
1543 1725 1643 1752 liabent.
1655 1726 1708 1753 Ex-

914 1765 981 1790 cusi.
998 1763 1123 1797 Gregor..
1140 1764 1185 1790 liii.
1200 1770 1281 1789 xxxiii
1298 1762 1404 1794 Mon-ai„
1417 1769 1477 1794 cap.
1493 1760 1538 1792 22,
1553 1768 1584 1787 ex
1600 1768 1653 1796 qno
1668 1766 1710 1788 cst

916 1798 973 1825 baec
989 1798 1122 1825 sententia
1139 1807 1144 1823 :
1161 1805 1192 1824 esc
1212 1798 1277 1833 ipso.
1292 1797 1387 1831 inquit,
1408 1804 1512 1823 sutirum
1524 1796 1650 1822 actionum
1664 1805 1710 1823 no-

915 1835 982 1861 mine
997 1839 1111 1866 vocatur,
1123 1841 1181 1859 cum
1196 1833 1352 1868 jumentum,
1372 1832 1461 1865 draco,
1481 1831 1519 1858 vel
1539 1832 1591 1858 avis
1605 1832 1708 1859 dicitur.

915 1869 1024 1896 LuAisii.

950 1904 995 1931 29.
1011 1904 1134 1939 tiri-guin,
1152 1903 1197 1931 lib.
1221 1903 1314 1930 litorai.
1340 1911 1436 1936 xxxiii,
1463 1910 1521 1938 cap.
1536 1902 1582 1930 28.
1598 1901 1707 1930 Lusisti.

950 1939 996 1966 51.
1020 1940 1121 1966 Sis-ilis
1150 1945 1192 1966 est
1215 1939 1387 1973 interrogatio
1411 1939 1480 1973 apud
1509 1938 1562 1966 Gre
1581 1945 1634 1969 or..
1659 1937 1708 1965 lib.

915 1982 987 2001 xxxii
1012 1975 1117 2006 litarat„
1140 1981 1201 2008 cap.
1228 1974 1271 2005 10,
1297 1975 1321 2000 iii
1346 1974 1409 2005 line.
1434 1981 1460 2000 et
1480 1974 1549 2007 apud
1564 1945 1710 2006 §iilianuim

915 2011 1035 2044 archiep.
1052 2010 1173 2036 Toletan.
1190 2009 1326 2040 sanctiss..
1352 2010 1378 2037 iii
1403 2009 1590 2036 Aniiciinenou
1613 2007 1660 2035 lib.
1675 2015 1709 2036 ex

912 2045 985 2076 loli..
1002 2047 1128 2079 interrog.
1145 2045 1206 2071 152.
1227 2045 1334 2071 Limisa.

948 2079 994 2107 52.
1008 2080 1131 2114 Gregor..
1146 2080 1190 2106 tib.
1206 2087 1298 2111 xxxiii,
1314 2087 1372 2112 cap.
1392 2080 1435 2112 17,
1454 2079 1545 2107 Mai-al.
1563 2079 1671 2106 LoAtsi.

949 2115 1019 2142 lim.
1039 2116 1119 2148 Quasi
1130 2115 1157 2141 iii
1178 2115 1294 2141 ninum.
1307 2114 1373 2141 Tota
1396 2115 1529 2141 sententia
1544 2121 1578 2141 ex
1593 2113 1705 2148 Gregor.

913 2150 975 2178 dum
1005 2150 1194 2184 interpretatur
1223 2149 1285 2176 illud
1314 2150 1366 2177 Job
1392 2159 1398 2176 ι
1429 2150 1538 2176 Armilla
1565 2150 1708 2184 perforabis

912 2187 1045 2249 inmittam
1064 2187 1131 2221 ejus,
1151 2185 1197 2213 lib.
1213 2185 1304 2212 Moral.
1326 2192 1423 2218 xxxiii,
1436 2192 1496 2220 cap.
1519 2186 1564 2219 40,
1580 2189 1607 2212 et
1621 2191 1645 2211 c.
1664 2185 1707 2212 17.

935 2230 1020 2249 (uisa.

948 2257 992 2284 55.
1007 2257 1044 2284 Ex
1065 2256 1188 2290 Gregor..
1203 2256 1265 2283 ditm
1281 2255 1344 2282 illud
1360 2255 1410 2282 lob
1424 2256 1559 2290 explanat,-
1573 2262 1632 2287 cap.
1647 2253 1678 2281 ti
1698 2262 1706 2281 ε

912 2292 945 2319 Ει
960 2293 1065 2354 'lungun
1080 2292 1111 2317 de
1126 2299 1169 2317 ore
1188 2293 1246 2326 ejiis
1260 2291 1414 2326 egredietur,
1431 2291 1477 2318 lab.
1493 2297 1575 2317 xxxiii
1599 2289 1705 2322 aloini„

910 2336 935 2354 c.
951 2331 995 2355 4¹.
1034 2335 1120 2354 οΛιεΛ.

946 2362 991 2390 54.
1008 2362 1107 2389 Lucum
1123 2362 1207 2393 Pauli,
1224 2362 1233 2388 l
1256 2362 1318 2388 Cor.
1335 2362 1361 2388 5.
1380 2361 1494 2388 isidorus
1518 2363 1707 2393 interpretatur

911 2398 945 2425 de
967 2399 1099 2431 corporali
1126 2397 1278 2428 traditione,
1304 2401 1333 2422 ut
1355 2397 1512 2430 llieronym.
1538 2400 1566 2421 et
1580 2396 1706 2428 «flegma,

913 2433 960 2460 lib.
988 2439 1070 2460 xxxiii
1095 2431 1198 2459 Mor-il..
1222 2438 1280 2465 cap.
1310 2431 1353 2463 11,
1376 2436 1402 2456 et
1419 2431 1572 2461 Aiiselinus,
1587 2437 1647 2456 cum
1663 2430 1707 2456 alii

914 2469 998 2496 sancti
1014 2469 1069 2494 Pati
1077 2474 1106 2493 es
1119 2469 1153 2492 de
1166 2470 1337 2500 separatione
1352 2473 1366 2491 a
1380 2465 1477 2492 Clu-isti
1497 2472 1611 2499 corpore
1626 2465 1706 2497 spiri·

915 2506 1032 2538 tiialiqiie
1048 2502 1189 2529 traditione
1209 2501 1235 2526 in
1249 2501 1355 2527 Saianae
1371 2504 1529 2534 potestatem
1547 2500 1704 2535 intelligant.

916 2538 1032 2571 Uterque
1042 2543 1137 2564 sensus
1147 2536 1334 2562 ecclesiastiae
1355 2536 1636 2570 eicoiiiinniiieationis
1652 2534 1706 2561 vim

915 2579 996 2608 atque
1010 2577 1195 2599 auctoritaiem
1211 2572 1314 2605 probat,
1328 2577 1440 2603 eamque
1451 2578 1512 2597 esse
1527 2578 1631 2605 poenani
1645 2578 1707 2602 izi-:i-

916 2609 1061 2639 visani-ani,
1077 2610 1104 2632 et
1117 2606 1231 2632 maxime
1245 2606 1448 2636 formidandam.
1465 2614 1524 2632 cum
1540 2609 1574 2632 at»
1587 2605 1705 2632 Ecclesia

916 2643 1006 2679 ejiciat
1028 2641 1175 2672 lioiiiiuem,
1197 2640 1351 2673 diabolique
1373 2641 1532 2675 mancipium
1548 2639 1656 2670 cl'llciat.
1678 2645 1707 2667 ct

915 2682 950 2706 ab
961 2686 1035 2706 oiiiiii
1051 2676 1236 2704 sacramentali
1252 2681 1349 2702 virtute
1372 2676 1466 2703 reddat
1484 2676 1618 2708 alienuin;
1636 2675 1706 2702 unde

915 2715 980 2742 iilud
995 2711 1094 2747 Pelagii
1115 2711 1166 2738 ΡΙ».
1182 2711 1214 2738 ad
1231 2711 1332 2745 Aiigtiae
1347 2711 1429 2745 episc.
1450 2711 1604 2747 Apostolicoe
1622 2714 1707 2738 aucto-

915 2750 998 2777 ritatis
1012 2746 1127 2782 exemplo
1137 2746 1284 2779 didicimus.
1298 2752 1437 2773 errantium
1450 2752 1474 2773 et
1493 2747 1520 2773 iu
1535 2754 1644 2774 errorem
1657 2753 1706 2773 utt-

915 2787 1025 2813 tantiam
1038 2782 1144 2819 spiritus
1151 2781 1291 2810 tradendos
1302 2789 1354 2810 esse
1364 2781 1481 2818 scitante,
1493 2786 1520 2810 tit
1530 2781 1704 2817 blasphemare
