1832 3016
65 120 117 152 177

64 222 234 263 postmodum
258 218 486 256 persecutionibus
510 217 628 246 Judaiets
656 217 743 244 territi
770 217 861 257 ³1¹⁶ss

64 272 248 303 recesserunt,
271 266 423 299 confortat,
439 270 520 300 atque
536 265 569 292 ad
586 264 698 300 gratiam
722 263 859 299 Evangelii

64 319 182 345 revocat.

280 358 319 385 De
331 357 456 393 Epistolis
471 357 538 384 beati
552 357 636 384 Petri.

99 421 144 448 95.
160 419 252 447 Petrus
267 416 404 452 apostolus
426 416 533 451 scripsit
548 415 614 443 duas
640 415 787 450 Epistulas,
801 423 861 451 quie

63 465 197 497 canonicae
211 463 395 490 nominantur.
411 462 525 496 Scripsit
537 466 625 489 autem
643 461 675 489 iis
688 462 742 497 qui,
761 469 794 489 ex
807 462 861 489 cir-

62 510 226 540 cumcisione
239 508 396 541 eredentes,
413 509 440 535 in
455 507 624 543 dispersione
637 508 757 542 gentium
772 512 859 540 erant,

61 565 120 592 quae
145 556 251 589 quidem
278 555 403 583 videntur
432 554 592 590 quibusdam
619 561 679 581 esse
712 555 860 589 planiores;

61 602 124 630 dum
140 606 192 629 tam
209 600 348 636 profundis
368 600 479 634 repletae
494 600 546 627 sint
561 600 698 631 sensibus,
714 604 742 626 ut
757 606 803 633 per
816 607 862 626 eas

61 648 106 683 qui
121 651 232 683 possunt
246 646 409 682 perscrutari
421 646 521 673 divinae
533 646 653 673 scientiae
666 652 786 677 sensum,
795 652 861 678 qua-

60 694 83 722 si
107 701 153 728 per
176 694 258 721 breve
273 693 406 728 quoddam
432 693 647 726 receptaculum,
676 699 785 727 magnas
801 699 862 718 sen-

60 739 159 767 tentias
174 744 201 766 et
216 747 310 774 magna
327 738 378 766 sibi
392 738 520 773 mysteria
534 738 646 765 revelari
660 742 846 765 contueantur.

96 796 141 824 96.
162 803 184 822 t·-
206 795 234 823 ln
250 795 336 830 prima
359 798 448 822 autern
467 794 584 828 Epistola
607 794 699 821 scribit
714 802 858 829 regenera-

59 841 140 869 tionis
163 841 327 876 potentiam,
357 846 383 868 et
410 839 570 875 prophetas=
596 840 640 874 qui
664 839 862 874 praenuntiave-

58 892 120 915 runt
143 886 258 913 futuram
285 885 415 913 Ecclesiae
441 886 467 912 in
482 885 653 920 passionibus
679 885 861 912 tolerantiam·

59 933 191 961 Admouet
206 932 302 959 deinde
322 931 461 966 pontilices
486 932 511 958 in
527 931 652 958 castitate
668 932 773 963 vivere,
789 935 864 962 et‚ut

57 979 199 1014 parvulos,
216 978 274 1005 sine
288 978 350 1005 dolo
366 985 484 1005 manere.
501 977 672 1005 Demonstrat
686 979 767 1005 etiam
783 985 862 1005 sanc-

58 1028 100 1051 tos
127 1024 226 1058 lapides
242 1031 301 1051 esse
325 1023 414 1056 vivos,
431 1029 457 1050 et
481 1024 606 1057 populum
621 1024 821 1058 acquisitionis,
837 1028 864 1052 et

61 1069 149 1105 regale
164 1069 355 1097 sacerdotium.
378 1070 447 1096 lnter
470 1069 527 1096 haec
551 1069 724 1103 popularibus
739 1069 807 1096 benc
823 1070 863 1096 vi-

59 1117 138 1145 vendi
154 1116 276 1143 ordinem
300 1115 431 1147 instituit;
457 1116 579 1142 hortatur
595 1115 722 1142 mulieres
745 1115 864 1142 subditas

57 1171 134 1195 e=se,
148 1163 274 1197 cultuque
290 1162 404 1196 pretioso
427 1169 480 1188 non
505 1161 630 1188 incedere
641 1182 648 1194 ,
663 1162 734 1189 viros
759 1170 864 1196 quoque

57 1211 91 1237 ad
109 1210 242 1238 modicum
261 1209 389 1237 uxoribus
405 1209 552 1241 adhaerere,
565 1210 713 1236 orationem
740 1208 864 1243 frequen-

58 1260 130 1289 tare.
147 1260 249 1284 etcum
275 1256 398 1282 omnibus
422 1255 583 1282 unanimiter
606 1255 704 1282 vivere.
730 1255 863 1282 Praeterea

60 1304 153 1331 scribit
167 1311 236 1330 arcae
251 1303 423 1338 mysterium,
436 1303 493 1329 sive
507 1303 631 1337 baptismi
647 1308 842 1330 sacramentum
853 1324 860 1337 ,

59 1356 107 1384 pet·
122 1349 191 1383 quod
205 1349 285 1376 bomo
299 1356 315 1375 a
330 1348 420 1375 mnndi
433 1348 534 1375 actibus
549 1348 687 1375 liberatur.

93 1405 138 1432 97.
157 1404 324 1438 imperatque
346 1404 471 1431 lidelibus
485 1404 569 1431 solius
591 1403 691 1431 divinae
715 1404 861 1432 voluntatis

57 1450 166 1479 obedire
194 1450 334 1484 preceptis
347 1472 354 1484 ,
383 1458 432 1477 nec
447 1451 515 1476 ultra
538 1449 627 1476 carnis
643 1449 772 1476 inservire
788 1449 859 1477 ‹lesi—

57 1497 149 1525 denis.
168 1496 249 1523 Docet
265 1496 345 1523 etiam
372 1496 473 1523 clerum
490 1503 520 1522 ae
546 1496 670 1530 populum
695 1494 746 1521 sibi
769 1495 860 1522 minis-

59 1547 129 1572 trare
151 1543 268 1571 vicissim
280 1564 286 1575 ,
310 1543 502 1578 passionesque
517 1542 615 1570 Christi
633 1542 735 1569 nullum
760 1550 856 1575 paves·
874 1556 896 1586 C

57 1597 134 1622 cere;
150 1595 177 1618 et
191 1590 224 1617 de
238 1591 319 1617 domo
342 1590 390 1616 Dei
405 1589 531 1616 inchoare
544 1589 672 1623 judicium
682 1609 689 1621 ,
705 1594 732 1616 et
746 1596 859 1616 corona-

57 1637 80 1665 ri
97 1641 220 1669 sanctos,
238 1637 316 1671 217
330 1636 562 1663 mansuetudinem
590 1643 695 1670 quoque
710 1640 737 1663 et
753 1636 860 1662 luunili-

58 1686 140 1710 tatem
152 1682 281 1709 alternam
295 1682 408 1709 invicem
429 1682 555 1709 admonet
565 1682 724 1715 observare,
737 1682 860 1709 insidias-

59 1735 111 1763 que
131 1728 230 1755 diaboli
245 1729 316 1755 omni
341 1729 518 1756 sollicitudine
544 1736 715 1763 praecavere,
730 1729 859 1764 adjiciens

60 1781 139 1802 omne
154 1781 220 1808 opus
235 1775 334 1802 bonum
351 1775 501 1809 incipientis
517 1783 565 1810 per
578 1775 662 1802 Deum
676 1775 710 1802 ad
733 1782 859 1803 consum-

58 1820 201 1847 mationem
217 1820 336 1854 perduci.

93 1878 138 1906 98.
157 1879 183 1905 ln
199 1878 315 1906 secunda
333 1883 420 1906 autem
442 1879 560 1912 Epistola
578 1879 723 1914 alloquitur
744 1879 837 1906 lideles
850 1902 856 1913 ‚

59 1923 85 1951 in
106 1923 156 1950 hoc
177 1924 275 1950 mundo
299 1924 375 1958 quasi
397 1923 575 1957 interiectos,
599 1929 679 1959 atque
702 1924 860 1952 exhortatur

59 1976 154 1997 omnes
162 1969 197 1996 de
210 1969 346 2003 pejoribus
359 1971 390 1996 ad
403 1970 514 1997 meliora
527 1970 653 1997 transire.
666 1970 766 1998 Scribit
777 1971 858 1998 etiam

57 2014 190 2050 justorum
210 2015 353 2041 memorias
371 2014 531 2042 refovendas
545 2035 553 2048 ‚
578 2020 762 2049 memoratque
778 2023 859 2050 pseu·

59 2061 240 2095 doprophetas
262 2061 400 2096 utriusque
415 2061 598 2095 Testamenti,
621 2062 665 2096 qui
682 2066 743 2088 sunt
760 2062 858 2097 magis-

60 2109 93 2136 tri
109 2108 250 2136 mendaeii.
263 2108 365 2136 Deinde
379 2109 460 2136 infert
473 2109 566 2136 diluvii
585 2109 739 2143 exemplum
756 2110 788 2137 ad
806 2110 859 2145 sig·

61 2155 177 2183 nandum
194 2155 333 2183 interitum
346 2155 504 2190 impiorum,
519 2161 546 2183 et
558 2163 653 2184 eorum
667 2156 724 2191 qui,
737 2156 858 2190 volupta-

62 2200 132 2229 tibus
152 2206 322 2236 pcccatorum
344 2201 452 2236 injecti,
473 2202 544 2229 servi
567 2203 748 2237 corruptionis
769 2202 857 2230 eliecti

62 2251 135 2275 sunt.

97 2293 141 2321 9⁹.
157 2293 257 2322 Scribit
271 2294 350 2322 etiam
368 2295 506 2323 abundare
519 2295 674 2323 novissimis
691 2297 857 2331 temporibus

62 2337 205 2373 derisores,
219 2344 245 2367 et
255 2340 325 2375 apud
343 2340 426 2368 Deum
441 2341 515 2369 mille
529 2349 615 2369 annos
630 2350 711 2369 unum
727 2342 799 2371 diem
815 2343 858 2371 ha-

63 2382 121 2412 beri
138 2385 274 2419 predicat.
296 2386 368 2414 luter
382 2387 440 2415 baec
461 2389 689 2416 resurrectionem
712 2388 860 2417 elemento-

65 2436 140 2461 rum,
162 2430 360 2467 novitatemque
377 2433 438 2462 coeli
453 2438 481 2461 et
494 2440 583 2461 terrae.
605 2434 646 2462 Ad
661 2439 812 2462 extremum
826 2435 859 2463 de

66 2472 195 2508 Epistolis
217 2474 291 2504 Pauli
311 2477 445 2513 loquitur,
459 2486 527 2514 quas
546 2486 607 2507 cum
631 2479 741 2515 quidam
759 2480 859 2509 indocti

67 2526 119 2547 non
136 2519 297 2556 intelligunt,
308 2529 392 2558 pravo
403 2531 450 2553 eas
459 2532 543 2554 sensu
554 2531 693 2555 evertunt.

872 2236 900 2266 1>

102 2600 148 2640 9⁸.-
175 2598 213 2628 De
230 2601 320 2630 verbis
343 2610 402 2637 qum
416 2603 469 2632 boc
492 2613 604 2634 numero
627 2611 654 2635 et
677 2607 763 2636 tribus
785 2615 815 2637 se
853 2628 861 2636 .

67 2639 256 2699 ⁴titii‘ntmttntutt,
278 2637 357 2671 paulo
369 2642 433 2666 ante
445 2639 562 2682 Uariana
570 2661 580 2675 ‚
591 2641 626 2669 ad
638 2650 712 2676 num,
726 2643 772 2684 ⁸9?
785 2616 862 2677 offla

66 2672 862 2749 &aazias.a?⁶0¹4¹122‘l‘:⁸15::.222.523·,zatt‘ffits‘f

74 2793 76 2799 ,
104 2738 716 2809 tatemere*anaema
732 2747 805 2790 ⁸¹³·-

67 2795 188 2852 Primum
196 2811 308 2853 {oannis
361 2786 413 2842 igtto
437 2786 468 2842 ‘t'n
479 2813 514 2843 ad
522 2814 640 2857 Parthos
650 2784 862 2854 scrip'fnigngie‘:

97 2851 232 2884 ηιιιιιιιιι
245 2854 295 2876 uun
309 2855 344 2884 ep
355 2849 424 2879 stola
438 2849 579 2887 decretali,
593 2855 620 2882 et
648 2852 825 2890 augustinus.
839 2861 860 2883 n

509 115 543 144 ΙΝ
562 114 628 143 Ltss.
653 113 730 144 vm.
753 114 797 142 m*
817 113 898 142 Νῦν.

63 179 105 210 Α’(ἰ
121 178 242 206 ultimum
259 176 401 210 Hebraeos,
415 173 459 209 qui
474 173 501 201 in
514 173 621 200 Christo
634 172 814 204 crediderunt,
831 175 858 198 et
872 172 897 201 Α

917 112 1069 143 TESTAM.
1084 113 1264 142 PRoOEtttA.

1127 172 1164 199 De
1179 172 1298 207 Epistola
1311 171 1379 200 beati
1390 171 1492 202 Iacchi.

949 218 1011 246 100.
1031 218 1148 246 lacobus
1163 218 1246 246 l'rater
1262 219 1368 246 Domini
1383 219 1492 254 scripsit
1504 225 1583 249 unam
1595 218 1710 253 Episto-

913 260 965 288 lam
978 281 986 291 .
1001 261 1034 288 ad
1049 261 1254 289 (edificationem
1272 262 1399 290 Ecclesiae
1415 262 1595 296 pertinentem
1608 282 1617 295 ,
1633 262 1712 297 cnjus

912 307 1053 335 sententiae
1070 307 1229 336 immensam
1249 307 1368 336 scientiae
1387 308 1538 336 claritatem
1557 308 1711 344 legentibus

912 353 1038 381 videntur
1052 353 1203 381 inl'undere.

1120 400 1158 427 De
1171 399 1295 434 Epistolis
1309 400 1375 427 beati
1388 399 1507 429 Ioannis.

950 445 1010 473 101.
1024 445 1140 473 loannes
1150 446 1288 480 apostolus
1299 450 1353 474 tres
1365 446 1475 480 scripsit
1485 446 1619 481 Epistulas
1628 468 1635 479 ‚
1647 455 1713 481 qua-

913 499 972 519 rum
990 492 1085 526 prima,
1102 492 1219 519 ollicium
1235 492 1374 519 charitatis
1388 492 1581 520 commendans
1593 513 1600 525 ,
1618 497 1671 520 tota
1686 493 1714 520 in

913 545 1005 565 amore
1020 538 1067 565 Dei
1081 542 1108 565 et.
1121 538 1238 566 fraterna
1251 539 1396 566 dilectione
1411 543 1544 567 versatur.

950 587 1012 614 109..
1027 587 1149 614 Secunda
1164 595 1281 621 quoque,
1295 594 1374 621 quam
1386 587 1485 614 Electae
1498 586 1616 613 domina?
1628 586 1715 621 scrip-

914 633 948 660 sit
963 655 969 666 ,
990 633 1142 661 dilectionis
1163 633 1283 660 hortatur
1297 633 1415 660 studium
1429 642 1435 666 ;
1452 633 1562 660 denotat
1577 632 1657 660 etiam
1675 640 1715 662 se-

914 679 1051 712 ductores,
1066 685 1092 707 et
1107 679 1141 705 ab
1157 679 1291 706 haereticis
1306 679 1434 706 admonet
1447 679 1647 706 declinandum.

951 726 1104 761 218105.
1122 726 1240 753 Tertiam
1259 731 1348 753 autem
1362 726 1427 753 Caio
1438 726 1546 758 scribit,
1562 727 1587 753 in
1600 734 1649 760 qua
1661 726 1716 753 col-

915 772 1006 799 laudat
1017 780 1078 799 eum
1091 772 1115 799 in
1125 772 1214 799 studio
1229 773 1350 799 veritatis
1363 777 1390 799 et
1404 780 1485 806 opere
1499 772 1691 800 misericordiae
1707 781 1715 805 ;

914 817 1012 845 deinde
1024 819 1134 845 denotat
1146 821 1306 853 proterviam
1319 820 1458 853 cujusdam
1471 819 1616 854 Diotrepis,
1629 824 1656 847 et
1667 819 1716 847 De-

1658 112 1711 143 178

879 867 902 896 Β
916 865 1013 892 metr10
1030 865 1212 892 testimonium
1229 866 1353 899 perhibet
1368 866 1498 893 veritatis.

1071 911 1107 938 Dc
1123 911 1241 947 Epistola
1256 913 1336 938 sancti
1350 912 1428 938 Judoe
1442 913 1561 945 apostoli.

951 956 1012 984 104.
1025 956 1100 984 Judae
1112 957 1231 991 Epistola
1243 958 1362 991 increpat
1375 958 1592 991 blasphemantes
1605 957 1631 984 iu
1641 957 1717 985 ctu-i·

914 1008 956 1030 sto
968 1024 975 1036 ‚
993 1008 1019 1030 ct
1040 1004 1168 1037 quest-„nn
1187 1004 1335 1038 impudicos
1358 1004 1406 1030 sub
1422 1004 1546 1038 exemplo
1562 1004 1716 1038 impiorum,

915 1050 959 1084 qui
972 1057 1018 1084 per
1030 1050 1183 1084 superbiam
1208 1055 1234 1077 et
1250 1050 1380 1076 luxuriam
1394 1050 1565 1083 sempiternis
1577 1049 1718 1076 ardoribus

915 1097 1005 1123 traditi
1029 1102 1109 1129 sunt,
1129 1104 1177 1131 pro
1197 1097 1293 1131 quibus
1314 1096 1441 1122 admonet
1458 1095 1607 1123 Ecclesiam
1625 1101 1652 1123 ut
1669 1103 1717 1123 eos

914 1147 1017 1177 arguat,
1032 1147 1056 1170 et
1073 1143 1105 1169 ad
1119 1142 1302 1177 poeuitentiani
1317 1142 1484 1168 cohortetur.

1136 1189 1174 1214 Dc
1187 1189 1290 1214 Actibus
1304 1188 1490 1222 apostolorum.

952 1236 1009 1263 105.
1033 1235 1222 1269 Apostolorum
1238 1235 1349 1261 historia
1374 1234 1510 1260 nascentis
1534 1233 1662 1260 Ecclesiae
1684 1234 1715 1261 li-

914 1281 973 1308 dem
991 1288 1112 1314 opusque
1127 1279 1265 1310 describit,
1282 1279 1358 1312 cnjus
1373 1279 1480 1313 quidem
1496 1279 1614 1314 scriptor
1630 1280 1716 1307 Lucas

914 1327 1076 1360 evangelista
1100 1329 1277 1351 monstratur.
1300 1325 1426 1352 Continet
1446 1330 1535 1351 autem
1557 1333 1587 1351 ea
1611 1334 1670 1360 quae
1691 1327 1718 1354 in

912 1371 1004 1398 Iudaea
1020 1371 1061 1398 vel
1077 1371 1203 1404 gentibus
1218 1379 1265 1404 per
1281 1370 1395 1405 gratiam
1411 1371 1528 1404 Spiritus
1543 1372 1627 1398 sancti
1641 1393 1647 1404 ‚
1663 1377 1717 1399 tam

912 1426 928 1444 a
943 1417 1023 1444 Petro
1039 1425 1117 1451 (ruant
1135 1418 1167 1443 ab
1181 1417 1240 1443 aliis
1255 1416 1395 1450 apostolis,
1410 1422 1436 1444 et
1449 1417 1601 1451 specialiter
1616 1426 1630 1444 a
1644 1417 1715 1444 Pau-

913 1464 950 1497 to,
968 1469 1079 1498 operata
1097 1464 1135 1490 tel
1151 1468 1224 1498 gesta
1241 1468 1313 1491 sunt.

1213 1510 1250 1536 De
1266 1510 1430 1546 Apocalypsi.

951 1556 1014 1584 106.
1032 1556 1166 1588 Joamres,
1185 1560 1325 1590 postquam
1345 1556 1466 1583 scribere
1486 1561 1589 1591 septem
1608 1557 1718 1591 jubetur

915 1605 1061 1636 molestis,
1075 1605 1170 1638 aspicit
1185 1604 1268 1630 tilium
1283 1603 1400 1630 hominis
1413 1603 1551 1630 sedentem
1566 1604 1591 1631 in
1606 1604 1715 1638 throno,

912 1656 939 1678 ct
959 1650 1048 1685 viginti
1062 1654 1176 1684 quatuor
1193 1649 1325 1680 seniores,
1339 1654 1365 1675 et
1380 1653 1494 1682 quatuor
1507 1649 1632 1677 animalia
1652 1657 1717 1684 pro-

912 1697 1034 1724 cedentia
1051 1701 1114 1723 ante
1129 1695 1270 1728 thronum,
1289 1696 1314 1722 in
1333 1696 1447 1722 dextera
1463 1703 1571 1729 quoque
1592 1695 1715 1724 sedentis

912 1742 1010 1769 librum
1026 1746 1130 1776 septem
1145 1741 1239 1775 sigillis
1253 1741 1396 1775 signatum,
1413 1741 1438 1766 in
1455 1748 1507 1775 quo
1521 1741 1633 1773 bellum,
1649 1749 1714 1776 ege—

910 1792 976 1820 stas,
990 1795 1072 1819 mors,
1089 1788 1191 1814 clamor
1205 1787 1419 1818 interfectorum,
1435 1785 1495 1813 unis
1508 1794 1616 1821 quoque
1629 1794 1711 1814 mun-

911 1834 936 1860 di
954 1837 1062 1860 notatur
1076 1836 1103 1859 et
1118 1832 1221 1859 saecuti.

948 1881 1010 1907 107.
1034 1879 1168 1907 Describit
1190 1878 1287 1905 deinde
1319 1878 1441 1905 duodeni
1466 1879 1548 1905 millia
1572 1885 1713 1906 servorum

911 1927 972 1959 Dei,
994 1928 1039 1961 qui
1058 1928 1197 1961 signantur
1219 1926 1244 1952 in
1266 1926 1400 1952 l'rontibus
1418 1935 1424 1958 ;
1443 1926 1478 1952 ibi
1500 1931 1603 1960 septeni
1626 1927 1716 1960 angeli

911 1973 981 1999 tubis
993 1977 1092 1998 canunt
1105 1973 1226 2005 sequenti
1239 1971 1371 2006 grandine
1397 1976 1424 1998 et
1436 1972 1496 2004 igne
1508 1979 1568 1998 cum
1581 1973 1715 2007 sauguine

910 2018 938 2044 in
954 2022 1033 2044 terra.
1046 2017 1135 2043 Tertia
1152 2024 1260 2051 quoque
1275 2024 1336 2051 pars
1353 2021 1431 2043 teri-:e
1445 2017 1479 2043 ibi
1494 2017 1672 2051 comburitur,
1688 2023 1718 2046 et

912 2063 988 2090 tertia
1004 2070 1066 2097 pars
1081 2063 1163 2088 maris
1176 2062 1284 2096 sanguis
1297 2061 1414 2088 eflicitur
1432 2070 1439 2094 ;
1452 2067 1579 2096 astraque
1594 2063 1652 2096 ipsa
1665 2071 1715 2090 ru-

911 2110 1013 2136 tilantia
1038 2110 1145 2136 tertiam
1172 2109 1282 2142 fulgoris
1308 2114 1411 2143 partem
1441 2110 1570 2136 amittunt
1586 2118 1593 2141 ;
1618 2109 1654 2136 ibi
1679 2109 1714 2137 de

911 2155 985 2183 sumo
1000 2156 1070 2190 putei
1086 2155 1194 2182 lucustae
1210 2155 1394 2189 producuntur
1409 2155 1618 2189 tlaemuniorum,
1635 2157 1708 2183 acci-

913 2202 1016 2236 pientes
1033 2205 1193 2236 potestatetn
1208 2201 1320 2228 laedendi
1335 2201 1379 2236 qni
1396 2209 1449 2228 non
1464 2207 1527 2229 sunt
1541 2202 1602 2237 agni
1616 2209 1714 2230 cruore

913 2248 1021 2283 signati.

949 2295 1011 2323 108.
1029 2295 1163 2322 Proeterea
1180 2294 1297 2322 comedit
1312 2294 1485 2330 Evangelista
1502 2295 1600 2322 librum
1618 2294 1714 2322 Testa-

911 2342 994 2370 menti
1009 2343 1063 2369 oris
1079 2342 1271 2376 praedicatione
1286 2342 1486 2374 suavissimum,
1498 2345 1526 2368 et
1540 2340 1630 2375 operis
1639 2340 1714 2368 ‹titii-

911 2388 1011 2415 eultate
1019 2395 1151 2415 amarum.
1163 2387 1324 2421 Metiturque
1331 2387 1444 2414 eoeleste
1455 2386 1596 2419 templum,
1611 2385 1713 2412 descri-

913 2434 1004 2468 bitque
1011 2434 1092 2461 verba
1101 2435 1193 2468 viginti
1207 2437 1321 2468 quatuor
1328 2433 1479 2464 seniorum,
1487 2432 1571 2467 219
1581 2435 1608 2459 et
1622 2438 1713 2459 arcam

914 2481 1090 2513 Testamenti,
1113 2487 1144 2508 ac
1158 2480 1298 2508 mulierem
1313 2479 1438 2509 amictam
1453 2479 1520 2511 sole,
1542 2485 1712 2513 pugnamque

915 2528 941 2555 in
953 2527 1027 2556 coelis
1039 2527 1176 2555 Michaelis
1187 2534 1247 2554 eum
1259 2527 1390 2560 dracone.
1401 2525 1561 2559 ruinamque
1572 2524 1713 2554 draconis-

915 2608 1017 2642 Quaest.
1030 2615 1138 2643 evang„
1153 2617 1180 2643 q.
1197 2609 1400 2641 39,-ailirmant.
1412 2608 1600 2643 Cassiodorus.
1613 2609 1660 2638 lib.
1675 2610 1711 2639 do

915 2643 1004 2671 Divin.
1020 2644 1082 2671 lect.
1101 2664 1108 2676 ,
1124 2651 1184 2678 cap.
1198 2644 1241 2677 14,
1255 2645 1292 2671 ait
1308 2653 1316 2671 ε
1332 2644 1451 2678 Epistola
1466 2643 1585 2672 Petrina
1599 2650 1685 2680 qaum
1695 2654 1708 2679 -3

914 2679 1003 2712 Jndoe,
1017 2678 1108 2706 Jacobt'
1123 2678 1267 2706 ecsoannt·
1281 2680 1315 2706 ad
1331 2680 1451 2707 Partho«.
1466 2679 1538 2707 Min.

952 2714 1021 2742 ma.
1033 2714 1060 2741 ln
1072 2713 1241 2748 uaganoensi
1253 2713 1376 2742 Editione
1387 2723 1395 2742 ι
1407 2715 1520 2742 secanda
1531 2723 1640 2752 quoque,
1651 2723 1710 2752 quae

914 2751 1000 2778 electu
1015 2749 1146 2777 scribitur.
1166 2749 1219 2776 Sed
1244 2749 1386 2785 inscriptio
1405 2751 1448 2778 est
1463 2757 1471 2776 ε
1489 2749 1585 2779 Eleceoe
1599 2753 1711 2780 domim

913 2785 1019 2848 aaa
1031 2783 1150 2848 ,ιιι
1161 2790 1320 2848 aaa?
1333 2785 1432 2848 ἰιι
1447 2785 1540 2831 ιιι
1555 2794 1646 2816 ιιι
1655 2787 1707 2815 ἰ

948 2855 1011 2887 106.
1026 2854 1069 2883 ΑΙ.
1086 2876 1095 2889 ,
1109 2828 1269 2891 proctdmtyta
1283 2862 1332 2893 pro
1346 2855 1520 2894 prooedmtt’a.
1537 2857 1609 2886 Mn.
