1832 3016
43 115 107 146 ¹305

43 218 112 253 acius
125 217 220 245 insulae
234 213 422 251 exspectabssnl
436 221 446 238 ⁸
465 210 542 247 (110’3
558 218 624 244 “¹¹³
637 210 680 245 ¹)-

73 264 116 291 .8,
142 263 241 290 Servus
261 260 369 296 quippe,
393 257 440 285 sed
463 264 495 284 ex
519 255 690 291 susceptione
714 255 842 287 bominis.

0 299 1 303 ¹
42 309 186 342 ¹Christus,
200 306 245 342 qui
266 304 391 340 quoniam
404 302 478 338 prius
490 301 525 329 ad
540 301 648 330 Judaeos
659 301 769 329 veniens
789 309 842 329 non

43 359 92 383 est
113 357 244 389 receptus.
267 350 401 386 iudicium
424 349 450 377 in
465 349 590 385 gentibus
609 349 719 384 protulit
742 358 748 375 :
766 349 844 384 quale

40 399 188 435 judicium,
210 396 262 424 nisi
283 399 313 423 ut
332 403 365 423 ex
390 395 443 422 fide
459 394 686 429 iustificarentur?
710 395 763 430 73
778 395 843 429 Ejus

52 453 103 473 vox
118 452 171 473 non
184 442 308 470 audietur
322 441 397 474 soris,
413 441 465 469 boc
475 445 526 475 est,
540 440 567 468 in
582 440 741 473 haeresibus,
757 445 784 468 et
794 440 843 469 Ju-

39 491 114 518 ‹daeis
135 493 208 517 extra
235 488 280 515 Dei
301 487 450 515 Ecclesiam
468 487 572 522 positis.
597 487 662 514 ltem
686 487 720 514 de
743 487 801 522 ipso
817 488 844 514 in

0 564 1 569 ¹
40 536 114 564 siscia
133 543 140 562 :
159 543 169 560 ‹
189 534 260 562 Ecce
271 533 401 568 intelliget
415 541 508 561 servus
521 540 597 561 meus
608 553 616 566 ,
631 532 804 566 exaltabitur,
817 537 844 560 et

0 574 2 582 ’
40 581 203 614 elevabitur,
219 584 246 608 ει
259 579 381 609 sublimis
397 579 448 607 erit
459 579 548 612 valde,
565 579 634 606 sicut
648 578 845 613 obstupuerunt

0 622 2 629 '
40 634 126 662 nuper
141 631 167 655 ιε
180 626 268 660 multi,
284 625 323 653 sic
345 625 504 660 ingloriosus
518 625 570 652 erit
583 625 652 652 inter
673 623 745 651 viros
765 631 844 658 aspe-

0 670 1 676 ’
40 676 105 701 nctus
120 671 189 707 ejus,
214 675 241 699 et
265 670 350 698 forma
370 671 428 705 eius
450 671 520 697 inter
534 669 605 697 lilios
629 670 779 702 hominum,
793 669 844 696 iste

0 709 2 715 ’
40 721 169 753 asperget
189 720 284 752 gentes
308 716 405 744 multas
416 736 424 749 ‚
448 723 530 751 super
551 716 638 751 ipsum
667 715 844 743 continebunt

0 766 1 771 ¹
40 771 123 799 treges
135 771 166 791 os
180 772 269 797 suum,
284 764 344 798 quia
358 764 455 799 quibus
467 771 520 791 non
541 768 584 791 est
598 768 736 790 narratum
750 763 785 791 de
798 771 842 796 eo,

39 810 178 843 viderunt,
199 815 226 838 et
247 810 293 846 qui
315 818 367 838 non
384 810 535 843 audierunt,
558 810 731 845 contemplati
753 814 840 838 sunt»

39 855 124 892 t(1³ai.
139 864 185 889 Lu,
202 856 256 891 ¹5).

80 903 108 930 9.
130 902 193 930 ltem
209 903 253 938 qni
268 909 347 937 supra
362 902 397 930 dc
411 910 461 930 eo:
475 902 541 929 Ecce
556 906 645 929 testem
662 902 764 938 populis
785 902 844 930 dea'i

40 956 111 983 euni,
121 950 210 977 ducem
223 958 253 976 ac
270 955 448 984 praeceptorem
459 950 586 984 gentibus.
598 958 654 977 ecce
663 955 845 986 yententquam

39 994 172 1021 nesciebas
192 994 304 1027 vocabis,
320 998 344 1021 et
367 999 463 1028 gentes,
476 1002 534 1029 quoe
555 1003 606 1021 nort
626 999 797 1029 coqnouerunt
810 999 842 1028 te,

44 1042 78 1067 ad
94 1046 117 1067 tc
130 1044 242 1073 current,
256 1045 359 1075 propter
372 1040 508 1067 Dominum
524 1040 604 1067 Deum
619 1046 702 1074 tuum,
718 1046 741 1068 et
762 1041 844 1068 sanc-

46 1091 98 1113 tum
109 1085 203 1119 Israel,
214 1087 274 1120 quia
284 1086 434 1122 qlorificavit
451 1091 474 1113 te
491 1086 568 1121 (lsai.
583 1095 631 1120 nv,
648 1086 686 1122 4).
702 1087 768 1120 Quae
784 1095 845 1120 oro-

37 1132 134 1166 mhetia
154 1132 242 1159 omnis
269 1132 302 1159 dc
326 1132 465 1160 vocatione
484 1133 601 1168 gentium
622 1133 762 1160 manifesta
786 1138 842 1166 est,

37 1179 105 1213 *quia
116 1179 142 1206 in
156 1179 263 1206 Christo
278 1183 368 1206 essent
383 1179 534 1207 creditnrae.

79 1225 124 1252 ¹0.
156 1225 190 1252 Et
214 1225 338 1253 Habacuc
365 1225 402 1252 ita
431 1225 534 1260 inquit:
559 1225 687 1253 Dominus
712 1226 843 1261 loquitur.-

40 1270 135 1299 Scribe
148 1271 229 1298 visum
239 1276 337 1306 aperte,
352 1278 375 1298 ει
394 1271 504 1304 explana
516 1280 573 1298 eum
590 1280 667 1306 super
684 1272 796 1306 tabulas,
812 1277 841 1299 ut

36 1321 175 1345 mercuri-at
184 1318 228 1352 qui
233 1317 321 1351 legerit
330 1325 398 1348 eum,
409 1317 471 1351 quia
484 1317 568 1344 adhuc
579 1318 646 1343 visus
656 1317 747 1351 procul
761 1326 841 1353 appa-

38 1364 106 1391 ιιἐιιίι
118 1365 144 1391 in
157 1365 244 1397 linem,
260 1367 285 1391 ει
300 1371 350 1390 non
365 1363 499 1390 mentietur
507 1371 516 1395 ,·
531 1364 554 1389 si
567 1372 667 1390 moram
680 1365 781 1399 fecerit,
795 1373 842 1392 ex·

38 1415 129 1446 »specta
151 1410 237 1443 illum,
251 1410 312 1444 quia
335 1410 435 1436 veniens
448 1410 538 1443 veniel,
555 1415 578 1436 et
593 1418 643 1437 non
665 1409 788 1438 tardabit.'
802 1411 840 1438 De

43 1456 185 1484 incredulis
196 1461 285 1483 autem
296 1455 397 1483 Judaeis
412 1455 448 1482 ita
461 1456 582 1490 sequitur
595 1465 601 1482 :
615 1456 682 1483 Ecce
698 1458 742 1491 qui
757 1458 840 1484 incre-

35 1502 118 1530 nutus
132 1508 179 1536 est,
191 1511 242 1529 non
255 1503 303 1529 erit
313 1507 382 1530 recta
405 1502 491 1529 antima
505 1503 562 1538 ejus
582 1503 610 1529 in
622 1503 756 1538 semetipso
769 1503 840 1539 (Ha—

37 1549 98 1576 ›bac-
113 1556 143 1582 ιι,
158 1548 184 1580 2,
197 1549 237 1583 4).

78 1594 121 1621 tt.
143 1594 280 1629 Siquidem
292 1599 320 1623 et
335 1602 384 1630 per
395 1596 523 1630 Aggaeum
542 1595 578 1623 de
591 1596 699 1624 Christo
712 1597 739 1624 in
753 1597 842 1632 genti-

36 1642 92 1670 ibus
102 1647 244 1678 regnaturo
257 1644 296 1670 sic
310 1644 408 1671 cecinit
420 1643 491 1671 idem
504 1644 642 1677 Dominus,
652 1644 746 1672 dicens
759 1654 764 1671 z
778 1645 841 1679 Spi-

34 1689 105 1717 witus
121 1697 190 1716 nteus
214 1690 262 1716 erit
281 1690 308 1715 in
323 1690 407 1716 medio
428 1694 549 1723 vestrum,
565 1691 644 1717 nolite
667 1691 764 1725 timere,
781 1691 841 1726 quia

35 1734 97 1763 Uice
108 1735 168 1761 dicit
182 1734 307 1762 Dominus
318 1743 327 1761 .-
339 1735 428 1762 Adhuc
441 1735 580 1769 modicum,
591 1740 613 1763 et
623 1744 670 1772 eqo
679 1737 840 1763 commovebo

34 1775 134 1808 ‹coetum
147 1784 171 1806 et
183 1784 287 1813 terram,
302 1785 327 1806 et
338 1788 418 1813 mare,
434 1785 458 1807 ει
474 1781 584 1815 aridam,
599 1786 623 1808 et
636 1782 738 1809 movebo
754 1791 840 1809 omnes

35 1829 140 1860 aetates,
156 1829 179 1851 et
192 1825 272 1852 veniet
283 1825 441 1852 desideratus
455 1826 552 1853 cunctis
567 1827 684 1861 qemibus
696 1827 797 1863 (Aqqae.
810 1836 839 1862 ιι,

35 1870 83 1906 ιδ).
100 1870 177 1904 Quod
188 1871 211 1898 si
221 1871 255 1898 de
269 1871 435 1899 Antichristo
459 1872 529 1899 hanc
541 1872 709 1907 prophetiam
722 1873 840 1902 intidelis

35 1917 185 1952 untelligat,
206 1917 377 1945 mendacium
397 1922 438 1945 est
453 1919 546 1953 procul
559 1919 650 1946 dubio.
664 1919 739 1946 lllum
767 1920 840 1948 enim

35 1970 98 1990 ¹uon
112 1967 206 1997 gentes
219 1962 381 1998 desiderant,
397 1964 445 1992 sed
464 1964 517 1992 soli
530 1964 616 1992 Judaei
631 1970 801 2000 exspectant.

350 2032 463 2061 CAPUT
483 2033 526 2061 lll.

149 2089 236 2117 Judaei
254 2094 278 2117 et
298 2095 385 2126 gentes
402 2090 437 2117 ad
457 2090 586 2118 Christum
601 2096 732 2119 vocantur.

80 2149 106 2176 t.
125 2149 192 2182 Quia
208 2153 320 2183 uterque
335 2150 447 2184 populus
459 2149 615 2177 Judaeorum
625 2155 652 2178 et
661 2150 781 2185 gentium
792 2152 842 2179 sub

33 2193 140 2222 tntnistt
149 2193 203 2230 74
213 2194 342 2229 regimine
354 2195 487 2222 vaticiniis
497 2195 689 2229 prophetarum
700 2201 840 2230 vocantur,

35 2285 130 2319 sonum,
144 2290 168 2312 et
178 2285 244 2313 duan
257 2294 326 2319 oves,
339 2291 363 2313 ct
378 2293 432 2322 proe
445 2286 561 2313 ubertate
573 2287 648 2314 lactis
657 2288 773 2315 comedet
793 2289 840 2315 bu-

34 2336 131 2366 osyrum
144 2329 220 2365 (Inui.
235 2338 283 2365 vn,
293 2330 352 2367 2¹).
368 2331 454 2359 Vacca
479 2332 560 2360 boum
575 2333 652 2367 plebs
676 2338 719 2361 est
739 2334 840 2363 Judaeae

36 2377 156 2404 *veniens
170 2376 204 2404 de
213 2377 316 2406 semine
328 2378 552 2412 patriarcharum.
564 2378 636 2406 oves
646 2379 706 2407 duae
719 2380 841 2409 Ecclesia

35 2421 156 2449 *veniens
163 2421 198 2449 de
206 2421 340 2456 gentibus,
351 2422 485 2451 etidcirco
494 2424 554 2451 duae
565 2431 640 2457 oves,
652 2428 679 2452 et
689 2432 740 2453 um
750 2434 841 2461 vacca,

36 2466 109 2502 iqui:
119 2466 223 2494 auctior
235 2470 277 2494 est
289 2474 323 2495 ex
334 2467 459 2502 gentibus
468 2468 597 2498 Ecclesia
610 2477 749 2505 numerus,
762 2479 843 2508 quam

65 2521 82 2543 x
93 2513 204 2542 ludaeis.

82 2561 110 2589 2.
131 2560 216 2589 nomo
229 2563 328 2594 autem,
343 2562 389 2596 qui
409 2562 508 2590 nutriet
520 2569 578 2596 eas,
590 2564 650 2600 ipse
664 2568 706 2593 est
718 2565 843 2598 Christus

86 2629 129 2658 io.
150 2628 206 2663 At„
228 2627 333 2662 tabuiis,
349 2636 397 2664 pro
415 2629 526 2659 intuta.
549 2632 586 2660 Et
607 2631 668 2666 fine.
689 2638 738 2667 pro
753 2633 842 2668 finem,

51 2699 204 2766 ῄιοὶἮΑΔΙέ,
217 2699 305 2734 nutri,
313 2706 362 2735 pro
372 2704 493 2729 vostrum.
502 2701 536 2729 Et
544 2701 662 2736 monebo,
670 2709 720 2737 pro
732 2711 844 2732 commo-

79 2776 83 2805 2,
142 2792 151 2800 .
163 2779 206 2803 ιιι.
215 2770 249 2798 Ν.
265 2770 292 2799 1.
306 2770 363 2804 ΑΙ..
377 2769 483 2805 Judaea,
496 2779 545 2807 pro
561 2770 671 2800 ludeo.
687 2771 759 2804 nn.

74 2767 182 2879 ΞΑἏΙ..
197 2805 230 2834 In
243 2809 321 2838 terra.
332 2814 381 2842 pro
389 2814 467 2843 super
477 2812 581 2836 mam.
595 2806 665 2836 lun.

74 2850 82 2898 L·
133 2840 340 2873 eomas-oratio
350 2842 490 2879 sapasim.
511 2847 537 2871 ce
557 2842 696 2878 nantonis
707 2844 841 2876 ιιίαιιίιιιιι

40 2923 95 3016 ‚t

444 109 490 138 DE
510 107 590 139 FIDE
607 105 806 136 cA'rttontcA
826 106 966 136 CONTRA
985 106 1132 136 JUDAEOS
1150 105 1254 134 LIBER
1273 105 1308 133 ll.

43 173 196 206 tbulentus,
211 170 297 199 donec
311 171 391 205 ponat
409 167 438 195 in
452 171 524 195 terra
543 164 685 200 iudicium,
701 167 729 191 et
755 163 842 198 legem
854 163 884 193 A
895 162 940 197 qui
956 170 1003 197 per
1014 162 1158 191 Jeremiam
1169 162 1248 190 dicit:
1262 161 1454 197 Convertimini‚
1469 162 1518 198 filii
1531 166 1694 197 revertentes,

1642 106 1696 135 5⁰6

895 209 958 235 dicit
977 208 1113 242 Dominus,
1128 209 1190 244 quia
1211 217 1258 244 eqo
1280 209 1319 235 vir
1341 213 1432 242 vester,
1445 214 1469 236 et
1487 217 1616 236 assumam
1639 217 1696 242 vos,

895 262 975 282 unum
986 255 1018 282 de
1029 256 1139 288 ciuitate,
1157 259 1181 282 et
1191 255 1257 282 duos
1278 256 1311 283 de
1323 256 1485 290 cognatione,
1500 260 1526 283 ct
1538 256 1606 283 dabo
1627 255 1696 284 vobin

896 307 1012 336 pastores
1029 305 1107 339 juxta
1128 311 1172 330 cor
1188 311 1282 335 meum,
1299 307 1324 330 et
1341 307 1445 338 pascent
1473 311 1516 329 vos
1541 302 1648 330 scientia
1673 306 1697 331 et

895 350 1014 378 doctrina
1030 349 1140 385 (Jerem.
1163 358 1203 383 tn,
1225 350 1284 384 ¹4).
1308 349 1438 384 superbis
1458 357 1573 384 namque
1592 351 1698 378 dixerat

896 404 944 431 per
957 397 1067 424 isaiam:
1084 395 1190 422 Nutu-iet
1204 396 1281 423 honio
1296 403 1398 423 vaccam
1412 404 1490 422 unam
1504 399 1528 422 et
1543 396 1607 422 duas
1620 403 1697 429 oves,⁸

895 450 975 477 quem
987 441 1124 468 hominem
1137 441 1206 468 Deus
1219 448 1290 468 nunc
1309 441 1486 475 semetipsum
1498 448 1558 469 esse
1568 442 1696 475 ostendit,

895 489 941 525 qni
957 492 1076 516 assumet
1090 488 1157 516 duos
1167 488 1202 515 de
1216 487 1423 522 cognatione,et
1436 495 1517 515 unum
1531 488 1565 515 de
1575 488 1697 521 civitate,

896 535 956 570 quia
970 534 1056 562 minor
1063 539 1105 562 cst
1116 541 1245 562 numerus
1257 533 1424 562 credentium
1435 541 1469 562 ex
1479 534 1694 567 circumcisione,

896 577 975 617 q'uam
989 589 1021 610 ex
1035 581 1178 616 praeputio.

932 629 959 656 3.
981 628 1054 656 Hanc
1067 632 1156 655 autem
1169 627 1304 655 civitatem
1325 626 1446 655 Judaeam
1462 626 1604 661 dicit‚sive
1618 627 1696 654 Jeru-

897 674 998 708 salem;
1022 675 1208 710 cognationem
1233 682 1298 702 vero
1322 678 1433 710 gentes;
1454 678 1576 709 pastores
1605 679 1696 702 autem

897 722 1043 757 apostolos.
1069 722 1108 750 vel
1138 722 1265 750 Ecclesiae
1294 721 1431 755 doctoreS,
1461 721 1561 748 Christi
1583 722 1697 755 gratiam

897 769 1082 804 praedicantes.
1092 769 1142 797 Sic
1152 774 1178 796 et
1192 769 1245 796 alio
1258 768 1318 796 loco
1340 768 1411 796 idem
1432 769 1489 802 ipse
1503 768 1635 796 Jeremias
1648 767 1696 795 Ju-

897 816 971 844 daeos
985 817 1088 844 servire
1098 816 1206 844 Christo
1218 815 1420 850 proclamatzEt
1433 816 1481 842 erit
1494 816 1519 841 in
1534 815 1574 841 die
1589 815 1646 847 illa,
1661 816 1697 842 ait

859 856 885 887 Β
898 861 1024 888 Dominus
1045 862 1211 893 exercituum,
1224 866 1352 888 conteram
1365 862 1460 897 juqum
1480 869 1563 887 meum
1584 862 1614 887 de
1630 861 1697 888 collo

898 912 953 940 luo,
965 912 988 934 et
1000 907 1101 934 vinculo
1109 907 1164 942 ojus
1176 907 1346 942 disrumpam,
1359 911 1439 934 etnon
1449 906 1649 933 dominabuntur
1661 907 1697 933 eis

897 954 1010 988 amplius
1021 954 1109 985 alieni,
1124 954 1168 980 sed
1178 954 1286 980 servient
1300 953 1412 980 Domino
1429 953 1482 979 Deo
1499 961 1555 985 suo,
1572 957 1595 979 el
1614 951 1696 978 Dat-id

897 1002 950 1036 reyi
963 1009 1020 1032 suo,
1038 1009 1112 1035 quem
1124 1001 1254 1027 suscitabit
1275 1001 1312 1027 eis
1327 1000 1438 1035 (Jerem.
1451 1008 1515 1032 xxx,
1531 1000 1568 1034 8).
1592 999 1630 1026 De
1645 1007 1698 1032 quo

897 1046 1044 1074 Jeremias:
1071 1055 1079 1070 ‹
1109 1046 1176 1072 Ecce
1200 1045 1258 1072 dies
1286 1045 1404 1078 venient,
1418 1043 1483 1071 dicit
1507 1043 1646 1075 Dominus,
1671 1047 1699 1070 et

897 1092 1032 1119 suscitabo
1053 1092 1136 1119 David
1156 1099 1263 1127 germen
1278 1093 1432 1126 J'nstnm‚et
1455 1091 1577 1126 regnabit
1601 1094 1698 1124 rex‚et

896 1138 1003 1172 sapiens
1014 1138 1075 1171 erit,
1089 1143 1115 1164 et
1129 1137 1345 1172 iacietjudicium
1365 1137 1532 1172 etjustitiam
1546 1144 1627 1170 snper
1642 1140 1695 1162 ter-

896 1192 964 1211 ram.
982 1184 1009 1210 m
1024 1184 1119 1211 diebus
1133 1184 1186 1211 illis
1199 1184 1345 1211 salvabitur
1359 1183 1440 1216 tuda,
1454 1188 1480 1210 et
1495 1182 1576 1210 lsrael
1591 1181 1695 1208 habita-

894 1229 934 1257 bit
946 1229 1122 1262 conlidenter,
1135 1234 1162 1256 et
1175 1229 1225 1256 hoc
1236 1234 1276 1256 est
1288 1236 1386 1256 nomen
1397 1228 1467 1262 quod
1478 1227 1611 1255 vocabunt
1621 1235 1680 1255 eum
1688 1247 1696 1261 ,

895 1274 1024 1301 Dominus
1037 1274 1125 1308 justus
1141 1271 1230 1301 noster
1243 1283 1253 1299 ›
1273 1274 1381 1309 (Jerem.
1396 1281 1473 1306 xxttt,
1485 1273 1525 1307 5).

929 1324 956 1350 4.
979 1323 1060 1357 Cujus
1075 1328 1164 1350 ortum
1180 1327 1290 1357 propter
1300 1328 1442 1356 utramque
1457 1327 1564 1358 gentem
1579 1330 1630 1350 vox
1647 1330 1694 1357 pa·

895 1370 942 1397 tris
957 1377 1004 1403 per
1029 1369 1199 1396 Psaltnistam
1216 1369 1251 1396 ita
1267 1369 1424 1396 annuntiat:
1437 1378 1447 1395 t
1469 1368 1693 1397 Commemorabo

892 1416 1025 1450 superbiae
1040 1420 1066 1443 et
1080 1416 1223 1451 Babylonis
1236 1416 1376 1444 scientium
1388 1423 1442 1443 me.
1456 1416 1525 1444 Eece
1538 1417 1694 1451 Palaestina,

893 1466 921 1490 et
935 1462 1022 1497 Tyrus
1037 1469 1096 1489 cnm
1115 1462 1265 1496 AEthiopia,
1281 1462 1332 1490 iste
1357 1467 1434 1489 natus
1448 1466 1490 1490 est
1503 1462 1550 1489 ibi.
1567 1462 1608 1489 Ad
1627 1462 1692 1489 Sion

893 1513 981 1535 autem
997 1508 1114 1536 dicetur:
1128 1508 1174 1535 Vir
1186 1513 1213 1535 et
1227 1508 1267 1535 vir
1281 1512 1358 1535 natus
1371 1512 1412 1535 est
1427 1508 1454 1534 in
1469 1515 1511 1540 ea,
1522 1513 1549 1535 et
1561 1508 1618 1542 ipse
1633 1508 1693 1535 l'nn-

856 1547 880 1579 C
895 1554 969 1582 davit
991 1561 1050 1580 eam
1070 1554 1214 1581 Excelsus.
1230 1554 1359 1581 Dominus
1375 1555 1493 1581 narrabit
1506 1554 1627 1581 scribens
1643 1561 1692 1588 po-

894 1601 981 1636 pulos.
998 1600 1050 1628 lste
1066 1605 1143 1628 natus
1157 1604 1198 1627 est
1219 1600 1265 1627 ibi.
1286 1610 1295 1626 ι
1318 1600 1347 1627 ln
1369 1600 1515 1634 Babylone,
1535 1601 1691 1634 Palaestina,

892 1648 1115 1684 Tyro,AEtltiopia
1128 1653 1222 1683 gentes
1239 1648 1499 1682 significantur.»75
1509 1647 1537 1674 ln
1553 1647 1615 1675 Sion
1627 1656 1692 1676 vero

893 1695 1067 1722 tiebmorum
1101 1694 1226 1729 populus,
1254 1693 1315 1728 qnia
1339 1700 1389 1728 pro
1415 1697 1588 1728 utrarumque
1604 1693 1692 1721 salute

892 1742 1011 1777 gentium
1026 1746 1105 1768 natus
1118 1745 1157 1768 est
1172 1740 1306 1768 Christus.

928 1787 955 1814 5.
978 1786 1043 1814 ltem
1058 1785 1183 1813 Ezechiel
1197 1785 1333 1812 Christum
1347 1785 1397 1813 sub
1413 1793 1529 1820 persona
1547 1785 1630 1812 David
1647 1793 1691 1813 su-

892 1840 941 1868 per
951 1837 1093 1866 utramque
1099 1836 1204 1866 gentem
1214 1831 1252 1858 sic
1265 1831 1391 1865 praedicat
1399 1836 1588 1866 regnaturum:
1600 1840 1608 1856 ι
1621 1831 1690 1863 Rex.

892 1879 985 1914 inquil,
1002 1885 1070 1905 unus
1084 1878 1135 1904 erit
1150 1877 1274 1904 omnibns
1295 1877 1441 1911 imperans.
1454 1881 1481 1903 et
1493 1885 1545 1904 non
1559 1881 1638 1904 erunt
1650 1877 1691 1903 ul-

892 1929 932 1952 tra
948 1925 1007 1951 duae
1020 1928 1123 1958 gentes,
1138 1931 1187 1951 nec
1198 1924 1350 1951 dividentur
1366 1924 1480 1958 amplius
1492 1924 1518 1950 in
1530 1923 1582 1949 dno
1597 1930 1691 1957 regna,

893 1978 942 1999 nee
955 1971 1108 2005 polluentur
1124 1971 1190 1998 ultra
1206 1971 1231 1997 in
1246 1971 1297 1997 diis
1310 1971 1377 2002 suis,
1394 1975 1418 1997 et
1435 1969 1692 2002 abominationibus,

893 2022 920 2045 et
935 2018 961 2044 in
971 2017 1076 2044 cunctis
1099 2016 1284 2049 iniquitatibus
1299 2016 1366 2048 suis,
1381 2021 1408 2043 et
1429 2016 1518 2042 salvos
1532 2023 1579 2042 eos
1594 2015 1689 2043 faciam

893 2065 927 2092 dc
947 2064 1080 2092 universis
1102 2063 1211 2091 sedibus
1229 2063 1296 2095 suis,
1319 2064 1346 2090 in
1369 2063 1465 2098 quibus
1492 2068 1670 2097 peccaverunt
1683 2072 1691 2097 ;

893 2116 920 2139 et
935 2110 1070 2138 mundabo
1085 2117 1145 2144 eos,
1155 2114 1184 2137 et
1193 2114 1273 2136 erunt
1284 2109 1349 2136 mihi
1362 2110 1485 2144 populus,
1497 2114 1524 2136 et
1536 2117 1586 2144 ego
1597 2116 1643 2136 ero
1654 2109 1694 2136 eis

894 2159 975 2191 neus.
990 2163 1017 2186 et
1027 2165 1120 2185 servus
1137 2164 1213 2185 meus
1228 2157 1312 2184 David
1328 2164 1379 2184 rex
1393 2163 1474 2190 super
1489 2162 1548 2187 eoS,
1563 2159 1589 2181 et
1601 2159 1693 2189 pastor

894 2211 964 2231 unus
975 2203 1156 2231 eritomnibus
1170 2210 1263 2230 eorum
1290 2201 1399 2236 (Ezeclt.
1415 2209 1517 2234 xxxvii,
1531 2200 1593 2235 22).

34 2239 125 2268 finias
138 2239 216 2268 dicit:
231 2239 266 2267 Et
285 2241 332 2267 erit
347 2240 374 2268 in
397 2241 438 2268 die
457 2240 513 2273 illa,
533 2242 626 2269 nutriet
641 2241 717 2269 homo
735 2251 840 2270 vaccam
853 2233 880 2264 n
929 2250 956 2278 6,
977 2249 1043 2283 Quia
1056 2249 1179 2277 Christus
1195 2256 1242 2276 rex
1263 2248 1417 2276 Judaeofum
1433 2253 1484 2280 est,
1498 2247 1580 2275 {saias
1596 2246 1694 2274 indicat

891 2295 1000 2323 dicens:
1016 2294 1101 2322 Dicite
1116 2295 1179 2330 filioe
1190 2294 1273 2322 Sion:
1289 2293 1358 2321 Ecce
1370 2302 1417 2321 rea,¹
1431 2298 1489 2320 tuus
1499 2293 1566 2319 venit
1582 2292 1625 2318 tibi
1634 2293 1694 2327 jur-

893 2345 943 2374 tus,
957 2345 981 2368 et
1000 2343 1113 2374 salvans,
1131 2349 1240 2375 pauper,
1257 2340 1347 2367 sedens
1363 2348 1441 2374 super
1462 2339 1565 2365 asinum
1583 2338 1694 2364 indomi-

894 2390 959 2414 tum.
975 2386 1067 2413 Daniel
1080 2389 1169 2413 antem
1193 2385 1323 2420 propbeta
1339 2389 1500 2418 potestatem
1515 2381 1626 2415 Christi,
1640 2390 1693 2410 non

893 2434 981 2462 solum
996 2440 1077 2468 super
1088 2437 1193 2468 gentes,
1207 2431 1256 2459 sed
1269 2432 1349 2459 etiam
1364 2438 1445 2465 super
1459 2429 1567 2457 Judaeos
1583 2436 1598 2456 a
1613 2430 1694 2457 Patre

897 2479 998 2512 datam,
1016 2478 1148 2510 scribens,
1171 2477 1211 2505 sic
1231 2477 1283 2504 ait:
1312 2485 1322 2502 ‹
1344 2475 1515 2510 Aspiciebam
1541 2475 1569 2502 in
1589 2475 1694 2503 visione

898 2525 995 2558 noctis,
1012 2529 1038 2552 et
1051 2531 1116 2552 eece
1130 2531 1190 2551 eum
1207 2523 1320 2551 nubibus
1335 2522 1407 2556 coeli,
1419 2522 1496 2556 quasi
1510 2522 1596 2549 Filius
1607 2522 1695 2549 horni-

899 2572 942 2599 nis
956 2570 1090 2604 veniebat,
1106 2573 1134 2598 ει
1149 2576 1232 2604 usqne
1244 2568 1278 2596 ad
1292 2568 1430 2603 antiquum
1444 2567 1548 2595 dierum
1561 2567 1694 2602 pervenit,

899 2635 1065 2667 methensi.
1076 2634 1201 2677 superbia:
1225 2632 1364 2675 Babglonis
1383 2633 1520 2674 scientibus
1532 2641 1582 2661 me.
1599 2633 1695 2675 Tarra.

897 2679 980 2735 ῗὲἒέῐ,
985 2667 1583 2745 ‘attigit.;‘„351}t¹2’.:¹;.:‚2¹5”lt‘’s:÷3”5·0¹23?
1594 2668 1694 2734 3¹2¹}ss

896 2743 1001 2779 ronymi
1014 2741 1146 2773 versione,
1163 2740 1216 2767 nist
1229 2738 1302 2775 quod
1310 2746 1360 2775 pro
1375 2739 1578 2767 commemorabo
1597 2740 1694 2776 legitur

894 2776 1118 2807 commemorabor.
1134 2776 1207 2804 En.

931 2814 957 2842 θ.
980 2813 1034 2847 ΑΙ.,
1056 2813 1083 2840 in
1094 2813 1162 2846 visu,
1177 2817 1226 2848 pro
1237 2811 1268 2840 in
1279 2811 1386 2840 visione.
1400 2811 1472 2841 Mn.
