1832 3016
77 135 130 170 ⁸2⁹

467 134 691 171 oufflsrtonsss
709 135 743 166 lN
761 134 842 167 vtt‘r.
861 137 1010 167 TESTAM.
1026 138 1106 168 -ΙΝ
1125 136 1320 167 mvmcuu.

1649 139 1703 168 830

78 196 214 225 homicidii
234 201 328 224 cruore
340 197 454 223 montem
479 193 603 222 infectam
625 194 746 228 denotat,
773 198 802 222 et
821 194 862 222 in·
876 196 904 226 Α
952 195 997 222 l8.
1018 195 1127 223 stamen
1141 196 1213 224 enim
1240 196 1328 223 anima
1355 193 1471 222 hominis
1495 194 1661 231 intelligitur,
1675 199 1704 224 et

78 247 158 317 uuiti..
177 287 243 316 Cum
257 294 319 315 vero
329 285 414 314 albam
425 305 433 319 ,
447 285 508 313 illos
517 285 662 314 haereticos
669 285 728 320 ‘qui
742 291 772 313 se
784 286 862 314 mun*

75 335 127 363 dos
151 334 293 370 appellant,
319 333 376 360 sive
402 333 530 367 reliquos,
545 332 591 367 qui
615 333 648 359 de
673 332 741 359 falso
766 332 861 360 merito

75 381 231 416 gloriantur,
245 380 312 407 sicut
333 379 453 413 Pelagius
481 383 508 406 et
535 378 662 406 Novatus.
691 377 756 405 Cum
772 382 861 406 autem

73 433 190 454 macram
203 424 245 453 vel
269 424 375 451 lividam
401 425 500 458 lepram
527 428 739 456 commemorat,
755 423 861 450 invidia

73 476 102 499 et
125 470 214 498 livoris
239 473 316 497 notas
332 475 495 497 exsecratur.
507 469 573 496 Cum
598 476 661 497 vero
675 469 777 504 nigram
794 469 858 496 insi-

71 521 144 551 nuat3
156 516 346 544 sacrificiorum
359 516 432 543 sumo
445 520 472 543 et
483 516 560 543 busto
570 515 727 543 idololatriae
739 515 859 549 denigra-

72 567 126 590 tam
133 561 323 589 conscientiam
332 562 488 589 detestatur.
504 561 570 589 Cum
577 566 664 589 autem
676 561 858 588 florescentem

69 610 126 635 toto
153 614 283 641 corpore,
313 611 341 634 et
367 607 563 641 cooperientem
579 613 684 634 omnem
707 605 859 641 pelliculam

69 653 188 687 corporis
214 659 228 679 a
253 653 339 687 capite
365 660 450 687 usque
476 653 509 680 ad
534 653 614 686 pedes
641 651 715 685 dicit,
740 651 859 678 avaritiae

67 697 171 725 crimen
185 698 311 731 ostendit,
327 705 387 732 quia
413 706 484 725 nune
510 698 634 725 floridum
662 702 688 724 et
711 697 858 732 jucundum

67 748 176 779 putatur
189 744 324 771 hominem
339 744 444 772 felicem
454 751 518 772 ecce
533 745 560 772 in
575 744 624 772 hoc
639 744 739 772 mundo
774 749 801 771 et
815 744 858 771 di—

66 789 148 818 vitem
159 789 243 817 videri
261 790 287 817 in
307 790 415 817 saeculo.

101 833 146 861 15.
167 833 229 861 llaec
257 834 329 862 enim
357 834 439 869 pestis
466 834 583 862 avaritiae
608 841 688 862 omne
719 834 855 861 hominum

65 885 160 914 genus,
178 880 254 914 quasi
279 884 363 908 totum
382 888 487 915 corpus,
503 880 600 908 crebro
613 888 713 908 erroris
733 880 856 915 contagio
871 880 896 911 B

64 926 252 953 commaculat.
265 925 331 953 Cum
346 930 435 954 autem
457 926 558 961 lepram
568 934 628 961 quae
639 926 719 953 habet
731 925 855 953 ruborem

63 977 126 999 cum
140 971 240 1006 pallore
251 973 418 1006 permistum,
444 980 503 999 eum
519 972 654 999 hominem
679 973 787 999 denotat
799 971 855 1006 qui,

65 1022 126 1043 cum
140 1016 174 1043 sit
188 1016 328 1044 imbecillis
342 1017 440 1051 animo,
456 1022 484 1044 et
499 1017 625 1049 mendax,
642 1017 718 1044 lacile
736 1017 762 1044 in
784 1017 858 1044 l'uro-

65 1068 122 1089 rem
149 1063 305 1097 prorumpit,
333 1067 360 1090 et
384 1063 491 1089 levitate
515 1070 618 1089 morum
645 1062 698 1089 cito
719 1062 855 1096 perjurat;

63 1106 151 1141 pallor
176 1107 247 1134 enim
273 1108 445 1135 mentientem
474 1107 591 1143 linguam
606 1108 748 1142 significat.
765 1107 857 1135 Rubor

63 1157 152 1180 autem
168 1153 331 1180 iracundiam
348 1154 508 1181 manifestat.

99 1197 144 1225 14.
165 1199 213 1226 Est
234 1198 323 1233 itaque
345 1199 416 1233 lepra
441 1199 552 1233 peccati,
581 1206 640 1233 quae
665 1198 855 1226 sacrificiorum

62 1243 244 1271 oblationibus
268 1245 438 1277 emundatur,
466 1245 491 1271 id
518 1249 568 1277 est,
599 1245 715 1271 contrito
734 1244 814 1272 corde
828 1249 856 1271 et

62 1288 202 1317 humiliato
214 1299 220 1316 :
234 1290 397 1324 Sacrificium
407 1290 473 1316 enim
483 1289 566 1324 419
579 1290 632 1316 Deo
643 1290 746 1324 spiritus
758 1291 854 1316 contri·

62 1335 164 1362 balatus
182 1334 267 1370 (Psat.
281 1335 319 1369 ι).
335 1335 383 1362 Est
393 1340 420 1362 et
435 1335 601 1367 idololatrioe,
614 1342 672 1369 quoe
693 1342 760 1369 aqua
775 1335 854 1362 dilui-

62 1385 106 1408 tur
117 1381 251 1415 baptismi.
265 1381 312 1408 Est
322 1385 349 1408 et
361 1380 558 1413 haereticorum,
567 1387 628 1415 quae
638 1386 739 1415 septem
749 1381 851 1408 dierum

61 1427 218 1462 purgatione
232 1431 308 1454 extra
318 1432 406 1454 castra
421 1426 560 1460 habeatur,
582 1426 607 1454 id
629 1432 682 1460 est,
698 1435 744 1461 per
767 1428 851 1462 septi-

61 1471 155 1500 [ornus
166 1473 281 1507 Spiritus
294 1472 456 1507 agnitionem
468 1473 633 1507 purificetur.

97 1518 142 1546 ¹5.
165 1518 212 1545 Est
235 1526 294 1554 quae
317 1518 376 1545 visu
397 1518 543 1546 sacerdotis
562 1518 680 1545 aufertur
694 1526 741 1553 per
751 1518 850 1546 doetri-

61 1571 132 1592 uam.
156 1564 245 1592 Genus
271 1570 359 1592 autem
387 1565 479 1599 leprae,
505 1564 575 1600 quod
603 1564 725 1598 mundari
740 1566 849 1593 omnino
865 1562 887 1593 C

61 1618 114 1638 non
127 1615 226 1646 potest,
240 1618 331 1639 eorum
346 1616 387 1639 est
399 1612 445 1646 qui
457 1611 484 1639 in
505 1611 633 1646 Spiritum
656 1615 775 1638 sanctum
792 1619 853 1646 pec-

61 1660 133 1689 cant,
149 1663 198 1683 nec
213 1655 304 1683 dicunt
325 1656 487 1691 poeniteutes
503 1663 583 1691 posse
597 1656 723 1690 consequi
736 1657 851 1684 veniam.

60 1700 98 1728 De
119 1701 161 1728 liis
183 1701 220 1729 ait
234 1701 341 1729 Veritas
357 1711 363 1729 :
381 1702 430 1735 Qui
457 1702 597 1737 peccaverit
618 1702 646 1729 in
660 1702 787 1737 Spiritum
797 1711 854 1730 san-

59 1749 138 1778 ctum,
161 1754 212 1773 non
238 1747 378 1774 remittetur
397 1747 430 1780 ci,
460 1755 504 1774 nec
526 1747 552 1774 in
566 1746 613 1774 hoc
635 1747 738 1781 xaecuto,
758 1755 804 1774 uec
825 1747 852 1774 in

59 1791 148 1827 futuro
162 1791 269 1827 (Matth.
285 1793 345 1827 xit).

96 1836 141 1863 ¹6.
154 1836 230 1870 Quod
240 1844 304 1864 vero
313 1836 422 1871 jubetur
434 1836 547 1871 leprosis
558 1841 586 1864 ut
595 1840 692 1864 exeant
702 1836 735 1864 de
745 1836 850 1869 castris,

60 1886 88 1910 et
102 1882 214 1911 sedeant
227 1882 303 1915 soris,
315 1882 401 1910 donec
414 1882 556 1910 mundetur
567 1882 640 1917 lepra
656 1890 759 1914 eorum,
773 1881 851 1909 intel-

59 1926 150 1962 ligitur
165 1927 305 1955 haereticos
319 1927 413 1962 projici
433 1927 530 1956 debere
543 1927 577 1955 ab
591 1928 721 1961 Ecclesia,
735 1927 821 1955 donec
835 1934 850 1954 a

59 1973 167 2008 proprio
181 1980 273 2001 errore
289 1979 445 2009 purgentur,
460 1978 486 2001 et
507 1974 546 2001 sic
570 1977 738 2001 revertantur
752 1973 784 1999 ad
798 1973 850 1999 Do-

60 2017 171 2045 minum.
198 2018 333 2053 Ejusmodi
359 2026 424 2046 vero
443 2018 552 2046 dissutis
566 2018 678 2050 tunicis,
699 2017 790 2051 capite
803 2017 849 2044 de-

60 2068 164 2098 operto,
190 2067 218 2091 et
249 2071 296 2091 ore
323 2063 459 2097 obvoluto,
488 2063 582 2091 sedere
604 2063 742 2098 jubentur,
769 2062 851 2096 leprae

60 2108 263 2137 mundationem
278 2114 479 2144 exspectantes;
494 2109 605 2137 dissutis
620 2108 726 2142 tunicis,
750 2108 776 2135 id
799 2113 849 2142 est,

61 2153 185 2181 omnibus
200 2154 312 2182 secretis
323 2153 510 2182 manifestatis.
526 2153 621 2188 Capite
635 2153 776 2188 deoperto,
792 2157 820 2180 ut
835 2160 850 2180 a

60 2198 162 2225 cunctis
186 2198 245 2233 eius
267 2198 412 2226 denudatio
440 2198 571 2226 videatur.
599 2198 651 2225 Ore
677 2198 769 2225 clauso
780 2218 788 2231 ,
816 2204 850 2225 ne

915 244 1000 267 trama
1016 241 1166 268 mollissimi
1182 241 1302 276 corporis
1317 247 1422 268 sensus.
1438 240 1514 274 Quod
1526 248 1590 269 vero
1602 240 1704 276 leprosi

912 285 940 312 in
952 285 1011 320 lege
1030 286 1064 313 ad
1076 285 1243 314 sacerdotem
1267 287 1417 319 mittuntur,
1434 287 1534 314 indicat
1548 294 1595 321 pro
1609 293 1703 316 emun-

912 330 1020 359 datione
1054 331 1238 360 haereticorum
1277 337 1339 360 ante
1367 331 1525 359 sacrificium
1554 333 1702 361 Ecclesiam

912 375 1025 403 nomino
1049 376 1145 404 offerre
1171 378 1286 411 debere,
1307 382 1334 405 et
1358 376 1396 405 sie
1421 377 1587 405 reconciliari
1607 379 1703 407 unitati

911 420 1049 448 Ecclesiae.

1209 457 1322 486 CAPUT
1343 458 1400 485 xll.

1050 511 1091 539 De
1105 513 1235 540 sacerdote
1253 521 1357 549 magno,
1369 518 1394 541 et
1408 514 1477 541 cuttu
1492 516 1558 543 eius.

946 568 971 595 l.
989 569 1060 596 Dixit
1082 569 1212 597 Dominus
1239 570 1272 597 ad
1288 570 1396 606 Moysen
1412 579 1418 597 x
1444 570 1578 606 Pontifex,
1602 571 1628 598 id
1654 577 1701 604 est,

909 614 1028 640 sacerdos
1041 615 1168 641 maximus
1181 614 1262 650 420
1272 615 1338 641 inter
1349 617 1442 650 fratres
1456 624 1526 649 suos,
1541 624 1615 651 super
1628 617 1702 651 cujus

909 663 983 692 caput
995 659 1079 693 susum
1092 663 1128 685 est
1139 659 1223 686 oleum
1234 661 1373 692 unctionis,
1388 665 1412 687 et
1425 661 1500 695 cnjus
1514 669 1605 687 manus
1621 662 1646 688 in
1658 670 1702 688 ea-

908 706 1018 732 cerdotio
1026 710 1179 733 consecratae
1188 710 1258 739 sunt,
1268 706 1420 741 vestitusque
1432 711 1468 733 est
1476 707 1570 733 sanctis
1582 707 1702 740 vestibus,

908 755 983 785 caput
997 758 1069 777 suum
1085 759 1134 777 non
1155 751 1332 785 discooperiet,
1356 752 1504 778 vestimenta
1517 759 1569 778 non
1594 752 1702 786 scindet,

907 801 931 824 et
946 797 980 823 ad
993 805 1093 824 omnem
1106 801 1234 824 mortuum
1247 798 1350 825 omnino
1362 805 1414 824 non
1427 798 1592 832 ingredietur.

943 854 970 881 2.
992 854 1077 890 Super
1096 861 1168 890 patre
1187 864 1233 883 suo
1248 865 1347 891 quoque
1362 860 1386 883 et
1410 861 1489 883 matre
1509 864 1560 883 non
1576 857 1702 884 contami-

909 900 1021 932 nabitur,
1038 909 1082 928 nec
1104 902 1247 936 eyredietur
1262 902 1293 928 de
1306 902 1411 935 sanctis,
1425 910 1457 928 ne
1471 901 1570 936 polluat
1583 907 1703 928 sanctua-

909 947 975 973 rium
996 946 1056 979 Dei,
1079 948 1139 982 quia
1153 948 1238 974 oleum
1250 952 1343 975 sanctae
1357 948 1483 974 unctionis
1498 946 1547 973 Dei
1562 948 1601 974 sui
1616 947 1702 982 susum

908 995 946 1017 est
959 998 1035 1024 super
1048 999 1114 1018 eum.
1130 992 1186 1026 qu
1199 991 1325 1018 Dominus
1340 1000 1350 1018 :
1361 992 1484 1028 virginem
1494 992 1571 1019 ducat
1584 1000 1701 1019 uxorem.

913 1034 1036 1068 Viduam,
1049 1040 1072 1062 et
1086 1036 1257 1070 repudiatam,
1269 1042 1292 1063 et
1307 1037 1449 1070 sordidam,
1462 1042 1536 1071 atque
1545 1038 1703 1064 meretricem

909 1087 958 1107 non
976 1081 1091 1115 accipiet,
1107 1081 1152 1108 sect
1167 1081 1278 1116 puellam
1290 1082 1321 1109 de
1333 1082 1428 1117 populo
1441 1091 1497 1115 suo,
1509 1091 1540 1110 ne
1550 1085 1703 1111 contaminet

908 1133 993 1153 semen
1007 1135 1091 1154 suum.

943 1183 970 1210 5.
991 1183 1122 1211 Sacerdos
1148 1185 1279 1211 maximus
1304 1185 1374 1211 inter
1397 1184 1494 1212 fratres
1509 1192 1573 1212 suos
1586 1184 1631 1212 hic
1646 1191 1699 1218 est,

908 1228 942 1256 de
953 1236 1006 1263 quo
1021 1229 1156 1261 scribitur,
1173 1237 1232 1256 cum
1248 1230 1465 1257 resurrexisseta
1482 1230 1614 1258 mortuis:
1631 1229 1701 1257 Vade

907 1273 941 1300 ad
954 1275 1046 1308 [ratres
1060 1283 1137 1307 meos,
1155 1279 1179 1301 et
1194 1275 1235 1300 dic
1248 1275 1284 1301 eis
1299 1283 1307 1301 :
1335 1275 1450 1301 Ascendo
1461 1275 1494 1300 ad
1502 1274 1607 1301 Patrem
1618 1284 1700 1302 meum

906 1323 930 1345 et
945 1320 979 1345 ad
992 1319 1096 1346 Patrem
1108 1325 1229 1354 vestrum,
1257 1319 1340 1345 Deum
1353 1327 1435 1346 meum
1448 1324 1469 1346 et
1485 1320 1567 1346 Deum
1588 1326 1700 1348 vestrum

906 1363 998 1399 (loun.
1014 1373 1059 1396 xx,
1076 1364 1131 1400 17).
1153 1364 1240 1399 Super
1251 1367 1326 1400 cujus
1338 1371 1414 1399 caput
1429 1367 1514 1401 [usum
1525 1371 1561 1392 est
1575 1368 1701 1394 unctionis

906 1409 999 1443 oleum,
1012 1411 1089 1444 juxta
1101 1411 1171 1445 quod
1184 1411 1313 1446 propbeta
1327 1412 1409 1438 David
1421 1413 1458 1439 ait
1472 1420 1479 1439 :
1493 1412 1613 1439 Dilexisti
1621 1414 1701 1450 justi-

904 1456 977 1489 tiam,
992 1461 1015 1482 et
1031 1457 1107 1483 odisti
1126 1457 1286 1492 iniquitatem
1299 1466 1309 1490 ,·
1335 1462 1468 1492 propterea
1493 1459 1567 1485 unxit
1581 1463 1604 1485 te
1619 1459 1698 1493 Deus,

904 1501 973 1529 Deus
990 1508 1058 1538 tuus,
1074 1503 1129 1530 oleo
1144 1503 1240 1530 lwtt'tioe
1258 1512 1311 1539 prce
1327 1504 1494 1539 participibus
1511 1505 1562 1532 tuin
1579 1504 1698 1539 (Psatm.

903 1549 988 1583 xttv).

942 1594 968 1621 4.
989 1594 1067 1627 Cuius
1081 1599 1234 1622 consecrata!
1255 1600 1314 1622 aunt
1338 1603 1439 1622 manua.
1465 1595 1517 1623 lste
1529 1601 1700 1624 consecratas

906 1640 986 1668 habet
1012 1648 1121 1674 manus,
1148 1641 1212 1668 dum
1237 1650 1282 1669 eas
1305 1643 1331 1669 iu
1362 1642 1486 1676 passione
1510 1642 1631 1669 extendit
1651 1649 1699 1677 pro

904 1686 1057 1720 expiatione
1069 1687 1150 1714 totius
1166 1687 1267 1715 saeculi.
1284 1687 1468 1714 Vestimeutum
1481 1693 1566 1715 autem
1580 1691 1635 1724 ejus
1648 1695 1699 1715 non

903 1733 1040 1766 scinditur,
1070 1733 1095 1760 id
1118 1738 1168 1766 est,
1193 1741 1247 1761 non
1262 1734 1361 1769 patitur
1380 1734 1461 1761 dividi
1485 1734 1512 1761 in
1535 1734 1651 1762 liaereses
1671 1737 1700 1764 et

904 1779 1047 1806 schismata
1062 1779 1210 1807 Ecclesiam
1224 1787 1311 1814 suam,
1326 1788 1385 1816 qum
1396 1781 1434 1807 illi
1449 1781 1605 1809 inhaerendo
1617 1783 1699 1809 vestis

904 1830 945 1852 est
967 1826 1085 1860 propria,
1111 1826 1186 1860 cujus
1202 1826 1350 1854 indumenti
1375 1827 1458 1862 figura
1482 1827 1532 1854 fuit
1549 1828 1638 1855 tunica
1653 1828 1698 1855 illa

903 1869 966 1897 Jesu
992 1870 1169 1903 inconsutilis,
1197 1871 1244 1899 sed
1269 1879 1315 1906 per
1336 1877 1419 1899 totum
1442 1873 1552 1906 textilis,
1581 1881 1640 1907 oute
1668 1874 1696 1900 in

903 1916 1029 1951 passione
1053 1924 1106 1944 nou
1131 1917 1274 1950 scinditur,
1298 1917 1372 1945 seda
1386 1918 1538 1952 possidente
1560 1910 1697 1946 individua

903 1966 1035 1988 servatur.

938 2007 965 2035 5.
985 2007 1026 2034 Act
1040 2013 1166 2035 mortuum
1193 2016 1244 2035 non
1268 2008 1373 2034 accedat
1380 2016 1389 2040 ‚·
1404 2007 1465 2042 quia
1489 2011 1627 2041 peccalum
1640 2015 1695 2035 non

902 2052 978 2086 l'ecit,
1005 2061 1052 2088 per
1076 2057 1215 2088 peccatum
1240 2054 1310 2080 enim
1339 2061 1413 2080 mors
1436 2053 1604 2089 intelligitur,
1628 2054 1698 2081 sicut

902 2100 1029 2134 scriptum
1045 2104 1086 2127 est
1098 2108 1105 2126 :
1119 2100 1211 2127 Anima
1222 2107 1279 2134 quoe
1300 2101 1422 2135 peccavit,
1437 2100 1494 2135 ipsa
1509 2101 1641 2127 morietur.
1663 2099 1698 2126 In

903 2149 976 2180 patre
989 2149 1013 2173 ct
1024 2151 1105 2173 matre
1119 2153 1171 2172 non
1185 2146 1408 2172 contaminabitur.
1427 2146 1454 2173 ln
1476 2150 1560 2173 matre
1574 2146 1697 2173 Christus

903 2197 956 2218 non
968 2195 1007 2218 est
1019 2191 1211 2225 pollutus,cum
1220 2195 1282 2218 ante
1291 2191 1387 2218 saecula
1398 2195 1554 2218 nasceretur
1565 2192 1598 2218 de
1610 2196 1697 2226 patre.

53 2244 172 2272 'ulterius
183 2244 263 2280 impl!
272 2245 378 2280 doceat,
391 2245 434 2273 vel
445 2245 577 2280 loquatur.
590 2244 643 2272 Sed
655 2244 742 2272 adhuc
751 2242 849 2276 'adjecit
860 2248 888 2279 D
939 2248 966 2274 6.
987 2246 1116 2275 Similiter
1130 2247 1156 2274 in
1172 2252 1245 2282 patre
1258 2255 1313 2275 non
1333 2253 1374 2275 est,
1388 2248 1610 2280 commaculatus,
1635 2255 1696 2275 cum

60 2288 198 2325 Scriptura
210 2290 312 2326 lepram
328 2297 389 2319 esse
399 2290 426 2318 ἰιι
441 2290 523 2323 vasis,
537 2290 564 2317 in
580 2289 724 2325 parietibus
745 2290 852 2324 domus,

59 2334 86 2364 in
99 2337 265 2370 vestimento,
282 2337 309 2365 in
324 2342 420 2371 trama,
436 2337 462 2364 in
478 2337 603 2364 stamine.

96 2380 140 2407 Π.
160 2380 244 2416 Lepi-a
257 2381 286 2409 in
300 2383 447 2417 parietibus
469 2382 565 2410 domus
586 2381 774 2409 haereticorum
787 2387 852 2409 con-

61 2425 181 2460 gregatio
205 2425 358 2461 donentur,
382 2435 442 2463 quac
466 2434 514 2462 per
548 2427 716 2455 sacerdotem
746 2427 852 2462 purgari

60 2468 181 2504 jubetur.
196 2470 283 2506 Lopn
297 2472 324 2500 in
339 2472 467 2507 vasculis,
483 2473 625 2507 unicuique
639 2473 739 2501 bomini
750 2473 851 2508 proprii

61 2514 186 2549 corporis
195 2514 302 2544 delicta.
314 2516 399 2552 Lepta
412 2518 439 2546 in
449 2518 574 2553 stamine,
586 2519 630 2546 vel
642 2518 669 2546 in
680 2518 850 2552 vestimento.

62 2564 173 2595 peccata
187 2568 254 2599 quaeb
264 2567 343 2590 extra
357 2570 454 2599 corpus
466 2563 679 2599 comuiittuntur,
691 2564 735 2593 vel
747 2572 806 2600 quae
821 2565 849 2593 iu

62 2605 122 2641 ipso
135 2613 249 2642 cot-pore
261 2611 456 2644 perpetrantur.

78 2696 142 2739 sto.
161 2697 221 2726 All).
235 2706 246 2739 ‚²
259 2687 686 2742 coaluit-:mmmmm
706 2702 738 2730 at
758 2701 848 2730 sate-

62 2739 138 2761 ιιι...
169 2737 194 2760 et
219 2740 256 2760 stc
279 2737 467 2763 conmuniter.
504 2734 618 2764 omum
641 2733 726 2765 edidit
754 2737 849 2772 adiedt

46 2762 207 2810 Ἥρης
219 2767 328 2803 tomm.
341 2767 459 2805 Repo-ul
474 2768 611 2806 scriptum
631 2771 739 2800 axelii·
757 2778 848 2800 emi·-

185 2805 446 2874 fflffl’amss
402 2803 835 2873 ”t·.¹.'1“t.‚.......⁴““‘·.·t.⁸:t?“·'
836 2827 846 2843 ·

183 2886 323 2920 Panos..
344 2886 524 2920 Lxxxm.

907 2292 935 2320 in
947 2293 1075 2320 saeculum
1091 2298 1246 2321 nasceretur
1260 2301 1293 2321 ex
1306 2298 1402 2322 matre.
1426 2293 1506 2322 Solus
1519 2294 1591 2321 enim
1604 2294 1631 2321 in
1646 2302 1696 2321 sae-

905 2337 966 2365 culo
990 2338 1105 2366 mundus
1133 2338 1270 2373 ingressus
1294 2343 1337 2366 est
1347 2361 1355 2372 ,
1386 2339 1534 2373 procedens
1559 2346 1593 2366 cx.
1621 2342 1699 2367 utero

903 2382 1027 2417 virginali
1040 2383 1099 2411 sine
1110 2384 1270 2417 contagione
1284 2383 1365 2410 virili.
1381 2383 1447 2409 Nam
1459 2390 1508 2409 nos
1519 2389 1623 2414 omnes,
1633 2382 1697 2410 dum

904 2435 1057 2463 peccamus,
1071 2428 1286 2456 contaminamur
1300 2428 1327 2455 in
1352 2434 1427 2462 patre
1441 2427 1476 2454 de
1487 2435 1540 2462 quo
1555 2428 1638 2454 creati
1652 2435 1698 2455 su-

905 2482 976 2507 mus,
991 2474 1014 2501 si
1024 2473 1052 2501 in
1066 2474 1191 2501 liaeresim
1206 2473 1388 2500 devolvamur.
1402 2472 1468 2500 ltem
1482 2473 1509 2499 in
1530 2477 1616 2500 matre
1630 2480 1698 2500 coii-

903 2520 1073 2552 tamiuamur,
1097 2519 1121 2546 si
1146 2519 1288 2546 credentes
1312 2518 1368 2546 Deo
1390 2518 1418 2546 in
1446 2518 1536 2553 aliquo
1551 2519 1696 2547 Ecclesiam

902 2565 965 2593 laedi
976 2565 1101 2597 sinimus,
1123 2564 1166 2592 vel
1182 2564 1335 2593 libertatem
1349 2564 1442 2592 matris
1455 2565 1573 2593 coele'stis
1587 2565 1696 2602 indigna

902 2609 1006 2645 peccati
1019 2609 1149 2637 servitute
1166 2608 1308 2638 foedamus.

935 2700 1000 2729 ci».
1013 2707 1060 2727 xu.
1073 2698 1107 2726 N.
1121 2698 1147 2726 l.
1158 2698 1219 2727 All).
1236 2706 1244 2725 ι
1259 2696 1295 2725 Et
1308 2697 1344 2726 cd
1356 2697 1484 2726 Matium
1497 2702 1626 2727 mortuum
1639 2706 1695 2727 mn-

900 2737 1045 2799 ”biiiffit
1056 2735 1154 2797 :mliii
1172 2768 1310 2803 seinaim,
1323 2769 1369 2798 aa
1382 2769 1516 2799 uanum
1539 2770 1694 2807 pudeam

901 2811 1027 2836 tenatur.
1039 2806 1126 2834 ων.

1477 2885 1515 2918 ss
