1832 3016
52 83 115 113 its-53

341 83 440 112 Lmen
459 79 677 110 NUMERORUM
698 79 758 113 QUt
778 78 811 107 ΙΝ
830 78 975 108 SANC'ttS
998 77 1204 109 scntt‘Tuttts
1223 78 1444 109 OCCURRUNT.

1654 77 1707 110 tot

51 145 121 180 'lege
135 143 274 179 ηῃο3ιυ1ξςί
284 143 369 170 sontes
383 142 513 176 leguntur,
523 140 598 175 juxta
610 148 676 175 quos
688 140 855 175 septuaginta
869 143 896 172 Α
909 140 950 167 Ab
963 139 1098 167 Abraham
1113 147 1229 175 namque
1244 147 1329 174 usque
1351 140 1385 167 ad
1406 138 1488 167 David
1503 138 1704 174 quatuordecim

49 197 205 220 ·ct·everunt
218 192 328 226 patmum
353 189 493 217 duodecim
523 196 636 223 namque
659 189 740 216 lsrael
769 189 855 217 tribus

50 244 200 266 =vocantur.
226 236 367 265 Duodecim
393 236 473 262 etiam
498 235 683 269 exploratores
706 235 740 262 ad
755 239 853 262 terram

49 290 178 312 ¹sanctam
195 283 344 314 mittuntur,
359 281 455 316 quibus
470 282 563 308 botrus
583 282 609 308 iu
625 281 697 316 ligno
719 282 769 310 sub
793 285 855 316 typo

46 330 159 357 ⁴Christi
176 328 301 356 defertur.

0 378 9 390 '¹
59 390 62 399 ·
95 376 142 403 68.
166 375 283 408 Denique
293 377 320 401 et
337 378 444 407 propter
455 374 613 401 aeternitatis
626 375 808 402 testimonium
821 375 855 402 de

59 420 184 448 Jordanis
211 426 289 445 amne
317 419 418 453 lapides
445 419 585 447 duodecim
610 420 778 453 auferuntur,
809 421 854 455 qui

62 470 197 501 ponunlut·
209 466 234 491 in
250 465 309 492 luco
323 465 366 492 ubi
383 466 502 493 secundo
516 466 691 494 circumcisus
706 471 749 494 est
762 467 854 494 lsrael.

46 511 140 540 lPorro
156 511 227 538 Elias
248 519 280 539 ex
301 511 440 539 duodecim
457 511 592 547 lapidibus
606 513 748 540 :edificavit
759 513 852 545 altare,

0 564 7 572 ·
45 561 84 587 ιιι
103 558 171 592 apud
188 557 343 586 Mattbaeum
357 565 395 585 xit
412 558 559 592 fragmenta
573 559 750 593 cophinorum
762 566 854 593 super-

46 603 162 629 yluerunt
179 602 204 629 in
220 602 374 631 solitudine.
398 603 463 631 ltetn
477 604 503 631 in
516 605 678 640 Apocalypsi
699 605 732 632 de
744 605 855 638 singulis

0 658 6 664 ·
56 647 268 682 patriarcharum
283 649 403 677 tribubus
424 649 564 677 duodecim
577 650 660 677 millia
675 650 816 685 signantur
827 651 853 677 in

56 693 199 721 l'routibus.
223 694 308 729 Super
328 700 409 730 caput
429 704 536 731 quoque
551 696 619 731 Agni
633 703 732 723 corona
749 696 855 724 duode-

57 740 109 766 cim
125 739 263 766 stellarum
284 740 447 775 resplendet,
460 741 668 768 ettundamenta
680 742 759 769 etiam
774 741 854 769 Jeru-

55 785 138 812 salem
160 793 193 812 ex
213 786 354 814 duodecim
370 787 495 822 pretiosis
512 788 645 822 lapidibus
666 793 740 822 sunt,
756 793 783 815 et
798 789 855 822 ipsa

907 187 1093 221 generationes
1108 190 1330 214 annumerantur.
1352 186 1418 214 ltem
1444 194 1459 213 a
1479 184 1563 212 David
1578 185 1706 220 usquead

908 233 1171 269 transmigrationem
1189 234 1299 262 totidem
1314 234 1502 269 generationes
1519 234 1704 269 reperiuntur;

907 278 989 315 239
1014 286 1159 314 rursusque
1188 286 1272 314 usque
1298 279 1332 307 ad
1357 278 1496 307 Christum
1517 279 1705 315 generationes

908 325 1111 359 quatuordecim
1123 330 1320 360 computantur.

943 370 987 398 Ἠ.
1010 370 1037 398 ln
1065 371 1123 406 lege
1145 379 1252 406 quoque
1278 375 1374 406 quarto
1399 370 1506 398 decimo
1534 370 1577 399 die
1603 372 1706 400 mensis

908 416 986 451 primi
1007 417 1106 450 pascha
1125 417 1256 444 celebrari
1267 417 1377 451 jubetur
1391 417 1426 444 de
1441 424 1523 444 carne
1538 417 1598 453 agni
1613 418 1708 446 imma-

906 461 997 489 culati.
1025 461 1053 487 ln
1076 461 1218 488 Ezecliiele
1232 466 1320 489 autem
1340 461 1541 496 quatuordecim
1556 463 1708 490 extenditur

907 508 1002 535 cubitis
1023 507 1132 542 crepido
1159 508 1278 536 coelestis
1298 508 1391 535 altaris
1415 507 1523 543 (Ezech.
1550 515 1627 542 xant,
1651 510 1707 545 Π).

907 554 1114 588 Quatuordecim
1131 560 1261 589 praeterea
1288 555 1365 582 annis
1379 555 1492 582 servivit
1506 555 1590 583 Jacob
1605 556 1706 584 Laban-

906 601 1113 634 Quatuordecim
1123 602 1186 628 anni
1197 601 1304 628 suerunt
1319 602 1447 629 ubertatis
1461 601 1562 638 [Forte,
1580 602 1708 629 sterilita-

908 649 942 675 tis
953 653 981 676 et
997 648 1137 684 ubertatis]
1154 649 1180 675 in
1195 648 1311 684 AEgypto
1325 649 1376 676 sub
1386 648 1501 683 Joseph.

945 695 990 722 75.
1014 695 1111 722 l'aulus
1125 702 1231 730 quoque
1247 695 1384 729 apostolus
1401 699 1460 728 post
1476 702 1561 721 annos
1580 698 1709 729 quatuor-

907 741 992 768 decim
1018 740 1051 767 ad
1074 739 1309 774 evangelizandum
1335 739 1456 767 ascendit
1483 739 1510 766 in
1536 739 1686 766 Jerusalem
1697 759 1705 772 ,

907 787 1031 813 Barnaba
1046 794 1138 813 secum
1161 791 1187 813 et
1203 786 1264 813 Tito
1277 786 1433 819 assumptis.
1456 785 1527 812 ldem
1543 786 1708 820 quatuorde-

56 831 150 859 civitas
169 840 207 859 xn
230 833 323 860 stadiis
344 838 386 861 est
407 835 523 869 undique
537 842 655 868 versum,
677 840 704 862 et
730 835 853 870 ejusdem
870 844 891 873 B
907 834 959 861 eim
973 833 1100 868 Epistolis
1116 833 1314 868 praedicationis
1330 840 1388 860 suae
1400 840 1551 860 sermonem
1566 833 1707 859 conclusit.

55 878 171 905 civitatis
186 887 222 906 xn
237 885 373 913 portarum
389 880 524 914 ingressus
540 881 661 908 liabetur.

51 943 58 949 f
94 924 138 952 69,
162 925 209 952 llic
221 926 400 953 duodenarius
411 935 539 954 numerus
554 928 641 955 sexies
661 928 853 963 multiplicatus

56 971 118 999 l'acit
139 974 305 1008 septuaginta
327 975 394 1002 duos
418 975 575 1009 discipulos,
593 975 636 1010 qui
654 977 804 1003 missisunt
819 976 852 1004 ad

56 1018 253 1052 praedicandum
285 1027 330 1053 per
360 1025 442 1047 totum
473 1021 599 1047 mundum
629 1021 656 1048 in
685 1014 852 1055 septuaginta

56 1064 158 1092 duabus
183 1065 278 1100 linguis
303 1066 430 1093 divisum.
455 1066 517 1093 ltem
533 1066 723 1100 multiplicatus
752 1068 777 1093 in
793 1075 853 1094 sese

55 1111 255 1140 el'ticitceutum
271 1113 446 1147 quadraginta
467 1118 591 1147 quatuor,
607 1114 651 1148 qui
666 1118 706 1141 cst
728 1121 852 1141 mensura

55 1163 193 1183 murorum
210 1157 367 1184 Jerusalem.

92 1203 174 1238 238
184 1203 229 1230 70.
237 1203 308 1230 ldem
321 1204 378 1237 Ipse
389 1211 493 1238 quoque
506 1203 697 1238 multiplicatus
714 1205 776 1232 sacit
788 1213 852 1232 cen-

56 1249 304 1284 tun1.qua‹traginta
327 1254 440 1283 quatuor
456 1249 537 1275 millia
558 1250 734 1284 signatorum,
758 1250 783 1276 id
799 1255 850 1282 est,

57 1294 257 1322 universitatem
272 1300 435 1322 sanctorum.
453 1295 584 1322 Praeterea
600 1301 627 1322 et
641 1296 667 1322 in
685 1296 850 1330 temporibus

56 1341 118 1368 etin
129 1341 248 1376 partibus
258 1341 349 1368 mundi
361 1341 487 1368 convenit
500 1348 627 1368 numerus
635 1342 695 1369 iste.
705 1342 849 1369 Duodecim

55 1387 126 1414 enim
141 1387 276 1414 mensibus
297 1387 384 1421 explet
397 1387 437 1414 sol
453 1388 503 1415 iste
515 1387 629 1415 visibilis
644 1395 742 1415 anuum
760 1397 766 1414 z
784 1388 848 1415 duo-

54 1431 140 1458 decim
162 1431 242 1459 etiam
266 1431 349 1460 flabra
362 1437 504 1460 ventorum
526 1433 681 1461 universum
708 1440 849 1469 peragrant

55 1478 192 1505 mundum.
205 1477 350 1506 Duodecim
362 1479 441 1506 etiam
454 1479 526 1507 liorae
538 1484 600 1506 sunt
611 1479 673 1511 diei,
688 1479 850 1514 totidemque

55 1522 127 1551 horae
138 1530 200 1552 sunt
215 1524 309 1552 noctis.

349 1570 461 1599 CAPUT
482 1571 551 1599 XlV.

241 1617 279 1646 De
293 1618 398 1645 denario
419 1618 530 1645 ternario
550 1625 664 1645 numero.

90 1671 134 1701 7¹.
154 1673 283 1701 Deum-tus
299 1675 425 1702 ternarius
434 1683 562 1702 numerus
577 1679 686 1710 propter
701 1674 751 1702 tria
765 1679 792 1702 et
805 1673 852 1702 de·

53 1723 112 1747 cem
138 1719 259 1754 designat
287 1721 382 1755 legem,
411 1725 438 1748 et
462 1721 655 1755 legislatorem,
678 1721 850 1755 Deealogum,

54 1765 188 1797 videlicet,
201 1769 228 1791 et
240 1765 407 1793 Trinitatem.
422 1766 613 1800 Competenter
624 1770 713 1793 autent
737 1766 780 1793 liic
801 1774 851 1793 nu-

54 1820 145 1840 merus
159 1813 281 1848 apostolo
299 1813 381 1840 Paulo
395 1814 546 1847 ascribitur,
570 1814 614 1848 qui
638 1814 757 1849 ejusdem
781 1818 852 1841 tenet

56 1859 161 1885 numeri
179 1858 265 1885 locum
281 1859 307 1885 in
322 1858 417 1885 ordine
432 1859 625 1893 apostolorum.

91 1904 136 1931 72.
157 1903 223 1931 Nam
249 1904 317 1932 idem
345 1910 407 1933 aute
432 1906 615 1940 legisdoctor,
642 1910 734 1941 postea
754 1907 852 1934 divinae

56 1948 195 1978 Trinitatis
209 1951 235 1978 in
247 1953 371 1986 gentibus
382 1953 483 1980 exstitit
494 1954 664 1988 evangelicus
681 1954 851 1988 praedicator,

56 1997 132 2031 quasi
147 1997 239 2025 decem
255 2004 282 2026 et
298 2000 347 2026 tria
364 2004 468 2027 tenens.
495 1999 569 2028 Unde
581 2005 608 2028 et
630 2001 686 2035 ipse
702 2001 851 2034 BeniamIn,

55 2046 90 2073 de
109 2046 185 2081 cujus
200 2048 282 2081 stirpe
307 2047 405 2075 Paulus
424 2053 464 2076 est
477 2053 563 2081 ortus,
580 2050 605 2076 in
622 2050 692 2076 tribu
709 2049 788 2076 tertia
804 2048 853 2076 de-

56 2094 124 2121 cima
141 2098 319 2127 computatur,
335 2094 459 2128 Ephraim
476 2099 503 2121 et
522 2095 644 2122 Manasse
669 2094 852 2122 annumeratis

59 2147 108 2175 pro
121 2139 220 2175 Josepli
234 2139 261 2167 in
277 2140 370 2167 ordine
385 2140 609 2175 patriarcharum.

360 2196 474 2225 CAPUT
495 2197 552 2224 XV.

212 2242 251 2270 De
269 2243 372 2270 denario
391 2244 556 2277 quaternario
576 2251 690 2271 numero.

92 2287 136 2315 73.
159 2287 283 2315 bertarius
292 2289 470 2323 quaternarius
482 2296 619 2323 uumerus,
632 2289 692 2324 quia
704 2296 737 2316 ex
749 2289 852 2317 duobus

56 2335 216 2370 septenariis
242 2339 358 2368 constat,
382 2336 509 2370 gemitum
539 2335 616 2363 nobis
641 2336 769 2368 insinuat,
795 2336 852 2363 sive

59 2380 130 2407 hune
153 2381 338 2416 temporalem.
358 2389 439 2416 quem
453 2386 558 2409 veteres
577 2382 602 2409 in
625 2382 681 2409 otio
705 2382 852 2417 figuraliter

59 2427 214 2460 utebantur,
237 2428 296 2456 slve
317 2428 392 2456 illum
419 2433 559 2463 aeternum,
576 2429 604 2456 in
618 2437 672 2464 quo
685 2437 700 2456 a
715 2429 852 2458 laboribus

59 2473 118 2500 suis
142 2479 236 2500 omnes
259 2474 343 2502 sancti
367 2479 526 2509 exspectant
552 2475 685 2510 requiem.
706 2475 851 2511 Reperitur

59 2523 149 2548 autem
157 2518 233 2554 juxt·
241 2518 416 2556 Evangelium
424 2521 451 2550 in
457 2522 678 2557 generationibus
687 2527 851 2558 temporum.

95 2609 140 2641 70,
162 2608 309 2636 Duodecim
321 2607 394 2639 hom
406 2610 460 2642 dini
473 2611 501 2640 ln
520 2612 666 2650 Evangelio
688 2621 853 2642 commemo-

59 2649 166 2672 rantur.
180 2643 238 2672 Nox
250 2651 358 2685 quoque
371 2650 486 2679 quatuor
499 2647 596 2684 vigitiis
616 2650 768 2683 constabat,
783 2658 850 2677 una-

80 2679 750 2750 ”ssl'sst'tssffl'ss133¹?ss'⁵„?3³l{;n¹¹tss.l¹l¹2²¹52‘122¹1¹.‘50m
773 2689 851 2712 “³¹¹²

51 2775 59 2780 .
95 2747 141 2779 ¹13ss
162 2749 244 2785 Quem
258 2750 406 2779 utebantur.
420 2723 567 2780 lsid'otqiana‘
580 2752 686 2788 pannis
699 2758 751 2787 est,
776 2758 806 2782 ut
815 2761 850 2783 ex

133 2786 282 2820 praesertim
293 2793 358 2814 mss.
372 2786 545 2822 operibussae
591 2792 707 2817 constat.
733 2788 787 2818 Sed
798 2796 850 2825 pro

136 2828 182 2850 um
203 2820 276 2850 aliud
297 2821 403 2851 videtui·
419 2829 539 2858 reponen
558 2830 615 2859 um,
639 2824 711 2854 cuod
729 2824 849 2862 requiem

906 880 990 907 Porro
1000 879 1050 907 Jub
1061 887 1108 913 pro
1120 879 1271 906 tolerantiae
1287 878 1391 906 meritis
1406 877 1608 912 quatuordecim
1624 877 1708 904 millia

904 925 997 952 ovium
1015 926 1040 951 in
1056 925 1109 955 sine
1123 923 1234 959 recepit.
1253 924 1322 951 Puer
1338 930 1444 958 quoque
1459 923 1484 950 in
1500 922 1708 950 adolescentiam

904 977 965 1007 pust
978 980 1078 999 annum
1090 977 1214 1006 quartum
1226 972 1359 999 decimum
1371 971 1477 1005 transit,
1490 976 1570 1006 atque
1581 970 1706 1007 gignendi

904 1018 1030 1045 virtutem
1042 1025 1114 1045 anno
1127 1021 1223 1052 quarto
1238 1017 1343 1044 decimo
1357 1017 1450 1044 sumit.

1200 1074 1314 1101 CAPUT
1336 1073 1407 1100 xvi.

1128 1118 1165 1146 De
1184 1119 1358 1154 quindenario
1377 1127 1494 1146 numero.

941 1175 984 1202 76.
1008 1175 1204 1209 Quindennrius
1219 1183 1347 1203 numerus
1365 1176 1439 1210 juxta
1463 1175 1627 1202 decisionem
1643 1182 1706 1203 sua-

906 1228 965 1247 rem
981 1221 1128 1254 rationum,
1143 1222 1204 1255 quia
1224 1229 1255 1247 ex
1280 1221 1365 1247 tribus
1381 1220 1500 1254 partibus
1514 1223 1628 1253 constat,
1657 1221 1706 1247 iin-

904 1267 1039 1300 perl’ectus
1066 1272 1116 1293 est.
1144 1267 1229 1294 llabet
1254 1267 1326 1294 enim
1342 1266 1467 1300 primam,
1485 1271 1511 1293 et
1537 1266 1654 1300 tertiam,
1680 1271 1707 1294 et

903 1313 1023 1347 quintam
1049 1313 1245 1340 tantummodo.
1275 1313 1327 1340 Sed
1357 1313 1442 1347 prima
1467 1313 1526 1348 ejus
1552 1322 1633 1340 unum
1653 1318 1705 1347 est,

902 1360 995 1393 quinta
1012 1360 1070 1393 ejus
1097 1360 1147 1386 tria
1164 1365 1235 1392 sunt,
1255 1360 1332 1386 tertia
1349 1367 1411 1386 vero
1436 1359 1563 1394 quinque,
1586 1360 1630 1393 qui
1648 1360 1707 1386 el'ti-

901 1405 977 1432 ciunt
994 1413 1103 1432 novem.
1130 1405 1179 1433 llic
1192 1410 1281 1432 autem
1305 1406 1419 1441 mystice
1438 1406 1465 1432 in
1481 1405 1585 1433 duabus
1599 1405 1706 1433 decisus

903 1453 1022 1487 partibus
1034 1457 1061 1480 et
1076 1460 1195 1488 praesens
1224 1459 1329 1488 tempus
1353 1453 1497 1488 signifieat,
1521 1458 1549 1481 et
1574 1457 1705 1480 aeteruum

902 1498 1080 1525 demonstrat.

940 1545 983 1570 77.
1005 1544 1117 1572 Constat
1141 1544 1213 1572 enim
1243 1552 1275 1572 ex
1291 1550 1394 1579 septem
1411 1551 1438 1572 et
1453 1551 1525 1578 octo,
1541 1546 1587 1580 qui
1607 1546 1706 1573 l'aciunt

907 1591 1071 1625 quindecim,
1089 1591 1136 1617 sed
1150 1595 1178 1618 et
1194 1595 1297 1626 septem
1313 1591 1372 1626 ejus
1387 1592 1419 1618 ad
1433 1596 1582 1627 temporum
1597 1601 1705 1620 tursum

905 1637 1050 1671 pertinent,
1065 1637 1137 1671 quod
1151 1638 1255 1664 duobus
1270 1641 1389 1672 septenis
1404 1638 1548 1673 peragitur.
1566 1643 1627 1666 octo
1642 1647 1706 1666 vero

906 1683 939 1710 ad
957 1683 1034 1710 fidem
1051 1683 1174 1716 rationis,
1199 1683 1243 1710 ubi
1268 1683 1295 1710 iu
1319 1689 1420 1711 arterna
1446 1692 1511 1719 paee
1533 1685 1702 1719 gaudebitur.

905 1730 1005 1757 Octavo
1020 1730 1089 1757 enim
1102 1730 1156 1764 die,
1173 1730 1217 1765 qui
1232 1735 1272 1757 est
1287 1735 1347 1766 post
1363 1731 1510 1759 Sabbatum
1526 1733 1637 1767 primus,
1652 1733 1705 1759 llo-

905 1776 994 1803 minus
1016 1777 1173 1809 resurrexit,
1192 1776 1268 1811 cujus
1294 1777 1385 1812 tigurac
1413 1778 1543 1813 mysterio
1567 1778 1704 1807 :eternitas

905 1822 1000 1849 tuturae
1016 1824 1226 1850 resurrectionis
1247 1823 1444 1851 manifestatur.
1460 1825 1597 1860 Siquidem
1622 1831 1648 1853 et
1663 1834 1705 1854 se-

904 1872 976 1903 ptem
991 1869 1051 1904 ejus
1064 1877 1111 1903 pro
1123 1869 1233 1897 Sabbati
1246 1870 1320 1896 cultu
1331 1869 1533 1899 Testamentum
1546 1871 1628 1898 Vetus
1640 1871 1705 1898 insi-

905 1919 999 1941 nuant.
1025 1914 1092 1942 Octo
1118 1923 1185 1942 vero
1211 1916 1270 1949 eius
1292 1915 1453 1943 dominicam
1479 1917 1704 1944 resurrectionem

904 1960 1010 1987 Novum
1026 1961 1228 1988 Testamentum
1241 1961 1440 1989 demonstrant.

941 2007 986 2034 78.
1009 2006 1092 2034 Recte
1107 2015 1171 2041 ergo
1187 2007 1231 2034 hic
1246 2015 1374 2034 numerus
1398 2007 1555 2035 societatem
1572 2008 1704 2043 significat

905 2053 1152 2081 Testamentorum.
1164 2054 1230 2081 ilinc
1242 2054 1360 2089 estquod
1372 2055 1510 2088 apostolus
1522 2054 1703 2091 Paulusquin-

905 2102 991 2128 decim
1005 2101 1098 2128 diebus
1113 2100 1138 2128 in
1150 2100 1324 2136 Jeros‹›tymts
1337 2109 1396 2129 cum
1406 2101 1486 2137 240
1495 2100 1575 2129 Petro
1586 2110 1616 2130 se
1629 2110 1703 2130 cont-

905 2155 1026 2175 mnrassc
1038 2153 1160 2181 testatur,
1179 2153 1207 2175 ut
1220 2156 1280 2175 cum
1296 2156 1328 2176 eo
1344 2152 1488 2183 utrumque
1502 2149 1702 2177 Testamentum

904 2195 1050 2226 conferret,
1065 2199 1092 2222 et
1104 2195 1284 2229 septenarium
1302 2199 1410 2229 propter
1431 2199 1535 2229 tempus
1556 2195 1617 2222 vitae
1632 2203 1703 2230 prac-

869 2234 894 2263 D
907 2242 1004 2275 sentis,
1026 2246 1052 2269 et
1073 2242 1240 2268 octonarium
1266 2245 1374 2276 propter
1387 2241 1483 2269 suturae
1497 2241 1703 2268 resurrectionis

905 2294 1033 2318 :uternam
1049 2290 1255 2322 beatitudiuem,
1272 2289 1538 2317 utanimadverteret
1549 2289 1663 2323 qualiter
1675 2292 1703 2316 et

906 2336 1064 2370 temporalia
1089 2340 1260 2371 temperaret,
1288 2340 1316 2363 et
1339 2339 1441 2363 aeterna
1467 2334 1602 2362 inhianter
1621 2341 1703 2369 appe-

904 2387 983 2410 teret.

939 2430 984 2457 79.
1007 2429 1054 2456 llic
1068 2433 1156 2456 autem
1172 2428 1365 2463 quindenarius
1378 2435 1505 2455 numerus
1525 2427 1639 2463 mystice
1652 2426 1703 2456 do-

905 2475 1004 2502 minico
1019 2475 1161 2502 ascribitur
1175 2475 1286 2510 templo.
1300 2474 1459 2508 Quindecim
1474 2474 1572 2509 gradus
1588 2478 1664 2501 erant
1674 2475 1701 2502 in

904 2522 1020 2550 circuitu
1046 2521 1161 2556 templi,
1188 2521 1213 2548 in
1243 2520 1340 2556 quibus
1362 2520 1519 2549 sacerdotes
1545 2523 1574 2548 et
1600 2520 1702 2549 Levita

904 2612 1029 2654 denotem
1059 2611 1173 2639 fortasse
1192 2611 1332 2646 geminum,
1354 2613 1382 2638 ut
1396 2609 1571 2639 subaudiatur
1584 2615 1702 2646 nepterta-

903 2656 987 2710 unffi..
1010 2683 1100 2715 Forte,
1116 2690 1222 2709 suarum
1237 2690 1285 2715 pro
1299 2689 1413 2710 ettonem.

941 2719 985 2746 77.
1007 2719 1035 2746 ln
1050 2717 1111 2750 tls„
1125 2721 1221 2752 septem
1233 2717 1340 2745 vernali
1355 2717 1444 2753 fidem.
1462 2717 1597 2752 Fortasse,
1613 2716 1700 2746 domi-

904 2755 989 2782 nicam
1010 2754 1229 2786 resurrectionem,
1253 2759 1276 2780 et
1301 2753 1403 2783 Novum
1427 2751 1625 2787 Testamentum,
1657 2753 1700 2781 vel

904 2791 994 2824 potius
1013 2797 1059 2826 pro
1073 2789 1202 2816 domins'ca
1220 2790 1404 2818 renui-rectione
1425 2787 1528 2816 Novum
1551 2787 1698 2818 Testamen-

901 2829 967 2854 tum.
1632 2832 1634 2834 '

1225 2897 1316 2903 ⁷-ssoe
1358 2897 1503 2907 ....-,,
