1832 3016
48 166 99 195 105

491 155 694 190 AtnscontAE
711 159 872 195 QtJAEnAM
891 157 1099 188 sctthtJnAE
1117 156 1252 187 SACRAE.

1633 159 1684 188 tos

81 223 128 252 25.
148 222 228 255 Esau,
244 220 362 256 hispidus
376 223 456 254 atque
477 218 554 247 rufus
568 218 672 253 (Genes.
690 218 765 252 xxv),
786 225 838 252 po-
854 218 880 248 A
927 216 972 244 54.
986 216 1062 245 Filiae
1076 216 1135 251 ejus
1153 216 1212 243 duae
1225 215 1328 252 (Gener.
1341 213 1398 250 xix)
1413 215 1562 244 Samariam
1580 216 1687 252 signifi-

48 270 126 307 pulus
138 272 180 297 est
188 267 351 299 Judaeorum,
367 266 394 292 in
407 265 543 292 Christum
555 269 582 292 et
598 265 741 299 prophetas
757 263 838 298 impia

49 316 233 351 persecutione
261 312 420 346 sanguineus
430 331 439 344 ‚
467 316 495 338 et
524 310 622 338 indicio
653 309 746 344 pilosae
772 307 852 336 cutis!

51 362 166 398 tegmine
180 363 346 395 peccatorum
364 356 515 383 horribilis.

85 408 131 436 26.
150 405 230 434 Jacob
244 409 332 431 autem
344 402 440 438 (thid.)
453 402 587 429 Christum
599 401 774 434 demonstrat,
784 401 841 428 sive

51 453 176 487 populum
194 450 323 485 gentium,
341 449 384 483 qui
407 449 452 475 Dei
470 448 557 475 Patris
570 447 758 475 benedictione
772 454 842 482 prae-

51 499 120 526 latus
134 502 174 524 est
189 495 269 530 priori
286 495 382 529 populo
395 493 563 521 Judaeorum.

86 543 131 570 27.
150 541 240 569 Laban
257 541 322 575 legis
337 545 364 567 et
377 539 476 567 diaboii
491 538 585 566 habuit
605 543 709 574 typum,
723 546 755 565 ex
766 539 843 572 culus

50 593 163 622 corpore
172 586 318 620 assumpsit
329 585 380 612 sibi
395 584 516 611 Christus
529 584 594 611 duas
604 583 741 618 conjuges,
757 583 843 618 piebis

51 632 152 660 scilicet
163 630 376 658 circumcisionis
387 633 415 657 et
424 629 555 664 gentium.

86 677 131 705 28.
153 677 199 704 Lia
220 677 368 712 Synagogae
390 676 500 711 figuram
519 674 635 709 habuit‚·
648 682 707 708 quae
729 674 843 701 infirmis

53 723 137 752 oculis
148 721 238 749 cordis
251 726 416 748 sacramenta
433 720 481 747 Dei
497 720 627 755 speculari
643 727 695 747 non
711 720 806 753 potuit.

87 768 133 795 29.
154 767 255 794 Rachel
267 774 329 794 vero
343 767 414 793 clara
429 771 538 800 aspectu
557 766 685 792 Ecclesiae
699 770 790 800 typum
802 769 842 791 te-

53 814 112 843 nuit
126 835 133 847 ‚
162 820 222 848 quae
245 812 477 847 contemplationis
505 811 562 838 acie
588 811 688 838 Christi
718 811 844 846 mysteria

54 860 149 888 cernit.

893 269 954 290 cant
969 267 996 289 et
1010 261 1171 294 Jerusalem,
1182 269 1242 296 quae
1257 262 1423 288 tornicantur
1437 261 1464 289 in
1480 261 1538 296 lege
1553 269 1600 296 per
1609 262 1688 290 adul·-

892 309 989 335 terium
1005 308 1105 335 illicitae
1116 307 1259 335 doctrinae.

928 354 972 382 55.
994 354 1088 382 Ruben
1103 353 1210 388 (Gener.
1226 353 1304 387 xxxi)
1315 351 1508 387 primogenitus
1527 353 1689 387 interpreta-

894 404 937 427 tur
951 400 1062 427 visionis
1073 399 1143 426 lilius
1154 408 1161 432 ;
1174 399 1302 434 populum
1316 399 1441 433 figuravit
1452 399 1496 432 qui
1517 400 1629 427 violavit
1642 407 1690 428 cu-

893 446 947 474 bile
962 445 1011 472 Dei
1029 445 1133 477 Patris,
1158 445 1265 479 quando
1280 451 1389 471 carnem
1404 452 1484 479 quam
1496 445 1548 472 sibi
1567 446 1691 473 Christus

894 490 1076 524 desponderat
1091 488 1201 516 confixit
1216 489 1242 515 in
1258 488 1377 522 patibulo
1392 489 1490 517 crucis,

930 535 976 564 56.
998 535 1107 563 Simeon
1133 534 1235 562 scribas
1256 534 1378 567 designat
1401 534 1570 566 Jndaeorum,
1593 534 1638 568 qui
1665 535 1692 561 in

894 581 986 609 surore
1010 587 1059 608 suo
1082 580 1239 607 occiderunt
1261 579 1425 614 prophetas,
1442 584 1469 606 et
1489 579 1515 606 in
1531 579 1627 606 dolore
1641 586 1692 606 suo

895 627 1064 655 suffoderunt
1075 626 1171 653 tixuris
1181 626 1316 652 clavorum
1337 625 1471 652 Christum
1483 646 1490 654 ,
1505 625 1689 651 firmissimum

895 681 1020 707 murum,
1042 673 1069 700 in
1092 680 1145 708 quo
1168 671 1310 699 credentes
1335 671 1423 698 stabili
1446 671 1544 698 robore
1572 678 1694 698 commu-

896 721 1016 748 niuntur.

934 765 1013 801 124
1030 764 1074 792 57.
1096 764 1158 792 Levi
1173 768 1200 791 et
1214 768 1308 790 auctor
1322 768 1349 790 et
1375 763 1458 798 ligura
1481 768 1522 789 est
1543 762 1695 797 principum

895 813 1065 840 sacerdotum
1082 812 1126 844 qui
1142 811 1276 838 Christum
1292 809 1494 837 crucifixerunt.

932 857 976 884 58.
989 857 1072 884 ¹iudas
1083 856 1215 891 significat
1223 855 1422 890 Christum,qui
1438 855 1464 882 in
1477 854 1556 881 cubili
1569 854 1698 888 sepulcri,

90 905 134 932 30.
156 904 210 937 Vir,
226 904 270 939 qui
284 911 344 931 cum
356 904 437 931 Jacob
451 903 548 931 luctam
562 903 630 937 iniit,
649 902 747 930 Christi
760 908 847 930 certa·
862 905 885 935 Β
899 903 974 938 quasi
999 903 1051 935 leo,
1074 909 1184 930 securus
1194 922 1202 934 ,
1217 902 1337 935 corporis
1352 908 1447 928 somno
1468 901 1591 934 victoque
1604 900 1700 927 mortis

56 958 117 977 men
132 957 191 977 cum
212 949 309 984 populo
333 949 412 976 lsrael
429 949 567 984 figuravit;
592 956 653 975 nam
675 948 744 975 sicut
765 948 848 975 Jacob

56 995 215 1022 claudicavit
234 994 260 1021 in
281 994 440 1026 certamine,
464 994 500 1021 ita
520 993 605 1021 Judaei
633 993 850 1021 claudicaverunt

58 1041 110 1068 lide
123 1041 149 1068 in
163 1040 268 1068 Domini
284 1040 419 1074 passione.

97 1087 173 1122 123
186 1086 230 1112 51.
243 1086 292 1112 Lot
305 1085 408 1119 (Genes.
421 1084 477 1118 xix)
495 1089 585 1119 typum
597 1084 688 1111 habuit
699 1088 852 1111 sanctorum

62 1133 108 1167 qui
121 1132 147 1158 iu
158 1132 211 1158 line
225 1130 316 1158 saeculi
327 1130 360 1157 ab
371 1130 513 1164 impiorum
525 1130 648 1157 incendio
661 1130 853 1157 liberabuntur.

97 1177 142 1205 32.
163 1177 235 1204 Uxor
251 1177 300 1203 Lot
314 1175 410 1211 (Ibid.)
425 1183 518 1203 eorum
530 1176 618 1203 tenuit
633 1180 724 1211 typum
738 1176 796 1210 qui,
808 1183 855 1210 per

61 1222 172 1258 gratiam
187 1221 234 1248 Dei
246 1221 343 1250 vocati,
356 1221 524 1254 postmodum
535 1224 607 1248 retro
620 1221 777 1254 respiciunt.

82 1289 85 1292 .
98 1268 143 1296 53.
161 1267 363 1302 Consequentcr
378 1267 435 1301 ipse
447 1267 497 1294 Lot
510 1267 575 1301 legis
587 1268 701 1301 gestavit
715 1274 855 1301 personam

64 1314 98 1341 de
109 1321 162 1348 qua
173 1312 339 1340 infidelitatis
351 1319 432 1345 opera
447 1312 554 1346 pariunt
564 1313 608 1346 qui
619 1319 649 1339 ea
662 1312 763 1339 carnali
779 1314 857 1340 intel-

65 1360 136 1387 lectu
148 1364 261 1387 utuntur
277 1358 357 1392 (Vide
369 1366 423 1385 var.
435 1358 520 1393 lece.).

100 1436 145 1462 25.
166 1436 237 1462 Esau
247 1435 372 1469 hispidus.
389 1433 536 1461 Emendate
563 1434 690 1468 scripturn
709 1439 751 1462 est
768 1435 794 1463 in
810 1436 860 1464 lib.

66 1478 116 1498 ms.
143 1470 229 1503 Impia
246 1471 419 1504 persecutione
436 1470 600 1504 sanquinem,
613 1470 708 1497 vitiose
720 1476 808 1498 autem
833 1472 858 1498 in

66 1507 163 1540 lmpr.:
190 1505 277 1539 Impia
303 1505 476 1539 perseeutione
499 1505 644 1540 sanquinis.
667 1505 751 1532 Porro
779 1507 859 1538 Esau,

67 1541 137 1575 quod
159 1544 228 1567 totus
244 1542 269 1567 in
286 1547 387 1567 murem
400 1539 478 1573 pellis
507 1540 628 1573 hispidus
640 1546 718 1567 natus
733 1540 776 1572 sit,
790 1540 858 1569 Gen.

68 1584 129 1607 xxv,
146 1575 204 1603 Scir
218 1580 260 1602 est
271 1575 431 1608 appellatus.
446 1574 512 1600 Nam
524 1582 571 1600 cur
586 1576 671 1601 Edoni
688 1581 799 1602 vocatus
811 1578 857 1610 sit,

68 1611 177 1637 disertis
188 1610 277 1637 verbis
291 1612 388 1637 ducent
402 1616 486 1636 sacra!
511 1609 618 1642 litterae,
632 1610 700 1636 Gen.
712 1618 737 1636 c.
752 1611 857 1638 eodem.

69 1681 129 1714 quia
144 1681 238 1715 oppido
253 1679 337 1706 tamus
350 1687 417 1712 sum,
433 1687 510 1713 quam
528 1680 565 1718 *ob
579 1688 683 1705 canuam
698 1685 814 1706 uocatum
829 1686 866 1707 est

70 1714 334 1782 2:1335122'11'05352'1·
345 1714 671 1782 ir?.5:‘⁰3.153·3ffl:·³;:?
684 1717 865 1778 53:523:ssss

72 1784 157 1811 Edom
172 1785 293 1811 sortitum
308 1791 369 1811 esse
384 1788 487 1817 putant.
503 1784 649 1811 Eucherius
667 1789 758 1811 autem
770 1791 796 1812 ct
810 1786 866 1812 Ru-

73 1824 165 1853 pertus
186 1819 309 1845 similiter
330 1818 451 1845 scribunt
472 1819 539 1845 Esau
563 1818 716 1845 Judaeorurn
740 1821 865 1853 populum

74 1853 258 1915 ff'fffflgms‘ff'
269 1853 314 1887 qui
327 1853 468 1880 Dominum
481 1857 508 1879 et
521 1854 664 1887 prophetas
677 1855 840 1887 occiderunt,
858 1856 867 1882 Ι

119 1895 158 1914 es.
174 1895 203 1914 ιι.
239 1895 301 1915 usn.

112 1923 158 1950 26.
185 1922 266 1949 Jacob
278 1927 373 1949 autem.
385 1921 459 1949 lianc
483 1922 634 1956 allegoriam
664 1927 759 1950 tractat
786 1925 866 1952 etiam

76 1957 169 2020 gemus
186 1958 349 1992 Augustinus
373 1956 399 1984 in
417 1957 463 1984 lib.
479 1964 544 1984 xvm
555 1958 588 1984 de
601 1958 681 1985 Civit.
698 1959 755 1991 Dei,
772 1966 797 1987 c.
812 1961 868 1994 .57·

98 2000 159 2019 mn.

114 2028 159 2054 50.
177 2026 226 2054 Vir
236 2027 279 2061 qui
293 2034 351 2053 cum
362 2026 453 2054 Jacob.
467 2027 533 2054 Cum
546 2027 656 2062 angelus
676 2028 702 2054 in
718 2028 808 2062 specie
821 2029 870 2056 hu-

78 2068 158 2090 mana
173 2062 317 2089 luctaretur
331 2070 390 2088 cum
405 2062 496 2094 Jacob,
512 2070 583 2090 xxxii
595 2063 705 2094 Genes.‚
727 2063 870 2099 videretque

78 2097 147 2132 quod
160 2104 219 2123 eum
232 2104 352 2132 superare
365 2105 416 2124 non
435 2102 531 2131 posset,
547 2098 626 2131 tctiqit
640 2105 744 2124 nervum
766 2099 870 2132 senioris

79 2133 147 2167 ejus,
160 2137 183 2158 et
198 2133 283 2158 statim
296 2132 427 2158 marcuit.
444 2132 476 2158 Et
490 2132 616 2159 benedixit
627 2133 648 2158 ei
660 2135 686 2158 in
700 2133 788 2159 eodem
802 2134 869 2162 loco.

80 2168 141 2199 Quo
152 2166 222 2193 circa
236 2170 363 2200 praeclare
386 2166 470 2200 inquit
485 2167 578 2194 beatus
591 2167 763 2201 Augustinus,
780 2170 806 2195 in
821 2169 868 2197 tib.

81 2209 125 2229 xvi
136 2201 170 2228 de
183 2201 261 2228 civit.
277 2201 335 2233 Dei,
346 2208 370 2228 c.
382 2202 416 2229 59
429 2210 435 2227 ε
453 2201 516 2227 Erat
527 2209 594 2228 unus
606 2207 680 2235 atque
689 2202 758 2228 idem
767 2202 870 2230 benedi-

81 2241 136 2263 ctus
146 2236 237 2268 Jacob,
248 2241 271 2263 et
281 2237 400 2268 claudus,
415 2237 559 2263 benedictus
574 2237 601 2262 in
614 2236 649 2263 eis
664 2237 708 2270 qui
727 2244 759 2263 ea:
782 2238 871 2266 eodem

83 2271 606 2340 22232‘252332‘123252552”a5¹¹
622 2272 870 2335 {ulamma}

192 2325 200 2338 ,
580 2325 587 2332 .

84 2349 101 2367 u
114 2341 208 2368 semitis
226 2342 289 2368 suis.
305 2341 418 2367 Causam
430 2346 518 2368 autem
533 2340 612 2375 hujus
637 2342 713 2368 luctae
732 2342 812 2370 [uisse
833 2343 872 2371 ait

85 2375 267 2403 'l'heodoretus
283 2384 290 2403 ε
309 2375 341 2402 Ut
364 2376 460 2402 timenti
475 2378 581 2410 fratrem
595 2375 665 2402 Esau
675 2376 797 2410 fiduciam
810 2378 872 2415 inji-

85 2415 161 2443 ceret,
185 2411 316 2444 quietim
329 2417 355 2438 ιι
372 2411 489 2445 superari
510 2411 540 2437 ab
564 2410 610 2437 illo
636 2419 726 2443 passus
739 2417 786 2438 est.
803 2414 840 2440 Ac
849 2415 872 2441 si

86 2444 200 2471 diemt:
219 2445 263 2472 lte
276 2446 366 2476 vicisti.
387 2451 411 2472 et
430 2446 557 2472 hommem
580 2447 673 2472 vinces.
685 2446 768 2474 Suu.

123 2479 168 2506 3¹.
189 2479 298 2507 Sunius
309 2484 462 2508 constanter
483 2480 590 2514 scripsit
608 2479 672 2510 Lot.
695 2488 743 2515 pro
760 2489 812 2517 quo
825 2483 872 2512 alii

90 2513 192 2541 malunt
205 2507 280 2541 Luta.
298 2514 328 2542 ln
344 2514 453 2550 Vulgata
464 2520 506 2543 est
516 2515 576 2542 Lot.
591 2515 677 2543 Aasv.

125 2548 169 2575 32.
192 2546 264 2575 Uxor
276 2547 334 2576 bot.
351 2549 420 2576 idem
434 2549 610 2585 agnitionum
625 2557 684 2578 esse
697 2556 796 2578 arcano
808 2555 870 2577 sen-

89 2589 133 2623 su,
145 2589 207 2623 cum
224 2589 294 2609 uxor
314 2583 365 2611 hot
377 2591 453 2611 versa
464 2588 506 2612 est
519 2586 546 2612 in
556 2589 670 2613 statuam
683 2586 764 2619 salis,
778 2585 872 2612 scribit

89 2619 163 2652 ong.
180 2625 206 2644 in
225 2624 243 2643 v
256 2623 282 2644 c.
301 2616 364 2645 δοῦ.
378 2617 434 2646 lino
448 2619 592 2652 Dominus,
605 2621 669 2648 Luc.
685 2628 752 2654 xvu,
767 2621 818 2647 hoc
833 2623 871 2646 te-

90 2657 179 2680 status
191 2656 243 2685 est,
257 2658 317 2678 cum
330 2651 367 2679 ait
380 2660 388 2679 t
402 2651 556 2681 lamentata
568 2657 656 2682 uxoris
669 2655 730 2683 Lot.
742 2655 800 2688 Quo
811 2655 871 2682 loco

91 2686 317 2722 Theophilactus:
336 2685 464 2714 Proecltm
483 2689 591 2724 (inquit)
601 2690 636 2716 ad
650 2691 794 2726 cumptum
810 2697 871 2726 pos-

90 2721 209 2754 taeitatis,
222 2721 296 2756 quast
309 2721 434 2748 oolmmoe
441 2722 589 2763 inscriptum
598 2725 677 2759 fuisse
686 2726 792 2759 mamm,
803 2725 872 2760 quod

91 2755 145 2785 sua*
236 2791 242 2797 ⁶
283 2760 331 2782 est.
351 2754 482 2796 josephus
503 2757 624 2792 qna-tam,
642 2758 687 2794 qui
705 2764 758 2787 tam
785 2759 872 2787 matti·

92 2791 193 2820 aaa·
204 2791 398 2827 sinemurum,
412 2798 438 2817 ιι
448 2789 515 2818 hane
523 2795 636 2819 statuam
645 2793 740 2822 vidisse
748 2793 870 2828 affirmat.

90 2825 167 2862 δώ
183 2830 267 2853 utitem
315 2829 417 2859 optet-ea
431 2826 494 2860 suit,
509 2830 565 2859 ιιι,
584 2827 706 2862 qnoniam
733 2829 874 2862 prudentiis

83 2860 236 2917 W
299 2865 347 2894 at,
358 2865 382 2887 et
392 2859 505 2887 ciborum
519 2861 718 2897 condimentum,
729 2863 875 2894 mortalium

89 2943 94 2948 .
114 2909 117 2911 ·
293 2905 429 2936 Parnon.
450 2905 626 2937 Lxxxlll.

69 2954 103 3016 ,ί

901 949 1025 983 imperio,
1041 952 1102 983 post
1116 948 1233 975 triduum
1244 946 1399 974 resurrexit.

939 995 984 1021 59.
1005 994 1129 1021 issachar
1140 993 1269 1020 Ecclesiae
1285 993 1369 1019 tenuit
1390 996 1494 1028 typum,
1512 998 1571 1025 quae
1584 991 1701 1025 subiecit

905 1041 1047 1068 humerum
1062 1048 1140 1068 suum
1157 1040 1189 1066 ad
1205 1040 1293 1067 crucis
1308 1046 1376 1066 onus
1391 1039 1562 1073 portandum.

941 1086 1112 1113 40.Zabulon
1125 1085 1247 1113 eamdem
1260 1085 1393 1118 significat
1405 1084 1563 1115 Ecclesiam,
1575 1091 1646 1118 qum,
1658 1090 1702 1111 se-

908 1139 955 1158 cus
967 1131 1064 1158 fluctus
1076 1131 1154 1165 hujus
1171 1131 1231 1157 vitae
1247 1130 1410 1163 inhabitans,
1425 1136 1519 1156 omnes
1535 1131 1700 1157 tentationes

909 1182 937 1205 et
947 1178 1067 1205 turbines
1082 1177 1170 1204 saeculi
1184 1181 1282 1211 portat.

945 1224 989 1250 tt.
1010 1222 1178 1257 Nephthalim
1194 1221 1320 1255 exprimit
1334 1228 1429 1247 omnes
1445 1225 1553 1247 sanctos
1568 1219 1700 1254 praedica-

910 1273 992 1301 tores,
1008 1268 1070 1302 qui,
1087 1268 1170 1294 instar
1193 1267 1266 1293 cervi
1281 1266 1475 1297 transilientes,
1489 1266 1522 1291 ad
1538 1273 1653 1300 superna
1669 1273 1699 1293 se

910 1315 1015 1347 erigunt
1026 1334 1034 1346 ‚
1059 1313 1214 1347 cunctisque
1245 1312 1417 1339 credentibus
1439 1311 1571 1339 doctrina:
1596 1312 1702 1346 eloquia

911 1360 1064 1386 conferunt.

916 1436 963 1462 hoc
974 1435 1090 1469 exempto
1105 1436 1268 1462 condirentur
1283 1435 1403 1468 affectus,
1418 1439 1442 1462 et
1455 1443 1536 1463 mores
1550 1436 1583 1462 cut
1595 1436 1706 1470 pruden-

914 1473 976 1498 tiam
993 1471 1174 1505 formarentur,
1195 1479 1250 1504 quoe
1263 1471 1342 1498 elucet
1360 1471 1387 1497 in
1398 1471 1490 1498 divinis
1502 1473 1635 1506 proeceptis
1647 1480 1706 1498 cns·

915 1506 1051 1538 mittendis,
1075 1514 1130 1539 quae
1145 1506 1167 1532 si
1177 1511 1299 1532 servasset
1321 1514 1386 1532 uxor
1401 1506 1460 1536 Lot,
1476 1514 1528 1532 non
1545 1515 1635 1540 poenoe„
1660 1507 1705 1533 sed

914 1541 1043 1576 profectus
1054 1542 1094 1567 sui
1105 1542 1246 1574 posteritati
1260 1541 1405 1574 exemplum
1418 1540 1570 1575 reliquisset.
1586 1542 1668 1568 Sum.

952 1576 996 1602 55.
1017 1575 1203 1610 Consequenter
1217 1575 1275 1602 Lot.
1297 1575 1324 1602 in
1340 1576 1386 1602 lib.
1406 1577 1484 1608 impr.
1506 1577 1603 1603 vitiose
1618 1577 1704 1610 scrip-

916 1615 971 1637 tum
986 1615 1046 1637 est:
1064 1611 1112 1642 Qut
1127 1611 1204 1636 etiam
1220 1618 1267 1644 pro
1280 1611 1323 1644 qui
1336 1611 1456 1643 ea,quod
1472 1611 1549 1637 estin
1561 1618 1612 1638 mS.
1629 1612 1703 1638 Hauc

69 1644 140 1672 Dixit
153 1646 222 1672 enim
237 1644 310 1671 fratri
321 1644 404 1672 Jacob
416 1652 424 1671 ι
437 1645 476 1670 Da
487 1644 550 1670 mihi
561 1644 592 1670 de
606 1645 717 1671 coctione
729 1645 776 1671 hac
791 1648 862 1680 rufa,
877 1643 900 1673 C
917 1651 1005 1673 autem
1029 1646 1217 1678 perobscuram
1242 1646 1395 1679 allegoriam
1410 1646 1449 1671 sic
1469 1646 1608 1678 perspicue
1624 1646 1706 1673 tradit

919 1681 1012 1707 beatus
1026 1682 1189 1714 Augustinus
1211 1688 1258 1712 pro
1273 1688 1319 1707 sua
1336 1680 1479 1707 excellenti
1499 1681 1610 1707 s‹·ientia
1629 1690 1635 1707 ε
1661 1681 1709 1708 Lot

917 1716 964 1749 (ait
978 1715 1023 1742 lib.
1035 1720 1168 1742 xxncont.
1188 1715 1292 1749 Faust.)
1308 1717 1402 1750 snituroe
1413 1716 1475 1750 leyis
1490 1715 1588 1741 videtur
1599 1720 1711 1750 gestasse

919 1758 1062 1785 personam,
1079 1758 1155 1812 guam
1170 1751 1285 1784 quidam,
1301 1759 1333 1777 ex
1346 1751 1390 1776 itta
1407 1751 1543 1784 procreati,
1557 1754 1579 1776 et
1599 1751 1644 1777 sub
1656 1752 1712 1785 leqe

917 1786 1012 1820 positi,
1038 1793 1079 1811 ma
1091 1794 1104 1811 e
1129 1785 1294 1820 intetttqendo
1321 1785 1510 1820 quodammodo
1537 1785 1711 1819 inebriantes,

917 1826 992 1853 atque
1009 1828 1058 1847 non
1073 1820 1183 1854 legitime
1193 1822 1302 1853 utendo,
1317 1821 1478 1854 infidelitatis
1499 1828 1576 1855 opem
1595 1821 1710 1854 pariunt.

919 1855 956 1882 De
971 1860 1026 1882 tolo
1039 1862 1128 1882 antem
1144 1856 1212 1881 lacto
1226 1855 1284 1889 ejus
1294 1859 1320 1882 et
1334 1855 1446 1882 libatum
1462 1854 1533 1881 idem
1544 1855 1639 1882 scribit
1649 1863 1712 1882 eru-

918 1890 1049 1916 ditissime
1064 1890 1088 1916 in
1104 1890 1198 1916 eudem
1210 1890 1289 1916 libro.
1304 1890 1388 1919 Sum.
1722 1919 1726 1923 ,

939 1925 983 1951 55.
1006 1924 1096 1950 Ruben
1111 1926 1306 1959 primoqenitus.
1326 1924 1474 1951 Emendate
1495 1924 1574 1951 estin
1590 1924 1638 1950 tib.
1655 1931 1710 1952 ms.

920 1959 1101 1994 desponderat,
1114 1959 1208 1986 vitiose
1218 1964 1307 1986 autem
1319 1960 1345 1985 in
1358 1959 1437 1991 impr.
1453 1961 1635 1993 spoponderat.
1649 1959 1712 1987 ideo

920 2000 1008 2020 autem
1026 1994 1118 2020 {luben
1130 2014 1137 2026 ,
1153 1994 1178 2019 id
1195 1998 1252 2026 est,
1267 1993 1377 2020 visionis
1393 1993 1466 2020 tilius
1484 2002 1498 2019 a
1509 1998 1593 2020 matre
1608 1993 1653 2020 Lia
1669 1999 1712 2021 est

920 2029 1080 2062 appellatus,
1097 2034 1125 2054 ut
1140 2028 1185 2054 lilii
1201 2029 1309 2055 nomine
1322 2029 1510 2055 admoneretur
1520 2035 1550 2054 se
1566 2028 1612 2055 Dei
1628 2029 1711 2055 bene-
1756 2036 1757 2039 ¹

921 2064 993 2095 licto,
1009 2063 1053 2096 qui
1070 2062 1130 2097 ejus
1144 2070 1270 2096 angorem
1288 2063 1400 2095 viderat,
1415 2063 1488 2089 illum
1502 2063 1636 2096 genuisse,
1650 2071 1712 2090 cum

922 2105 937 2124 a
958 2097 1017 2124 viro
1035 2097 1231 2131 despiceretur.
1256 2098 1326 2124 unde
1341 2097 1455 2124 nominis
1469 2097 1659 2131 etymologiam
1671 2098 1714 2124 in-

922 2137 1080 2166 terpretans,
1095 2133 1162 2159 dixit
1178 2142 1184 2159 :
1207 2131 1275 2159 Vidit
1291 2133 1416 2159 Dominus
1431 2132 1602 2159 humilitatem
1617 2140 1711 2166 meam,

922 2166 990 2194 Gen.
1004 2175 1076 2194 xxix.
1091 2168 1173 2195 Suan.

957 2202 1002 2228 56.
1034 2202 1139 2230 Simeon
1163 2202 1259 2230 scribas
1287 2202 1414 2237 designat.
1438 2201 1521 2230 Jacob
1545 2201 1716 2236 gravissimis

922 2237 1012 2264 verbis
1024 2237 1169 2269 increpavit
1180 2237 1247 2264 lilios
1263 2237 1390 2270 Simeon,
1406 2242 1433 2264 et
1447 2237 1528 2269 Levi,
1545 2237 1613 2264 Gen.
1631 2245 1692 2264 xmx
1703 2259 1712 2271 ,

922 2273 993 2306 quod
1012 2277 1104 2299 contra
1123 2272 1232 2300 l'oederis
1248 2273 1403 2307 religionem
1423 2273 1450 2299 in
1467 2272 1541 2299 caede
1556 2272 1712 2298 Sichimita-

885 2314 982 2351 Drum
1005 2308 1057 2334 sint
1081 2308 1266 2335 crudelissime
1291 2307 1410 2334 bacchati
1433 2307 1468 2333 ob
1491 2311 1612 2340 stuprum
1638 2306 1715 2332 Dina:

925 2342 1043 2368 oblatum
1061 2348 1078 2368 a
1098 2342 1216 2369 sichem.
1236 2342 1263 2368 lu
1280 2343 1378 2376 quibus
1392 2342 1481 2369 verbis
1497 2341 1614 2374 Spiritus
1628 2340 1717 2367 sancti

925 2377 1053 2404 instinctu
1077 2377 1256 2410 pronuntiavit
1279 2383 1388 2404 sanctus
1402 2384 1483 2403 senex
1506 2376 1636 2402 illustrem
1653 2381 1718 2408 pro-

925 2412 1041 2446 phetiam
1054 2417 1147 2438 contra
1162 2412 1263 2438 scribas
1277 2417 1306 2438 et
1323 2411 1494 2443 sacerdotes,
1513 2410 1558 2444 qui
1578 2409 1716 2437 communi

925 2446 1058 2474 sententia
1076 2446 1214 2474 Dominum
1226 2446 1392 2473 occiderunt.
1405 2445 1446 2472 illi
1460 2444 1532 2472 enim
1544 2451 1579 2471 ex
1590 2444 1716 2478 Simeon,

927 2481 955 2509 hi
969 2489 1003 2508 ex
1025 2480 1088 2507 Levi
1099 2481 1152 2508 orti
1177 2485 1250 2513 sunt,
1265 2484 1294 2507 ut
1305 2481 1343 2507 ait
1356 2480 1483 2514 Cyrillus,
1498 2484 1526 2506 et
1539 2478 1670 2514 Origenes
1685 2480 1714 2507 in

927 2524 953 2578 :ef
964 2515 1157 2577 sugrssdiftgrrtia.
1170 2515 1342 2577 §ugtcauffm
1355 2514 1552 2576 αξὲᾳιξιλζεὼα
1562 2521 1596 2541 ex
1605 2513 1664 2548 ipso
1674 2520 1716 2541 va-

947 2558 998 2578 cmi
1043 2558 1127 2577 eta
1170 2557 1286 2577 maa
1340 2557 1406 2576 ori.
1441 2557 1454 2576 u
1497 2568 1503 2575 ,

958 2558 1131 2613 salutatur
1146 2584 1269 2612 Ecctaioe
1284 2557 1374 2619 tyepssum
1385 2584 1477 2611 tonuit.
1493 2582 1620 2611 flendose
1673 2583 1716 2611 ui-

924 2626 967 2648 tur
977 2621 1003 2647 in
1017 2620 1064 2648 lib.
1077 2621 1141 2655 imp.
1152 2621 1197 2655 qui
1211 2619 1333 2655 subiecit,
1347 2619 1489 2647 emendate
1507 2619 1599 2646 antem
1615 2619 1644 2646 in
1687 2626 1711 2646 s.

923 2663 980 2691 quse
994 2654 1112 2686 subiecit.
1133 2655 1216 2683 Susa.

959 2690 1004 2718 40.
1025 2689 1152 2717 Zabulon.
1176 2689 1234 2717 Non
1245 2689 1335 2717 minius
1352 2688 1446 2723 gravis
1466 2693 1544 2716 error
1561 2691 1604 2716 est
1619 2687 1647 2715 ln
1661 2686 1716 2716 hoe

923 2725 993 2758 loco,
1005 2724 1069 2758 Quoe
1077 2733 1148 2752 κιαι
1158 2724 1252 2759 flnctus
1262 2724 1342 2759 hujus
1353 2723 1411 2751 vitae
1420 2722 1602 2751 inhabita-uu.
1613 2721 1720 2758 Legen—

923 2760 988 2788 dum
1001 2760 1072 2788 enim
1086 2767 1128 2787 est
1140 2759 1297 2791 inhabitam,
1310 2764 1340 2786 ut
1352 2757 1518 2790 habentne.
1533 2757 1713 2792 exemplaria.

926 2795 1045 2828 Exponit
1059 2794 1128 2822 hauc
1149 2793 1305 2829 allegoriam
1328 2794 1458 2827 praeclare
1482 2793 1577 2821 beatus
1596 2792 1715 2822 Ausim»

926 2830 982 2858 sius
993 2832 1026 2858 de
1039 2829 1175 2857 Benedici.
1190 2828 1410 2863 patriarcharum,
1424 2835 1450 2857 c.
1465 2827 1492 2855 5.
1505 2827 1590 2857 Suu.

963 2865 1007 2894 41,
1030 2863 1208 2898 Αἐρὴιὴειίὶηι.
1225 2863 1263 2892 De
1282 2863 1427 2896 Nopbttnalr
1447 2862 1516 2891 dixit
1529 2868 1604 2906 patet·
1615 2861 1716 2913 hlaib,

1463 2906 1481 2935 b
