1832 3016
59 145 134 175 257⁵

501 132 729 175 comunes
747 134 781 164 m
801 133 878 163 rar.
899 132 1049 165 TESTAM.
1070 149 1106 158 -
1123 134 1157 164 m
1174 135 1290 165 iosus.

1659 136 1714 167 574

80 202 150 231 Osee
172 201 295 230 bissenas
321 196 438 234 amini&
458 200 571 229 mmm,
591 199 619 223 et
639 193 794 230 l’faeffldun‘
817 190 906 224 ¹¹⁰⁵-A
918 205 1000 232 ctatio
1011 209 1100 234 autem
1114 205 1197 234 Josue
1211 204 1325 233 dicentis
1347 204 1382 233 ad
1396 204 1521 242 angelum
1537 213 1546 233 ε
1564 204 1659 234 Noster
1671 213 1711 240 er,

82 249 224 278 succinctis
245 246 341 276 lumbi·
358 245 387 273 in
409 245 541 278 veritate,
565 250 644 278 quam
666 240 813 277 praedicant
835 239 867 267 ad

63 308 66 323 z
80 296 211 327 auxilium
225 297 353 322 nostrum.
370 290 416 318 isti
429 296 493 325 ergo
507 289 558 316 viri
581 288 664 316 fortes
679 289 798 322 pugnant
820 293 868 312 no-

61 342 200 375 -biscum,
216 345 352 376 quousque
371 337 489 365 coelestis
512 334 729 370 repromissionis
755 333 866 368 patriam

63 418 66 421 ,
79 393 282 423 consequamur.

338 430 420 467 480
440 428 553 458 CAPUT
573 428 607 456 V.

303 475 343 503 De
357 475 491 503 tlttodecim
504 474 643 511 lapidibus.

98 525 141 553 ,1.
156 523 336 551 Transeuntes
349 521 438 555 itaque
452 519 499 547 filii
513 518 594 546 lsrael
609 517 767 551 Jordanem,
781 519 868 546 sustu-

61 587 65 591 ·
79 573 164 600 lerunt
180 570 214 597 de
226 569 314 597 medio
333 567 450 595 lluminis
460 566 602 595 duodecim
614 565 726 599 lapides,
738 570 806 598 quos
820 570 869 598 pro

60 616 232 646 -testimonio
246 618 394 650 posuerunt
409 614 435 642 in
450 613 511 641 loco
537 612 663 640 secundae
685 610 869 639 circumcisio-

76 666 128 696 nis,
143 664 176 691 ad
192 663 393 698 significandum
409 661 487 688 nobis
502 663 541 692 ut,
556 659 618 687 dum
636 659 669 686 de
683 658 788 685 lavacro
803 664 868 684 con-

62 711 219 745 surgimus,
234 708 389 743 apostolica:
402 707 463 735 vitae
474 706 596 740 exempla
610 703 763 732 firmissima
779 702 870 730 nobis-

76 765 135 783 cnm
157 760 261 790 gestare
277 754 430 785 debeamus,
440 760 553 787 quorum
567 758 675 786 semper
686 749 869 778 testimonium

77 802 109 829 ad
123 802 286 829 imitamenta
303 801 429 828 virtutum
442 804 629 827 contueamur.

385 844 497 873 CAPUT
518 843 571 871 Vl.·

284 892 323 920 De
337 892 529 919 circumcisione
543 890 654 918 secunda

115 940 141 968 l.
157 939 222 967 Post
239 938 362 967 Jordanis
386 942 474 966 autem
497 937 638 965 transitum
656 935 728 963 vcnit
752 935 831 962 Jesus
846 934 873 962 in

61 1006 63 1008 -
78 986 197 1021 Galgala,
214 986 303 1020 ibique
315 984 423 1019 iubetur
439 984 526 1011 facere
546 983 597 1011 sibi
619 982 721 1010 cultros
741 981 872 1016 lapideos,

77 1037 105 1059 et
118 1031 311 1060 circumcidere
326 1029 444 1058 secundo
461 1029 530 1057 lilios
551 1029 642 1056 lsrael.
665 1028 874 1055 percunctemur

79 1077 114 1105 de
127 1077 237 1110 Judaeis,
252 1076 386 1111 quomodo
401 1080 488 1110 potest
509 1075 625 1102 secundo
648 1074 707 1109 quis
720 1072 873 1100 circumcidi

80 1123 288 1152 circumcisione
301 1121 418 1149 carnali?
433 1121 523 1149 Semel
536 1120 606 1148 enim
621 1119 794 1148 circumcisus
805 1119 873 1147 ultra

81 1177 136 1197 non
152 1169 231 1196 habet
244 1168 314 1203 quod
330 1167 448 1196 secundo
462 1167 548 1201 possit
562 1166 670 1194 auferri.

115 1215 142 1243 2.
156 1216 177 1242 A
195 1215 270 1241 nobis
291 1219 390 1247 antem,
415 1213 511 1247 quibus
536 1213 578 1240 lex
603 1211 703 1240 Christi
727 1210 873 1246 spiritualis

62 1266 131 1293 .est,
149 1261 341 1288 conienicntcr
362 1261 412 1286 ista
427 1259 576 1286 solvuntur.
593 1258 709 1286 Dicimus
730 1258 801 1285 euim
822 1257 874 1285 cir-

78 1306 273 1333 cumcisioncm
294 1306 405 1340 primam
419 1304 500 1332 fuisse
512 1312 560 1339 per
584 1304 668 1338 legem
692 1303 718 1330 in
743 1303 870 1338 AEgypto.

61 1374 65 1379 .
79 1353 132 1382 Sed
144 1353 166 1380 si
181 1361 195 1380 a
212 1354 267 1387 lege
285 1356 402 1380 transeat
417 1352 475 1386 quis
492 1359 538 1386 per
552 1352 684 1386 baptisma
698 1351 822 1378 iordanis
838 1351 871 1377 ad

82 1398 268 1433 Evangelium,
284 1402 346 1425 tunc
360 1397 459 1432 accipit
478 1397 623 1425 secundam
640 1397 870 1425 circumcisionem

78 1444 243 1479 spirituatem
259 1451 306 1479 pet·
319 1449 434 1479 petram,
446 1444 490 1478 qui
506 1448 547 1471 est
561 1443 692 1472 Christus.
709 1443 810 1478 Sicque
823 1443 870 1471 tali

63 1492 283 1520 circumcisione
310 1495 436 1526 purgatus
455 1495 531 1519 caret
546 1491 653 1526 AEgypti
670 1490 827 1526 opprobrio,
842 1491 870 1519 id

62 1541 131 1570 .est‚
146 1537 271 1565 illecebra
285 1537 465 1571 corporalium
481 1536 616 1565 vitiorum.

63 1611 66 1615 ,
113 1582 140 1612 5.
158 1583 259 1611 Nomen
274 1587 363 1611 autem
386 1583 437 1610 loci
450 1582 569 1617 Galgala,
585 1583 655 1618 quod
678 1583 870 1618 interpretatur
884 1571 908 1604 C

83 1630 216 1662 revelatio,
232 1629 360 1662 ostendit,
375 1629 437 1656 dum
451 1629 477 1656 in
493 1630 625 1663 praeputio
636 1629 801 1657 infidelitatis
813 1637 871 1656 am-

79 1676 212 1708 bulaverit
226 1676 339 1711 quisque
355 1682 402 1710 per
416 1674 495 1710 huius
509 1675 570 1702 vitte
582 1675 729 1707 desertum,
743 1675 835 1703 oculos
845 1675 871 1702 ei

64 1730 140 1754 ,esse
152 1726 276 1750 caecatos.
292 1722 437 1750 Videamus
448 1726 476 1750 et
489 1722 692 1757 consequentia.
710 1722 773 1750 Post
787 1722 872 1750 Evan-

79 1769 141 1804 getii
161 1770 233 1797 enim
249 1768 481 1797 circumcisionem
501 1769 591 1797 statim
608 1769 634 1796 in
650 1769 710 1797 loco
730 1768 872 1796 revelatio-

66 1845 69 1852 ¹
82 1816 124 1844 nis
138 1815 236 1850 pascha
251 1814 402 1843 celebratur
413 1835 421 1847 ,
438 1814 646 1850 immolaturque
661 1815 753 1850 Agnus
767 1814 812 1842 ille
825 1822 873 1849 pro

81 1861 170 1888 mundi
186 1861 272 1893 salute
286 1860 366 1896 481
381 1860 496 1893 occisus,
512 1867 544 1888 ac
558 1860 701 1889 deficiente
715 1867 812 1888 manna
828 1865 873 1895 ty-

82 1908 148 1942 picae
163 1907 237 1942 legis,
255 1907 370 1941 primum
383 1906 500 1936 comedit
515 1907 627 1942 populus
643 1914 738 1942 panem
752 1907 874 1942 corporis

81 1953 190 1986 Christi,
201 1960 278 1988 quem
291 1953 444 1988 incorrupta
454 1953 670 1988 repromissionis
689 1958 770 1986 terra,
784 1953 808 1980 id
822 1957 873 1986 est,

67 2002 167 2036 *mater
178 1998 283 2026 Domini
295 1998 371 2033 virgo
384 1998 465 2026 illaria
485 1999 605 2034 protulit,
625 1999 701 2034 cujus
713 2007 823 2034 granum
847 2000 874 2026 in

83 2047 154 2071 terra
161 2043 258 2070 cadens
268 2042 381 2071 fructum
389 2044 530 2078 plurimum
539 2045 636 2072 attulit.
643 2044 736 2072 Etvide
743 2044 874 2072 ordinem.

65 2121 70 2126 .
118 2087 144 2114 4.
166 2088 308 2123 Postquain
333 2089 403 2116 enim
423 2089 473 2116 sub
499 2089 563 2117 lesu
575 2090 681 2117 Christo
704 2089 771 2117 duce
798 2090 876 2124 positi

68 2140 131 2174 *per
153 2133 252 2161 lavacri
270 2133 368 2162 fluenta
381 2134 536 2168 transimus,
552 2142 584 2163 ac
595 2143 641 2170 per
655 2135 734 2163 iidem
746 2135 878 2170 spirituali

70 2178 287 2222 'circumcisione
310 2179 457 2213 signamur,
477 2185 539 2208 tunc
568 2180 610 2208 his
633 2180 760 2216 gradibus
782 2188 879 2217 perve-

68 2223 200 2263 *nientes,
228 2224 395 2253 celebramus
423 2225 537 2262 pascha,
568 2226 595 2255 id
621 2231 679 2260 est,
708 2227 875 2257 immolatum

919 260 952 280 cm
967 252 1191 280 adversariorum?
1211 251 1400 280 discretionem
1416 255 1570 279 sanctorum
1583 251 1711 284 insinuat.

919 298 964 333 qui
978 299 1047 326 inter
1061 299 1161 326 bonum
1176 303 1203 326 et
1226 298 1326 326 malum
1342 305 1391 333 per
1403 297 1597 326 discretionem
1611 296 1714 334 dijudi-

919 349 991 377 cant,
1006 352 1042 372 ne
1063 351 1111 372 eos
1136 344 1307 372 adversarius
1325 351 1375 378 per
1395 344 1513 378 speciem
1542 343 1605 372 boni
1629 343 1718 376 fallat,v

918 389 990 416 unde
1003 393 1030 417 et
1045 390 1168 417 Jeremiae
1182 390 1280 417 dieitur
1294 398 1301 416 ι
1327 388 1358 417 Si
1374 390 1533 424 separaveris
1548 390 1687 425 pretiosum
1697 397 1715 417 a

919 435 973 469 vili,
987 436 1061 471 quasi
1074 443 1102 462 os
1115 443 1200 462 meum
1212 435 1262 461 eris
1273 432 1381 469 (Jerem.
1397 441 1443 466 xv,
1460 433 1518 468 ¹9).

1219 481 1335 509 CAPUT
1358 481 1414 508 Vll.

1036 530 1073 557 De
1097 528 1197 556 exciaio
1207 527 1224 554 J
1227 527 1314 555 ericho
1323 530 1352 555 ‘et
1367 526 1439 554 Raab
1452 525 1607 554 salvatione.

957 577 981 604 t.
1003 575 1188 603 Circumdatnr
1201 578 1261 609 post
1276 573 1334 601 haec
1347 572 1467 605 Jericho,
1481 576 1716 607 expugnaturque,

922 622 1050 650 adversus
1063 628 1142 657 quam
1157 619 1260 656 gladius
1276 626 1329 647 non
1346 618 1479 651 educitur,
1499 618 1569 645 aries
1583 624 1636 645 non
1653 617 1718 644 diri-

921 670 1002 705 gitur,
1026 676 1076 696 nec
1089 667 1139 694 tela
1152 667 1303 694 vibrantur.
1328 665 1413 693 Tnbac
1427 664 1598 692 solummodo
1624 672 1718 691 sacer-

922 715 1024 744 dotales
1038 718 1141 749 septem
1168 713 1262 741 diebus
1286 712 1420 740 continuis
1437 711 1608 743 adhibentur,
1624 710 1717 744 sicque

923 762 1083 790 circumacta
1110 767 1182 792 arca,
1205 758 1275 786 muri
1290 757 1399 786 Jericho
1413 757 1590 785 subruuntur.
1607 756 1717 784 Jericho

923 812 1011 836 autem
1027 814 1076 842 per
1090 806 1338 841 interpretationem
1355 804 1418 831 tuna
1433 803 1540 831 dicitur.

961 854 989 881 2.
1014 853 1087 881 Luna
1106 859 1170 880 vero
1194 851 1284 879 mundi
1296 850 1375 886 hujus
1397 850 1515 885 speciem
1546 853 1636 882 tenet,
1658 849 1720 884 qula

888 889 912 919 Β
925 900 995 928 sicut
1013 899 1075 927 luna
1093 899 1239 927 menstruis
1256 896 1482 931 completionibus
1501 896 1592 923 delicit
1603 916 1610 929 ,
1626 896 1660 923 ita
1675 896 1720 922 hie

926 945 1041 974 mundus
1056 945 1089 972 ad
1110 944 1320 979 completionem
1337 947 1488 977 temporum
1503 947 1615 968 currens
1627 962 1634 974 ,
1651 947 1720 975 quo-

925 992 1033 1019 tidianis
1053 991 1202 1018 defectibus
1217 989 1308 1022 cadit;
1337 989 1363 1016 in
1378 995 1439 1016 arca
1453 995 1518 1015 vero
1544 986 1667 1015 Ecclesia
1684 987 1717 1012 ll-

925 1041 1046 1072 guratur‚
1059 1036 1086 1063 in
1100 1036 1172 1063 tubis
1184 1039 1273 1063 autem
1287 1035 1365 1062 aereis
1375 1033 1565 1070 praedicatores
1580 1033 1664 1061 fortes
1675 1039 1721 1060 ac-

926 1083 1071 1118 cipiuntur.

960 1128 987 1155 5.
1010 1128 1083 1155 llanc
1095 1134 1160 1162 ergo
1172 1126 1267 1154 urbem
1283 1125 1392 1154 Jericho
1405 1125 1500 1153 diebus
1515 1129 1618 1160 septem
1632 1124 1721 1153 leren-

926 1179 966 1203 tes
989 1181 1078 1201 arcam
1104 1173 1232 1200 israelitae
1257 1172 1340 1200 oeneis
1361 1171 1432 1198 tubis
1453 1171 1638 1206 clangentibus
1666 1171 1720 1198 cir-

925 1225 1061 1253 cumeunt,
1077 1223 1103 1247 et
1114 1219 1183 1246 muri
1195 1218 1254 1253 ejus
1265 1225 1312 1252 per
1326 1224 1395 1244 arcae
1408 1216 1577 1251 praesentiam
1592 1219 1671 1250 atque
1685 1216 1720 1242 ad

925 1274 1057 1294 :erearum
1072 1267 1195 1293 tubarum
1206 1264 1322 1291 sonitum
1338 1262 1448 1294 cadunt,
1461 1262 1522 1296 quia
1538 1262 1563 1289 in
1579 1262 1630 1289 hoc
1653 1266 1720 1289 tem-

924 1322 1008 1349 pore,
1025 1312 1096 1347 quod
1125 1315 1228 1345 septem
1252 1310 1355 1336 dierum
1384 1306 1567 1335 vicissitudine
1590 1306 1717 1340 volvitur,

923 1359 1006 1394 482
1021 1359 1083 1386 dum
1095 1357 1180 1384 fcrzur
1198 1362 1270 1386 arca,
1286 1354 1312 1382 id
1326 1358 1378 1388 est,
1390 1353 1455 1381 dum
1474 1354 1568 1382 orbcm
1585 1358 1719 1382 terrarum

923 1405 1084 1432 circumiens
1096 1406 1218 1432 movetur
1230 1400 1351 1429 Ecclesia
1372 1400 1406 1428 ad
1418 1398 1620 1436 praedicantium
1628 1407 1719 1433 voces,

923 1450 999 1486 quasi
1028 1449 1061 1477 ad
1086 1450 1210 1477 tubarum
1232 1448 1350 1476 sonitum
1371 1447 1441 1475 muri
1468 1446 1585 1480 iericho,
1614 1446 1641 1475 id
1666 1451 1719 1480 cst,

923 1496 1004 1525 elatio
1015 1495 1118 1529 mundi,
1133 1502 1163 1523 ac
1179 1495 1294 1530 superba
1313 1493 1478 1522 infidelitatis
1502 1492 1640 1522 obstacula
1659 1499 1721 1525 cor-

923 1547 1019 1575 ruunt,
1031 1542 1118 1570 donec
1134 1542 1160 1569 in
1176 1542 1228 1571 tine
1244 1545 1395 1577 temporum
1411 1547 1486 1569 mors
1501 1539 1646 1567 novissima
1667 1538 1719 1567 ini-

926 1589 994 1616 mica
1019 1588 1185 1621 destruatur,
1208 1591 1235 1615 et
1254 1595 1287 1614 cx
1309 1587 1452 1621 impiorum
1472 1585 1625 1622 perditione
1641 1585 1720 1612 unica

924 1635 1020 1663 domus
1045 1634 1131 1666 llaab,
1154 1638 1280 1667 tanquam
1306 1632 1383 1660 unica
1410 1631 1546 1665 Ecclesia,
1575 1630 1720 1664 liberetur.

925 1681 1023 1709 munda
1052 1688 1067 1708 a
1092 1679 1259 1715 turpitudine
1291 1677 1478 1706 fornicationis
1502 1685 1549 1712 per
1573 1678 1717 1706 fenestram

925 1726 1116 1761 confessionis,
1133 1726 1159 1753 in
1174 1726 1304 1760 sanguine
1315 1723 1497 1761 remissionis2
1513 1723 1564 1751 ista
1577 1723 1649 1751 enim
1663 1730 1720 1753 me-

926 1773 1012 1800 retrix
1028 1772 1055 1799 in
1069 1772 1192 1806 iericho,
1206 1775 1333 1807 tanquam
1346 1771 1371 1798 in
1388 1770 1439 1798 hoc
1455 1771 1571 1802 saecuto,
1585 1774 1718 1798 moratur.

962 1818 988 1846 4.
1006 1819 1082 1852 Quae,
1099 1823 1128 1846 ut
1143 1818 1241 1846 salvari
1266 1818 1369 1853 possit,
1386 1824 1434 1853 per
1460 1817 1605 1844 fenestram
1625 1816 1721 1844 domus

927 1871 994 1898 suae,
1018 1869 1143 1900 tanquam
1165 1872 1212 1900 per
1227 1871 1257 1892 os
1274 1864 1396 1899 corporis
1410 1864 1462 1898 sui,
1489 1870 1599 1892 coccum
1624 1863 1719 1896 mittit,

927 1909 998 1945 quod
1013 1914 1055 1937 est
1079 1909 1217 1945 sanguinis
1238 1908 1337 1937 Christi
1353 1909 1458 1944 signum
1482 1917 1531 1947 pro
1555 1908 1717 1937 remissione

928 1961 1099 1991 peccatorum
1122 1956 1244 1983 confiteri
1266 1956 1300 1984 ad
1323 1956 1449 1985 saltuem.
1473 1955 1523 1990 Qui
1538 1955 1639 1984 inventi
1658 1959 1722 1984 sunt

931 2001 958 2029 in
974 2001 1055 2029 domo
1071 2001 1152 2033 illius,
1168 2001 1234 2028 salvi
1258 2001 1319 2029 facti
1333 2005 1395 2029 sunt
1409 2001 1443 2029 ab
1454 2000 1565 2029 interitu
1580 2000 1671 2036 urbis,
1693 2005 1722 2028 et

929 2049 1080 2085 quicunqne
1095 2049 1163 2076 intra
1183 2048 1331 2076 Ecclesiam
1353 2047 1534 2083 reperiuntur,
1554 2047 1604 2082 ipsi
1618 2051 1719 2074 tantum

930 2094 1077 2122 salvantur.
1100 2094 1181 2123 Extra
1198 2094 1266 2122 hanc
1279 2098 1368 2122 autem
1383 2093 1510 2128 domum,
1526 2093 1552 2121 id
1567 2097 1620 2127 est,
1645 2097 1720 2122 extra

931 2141 1092 2175 Ecclesiam,
1107 2149 1187 2170 nemo
1198 2141 1330 2170 salvatur.

1235 2186 1350 2216 CAPUT
1370 2186 1436 2215 Vlll.

1208 2233 1248 2262 De
1262 2233 1331 2269 [arto
1346 2232 1446 2261 Aelian-

68 2267 219 2303 .C¹¹¹'‘¹⁵¹ffl¹¹
232 2277 278 2306 [91'0
291 2270 382 2298 mundi
394 2271 480 2298 salute
494 2271 639 2306 credimus·
655 2279 687 2300 ³0
700 2272 796 2302 deinde
811 2282 871 2304 cre-
884 2266 914 2299 D
962 2279 987 2307 1.
1008 2279 1122 2308 Furatur
1136 2280 1237 2308 interea
1264 2279 1297 2308 de
1319 2279 1489 2308 anathemate
1512 2277 1586 2306 urbis
1607 2277 1718 2312 ,iericho

68 2315 188 2355 ndentes,
202 2317 291 2345 statim
309 2317 356 2346 illo
367 2325 435 2354 pane
448 2318 573 2346 dominici
587 2320 708 2355 corporis
725 2321 868 2356 pascimur.

69 2390 73 2394 ,
121 2361 148 2390 5.
169 2361 292 2391 Occurrit
306 2362 403 2392 deinde
417 2363 494 2392 nobis
509 2365 634 2401 princeps
659 2366 762 2394 militioe
786 2367 871 2395 virtu·

69 2439 73 2444 1
87 2408 143 2432 tum
158 2405 308 2436 coelestium
323 2407 445 2439 Christus
456 2430 464 2444 ,
478 2414 572 2438 tenens
585 2410 704 2445 gladium
730 2411 868 2448 Evangelii

87 2450 120 2478 ad
145 2453 318 2481 resecandam
330 2455 418 2483 carnis
432 2460 531 2484 nostrae
552 2456 738 2491 pollutionem.
755 2460 872 2488 Pereun-

87 2528 187 2592 anlltlr..
206 2537 245 2559 vt.
265 2529 298 2557 N.
321 2530 347 2558 1.
372 2531 436 2559 Post
457 2532 590 2564 sudanti.
613 2535 736 2572 engen„
762 2537 836 2566 bom.
859 2539 876 2567 5

73 2617 77 2621 .
125 2599 194 2626 Ihm.
207 2598 358 2634 Perconwr.
372 2607 406 2628 an
429 2609 578 2636 percunctor
599 2606 742 2642 scribatur,
766 2609 876 2643 perinde

87 2639 139 2663 est.
152 2633 269 2676 Grlnlius
281 2639 458 2675 percontemur
467 2658 475 2670 ,
487 2642 515 2667 et
529 2640 608 2675 paulo
620 2647 681 2676 post
692 2646 874 2678 percunctatio.

76 2670 118 2698 ,1η
132 2673 195 2697 nota
205 2669 298 2697 Grtahl
311 2675 369 2698 erat
381 2677 437 2706 porr
448 2671 599 2702 sardanum.
616 2678 701 2704 Anav-

75 2703 266 2768 turmatim..
282 2704 580 2769 g'cahgwnmaeaw
601 2715 658 2746 post
683 2711 737 2740 ttoec
758 2713 874 2749 Iericho.

73 2784 88 2799 t·
123 2740 257 2816 g’fflatio
271 2775 370 2808 mundi,
385 2780 439 2805 etc.
453 2777 500 2805 Sic
515 2778 735 2811 athomcodor.
746 2783 862 2815 Grtsttus

88 2809 150 2874 aa
161 2807 873 2887 aaa·unsaramma&frisvft¹²⁵⁰³

923 2325 1015 2357 Achan
1043 2326 1204 2362 pallium,et
1219 2326 1335 2361 linguam
1360 2332 1487 2359 auream,
1503 2332 1550 2359 pro
1576 2331 1641 2359 quo,
1667 2325 1720 2353 ira-

910 2376 1015 2408 ‚scente
1025 2371 1090 2405 Dco,
1103 2372 1240 2407 perierunt
1250 2371 1357 2407 quidam
1371 2378 1450 2400 manu
1462 2370 1551 2409 hostili
1563 2377 1595 2398 ex
1609 2370 1719 2406 populo.

926 2417 1033 2446 Jericho
1052 2418 1156 2452 itaque,
1180 2417 1320 2445 utdictum
1335 2421 1386 2459 est,
1399 2415 1490 2444 mundi
1513 2415 1582 2451 gerit
1593 2415 1716 2451 figuram.

927 2463 966 2492 De
976 2462 1146 2491 anathemate
1161 2470 1225 2498 ergo
1234 2463 1292 2497 eius
1305 2462 1433 2490 fraudans
1444 2462 1471 2489 in
1482 2461 1655 2490 tabernaculo
1669 2457 1718 2490 suo

965 2541 1030 2569 Car.
1045 2548 1104 2568 vm.
1118 2540 1152 2569 N.
1169 2541 1196 2568 1.
1214 2539 1339 2567 Faratar.
1350 2538 1437 2575 orig„
1453 2537 1527 2566 hom.
1543 2538 1570 2565 7.
1586 2538 1683 2570 Galat..

965 2575 1035 2604 tom.
1057 2575 1090 2602 Et
1106 2575 1222 2612 linquam
1242 2582 1358 2603 auream.
1382 2574 1419 2601 lta
1445 2574 1555 2601 omnino
1576 2573 1718 2610 tegendum

928 2619 961 2640 ex
973 2611 1118 2643 LXXmon
1132 2610 1248 2646 regulam
1261 2617 1295 2637 ex
1309 2609 1385 2644 Vulg.
1401 2609 1492 2644 Neque
1506 2608 1584 2637 aliter
1594 2609 1718 2644 procedit

928 2647 1067 2683 allegoria,
1082 2654 1141 2682 quae
1153 2650 1207 2673 tota
1222 2649 1264 2674 est
1273 2645 1406 2680 origenis.
1420 2643 1527 2677 mrum,
1542 2644 1594 2672 hoc
1605 2651 1660 2672 aon
1675 2645 1716 2673 vi-

928 2683 1011 2715 disse,
1020 2681 1142 2717 quisquis
1155 2681 1212 2709 haec
1225 2680 1288 2708 olim
1303 2680 1330 2707 ln
1347 2680 1422 2714 peius
1435 2679 1602 2707 reformavit.
1618 2679 1716 2712 Garat..

964 2717 1032 2746 Ibid.
1049 2717 1176 2751 Linguam
1187 2724 1300 2743 auream.
1317 2714 1433 2746 Grialius
1453 2715 1505 2742 boc
1517 2715 1716 2750 metum-news

928 2753 1072 2781 immerito.
1087 2752 1140 2779 Sed
1153 2751 1362 2783 observandum,
1376 2757 1450 2778 num.
1465 2751 1494 2783 5,
1511 2755 1654 2783 occurrero
1670 2758 1714 2777 re-

928 2789 1002 2853 g'utas
1013 2795 1116 2817 aureas.
1134 2786 1244 2815 Veteres
1258 2786 1339 2814 modo
1349 2792 1413 2825 nnn,
1426 2785 1508 2817 modo
1520 2785 1572 2815 alta
1590 2784 1714 2822 mone

909 2867 913 2870 .
958 2823 1071 2856 liliorum
1086 2821 1240 2853 utebantur.
1254 2821 1341 2854 Aser.

1639 2904 1642 2906 v
1681 2901 1699 2910 -ς
1702 2905 1719 2910 -.
