1832 3016
69 123 107 155 33

668 116 975 146 hirriant-:Nummi
994 116 1059 144 1.th
1080 116 1101 146 Ι.

1666 117 1708 147 :54

104 182 167 211 218.
182 181 253 210 lnte'r
266 179 375 208 Famam
386 179 414 205 et
425 176 545 213 azariam.
560 175 648 204 Gloria
661 175 758 211 quippe
772 174 856 202 virtu-
870 179 898 210 Α
908 181 1014 209 crymas
1024 174 1147 206 tundere.
1160 174 1235 208 quasi
1250 174 1343 207 nuere,
1365 181 1471 210 patrare
1489 176 1532 202 est
1544 174 1619 210 qtiasi
1642 182 1706 204 eum

71 233 128 256 tum
148 232 200 262 est,
221 227 289 254 lama
304 231 369 252 vero
390 223 524 251 vitiorum.
552 222 655 250 Ennius
678 223 704 249 in
729 221 857 249 Achille:

71 274 204 302 Summam
217 277 244 299 ιιι
260 270 305 297 tibi
323 278 369 305 pro
385 270 454 296 mala
466 269 518 296 vita
532 269 627 304 samam
643 268 797 300 extolles,“ec
812 275 858 302 pro

70 320 135 347 bona
145 321 260 354 paratam
273 317 392 352 gloriam.
405 316 472 352 [AL.
482 320 574 350 parata
583 314 723 350 qlorin]...;
738 314 858 341 malevo-

69 365 154 393 lentes
171 362 270 400 [Fore.,
291 363 360 389 male
382 361 512 398 viventes]
534 362 606 389 enim
631 361 728 388 samam
748 360 857 394 tollunt,

69 410 254 438 benevolentes
269 407 369 441 more„
384 408 453 435 bene
467 406 600 442 viventes]
615 407 737 442 gloriam.

101 454 163 482 219.
178 453 250 481 lnter
265 452 361 480 Fatum
380 457 407 480 et
427 453 554 487 fortunam
573 453 668 487 pagani
693 453 730 479 ita
749 460 859 487 separa-

66 498 146 526 bont:
163 497 233 532 quod
254 496 324 523 enim
345 496 453 523 lortuitu
474 496 556 529 venit,
569 496 640 522 nulla
660 496 747 528 palam
767 502 857 528 causa,

65 544 197 572 fortunam
213 542 362 575 vocabant,
380 541 463 569 fatum
481 549 549 569 vero
565 541 691 576 quidquid
707 541 856 576 appositum

64 590 186 624 singulis,
209 592 237 616 et
256 593 382 615 statutum
396 593 472 620 erat,
493 591 522 614 ut
541 592 603 623 puta
616 609 623 619 ,
653 588 697 614 lati
713 595 773 615 esse
786 587 858 614 dice-

63 636 128 662 bant
143 634 212 669 quod
228 634 373 667 nascimur,
388 633 458 668 quod
474 634 638 666 occidimus,
652 633 764 660 sortunze
780 634 858 667 quid-

62 680 124 715 quid
138 681 166 708 in
179 681 232 707 vita
247 680 386 707 varietatis
406 679 503 706 accidit
517 678 584 714 lAL,
599 678 748 714 occiderit].

96 726 158 753 220.
173 726 243 753 lnter
255 724 409 752 Falsitatem
428 729 455 751 et
472 725 640 751 mendacium.
664 723 767 757 Negare
786 723 857 758 quod

61 779 154 799 verum
170 772 236 808 [At.,
250 771 322 806 vere]
339 775 389 803 est,
405 770 507 797 salsitas
528 775 580 803 est,
597 770 698 804 lingere
716 769 786 799 quod
810 778 856 796 ve-

61 825 119 845 rum
135 817 201 852 [Al.,
216 816 289 852 vere]
302 823 353 843 non
368 819 419 849 est,
431 815 598 842 mendacium
611 819 663 842 est.
678 814 753 842 Unde
764 815 818 849 30
831 818 858 841 et

60 864 125 892 Cato
137 874 143 891 :
159 864 209 898 Tu,
222 865 339 898 inquam,
352 863 470 889 siveram
485 862 623 897 supprimis
635 860 701 897 [Al.‚
714 868 773 887 vera
786 860 857 886 nobis

60 910 216 946 supprimir].
242 910 362 943 falsarius
392 909 553 943 agnoscet-1⁸⁵5
577 909 599 933 si
627 907 693 941 salsa
718 906 855 941 conlinqu's,

61 956 170 983 mendax
183 964 237 987 esse
250 955 343 982 videris
357 954 425 990 [At.,
438 951 619 988 judicaberis}

95 1000 158 1028 221.
176 1001 248 1027 luter
262 999 371 1026 Falsum
386 1003 413 1025 ει
439 999 534 1032 [ictum.
562 996 668 1024 Falsum
684 996 717 1024 ad
735 1002 856 1024 oratores

60 1046 187 1080 pertinet,
203 1045 249 1071 ubi
266 1045 366 1071 veritas
387 1051 458 1077 szepe
480 1043 515 1069 ita
531 1042 640 1075 luditur,
662 1047 692 1069 ut
710 1050 770 1077 quae
789 1042 856 1069 sacta

60 1097 122 1119 sunt
136 1095 287 1125 nogentum
304 1090 394 1116 lictum
411 1096 476 1116 vero
490 1088 522 1114 ad
537 1092 641 1122 poetas,
657 1088 702 1115 ubi
714 1096 773 1122 quae
789 1089 856 1116 iacta

61 1146 113 1164 non
128 1142 190 1164 sunt
206 1137 272 1164 lacta
283 1137 416 1164 dicuntur.
430 1136 537 1163 Falsum
551 1141 593 1163 est
604 1144 668 1170 ergo
680 1136 751 1170 quod
763 1144 855 1163 verum

60 1191 111 1210 nou
127 1188 185 1215 est;
203 1183 293 1210 lictum
308 1182 378 1217 quod
392 1186 493 1208 tantum
508 1181 655 1208 verisimile
669 1186 721 1208 est.

95 1230 159 1257 222.
190 1230 262 1256 inter
287 1229 410 1255 Fertilem
432 1233 459 1255 et
481 1229 651 1263 fructuosum.
676 1228 795 1260 Fertilis,
816 1232 856 1255 est

59 1283 140 1310 agon
158 1275 332 1307 fructuosum,
348 1274 418 1309 quod
433 1274 527 1307 cuique
550 1274 736 1307 compendium
750 1279 801 1300 e-·t.

95 1320 158 1347 225.
190 1320 260 1347 {nter
293 1319 443 1346 Frondeum
462 1324 489 1346 et
514 1319 674 1354 frondosum.
703 1319 854 1346 Frondeum

59 1371 98 1394 est
113 1371 197 1392 totum
215 1366 312 1392 laetum
329 1365 363 1391 de
379 1364 528 1397 frondibus.
549 1369 579 1391 ut
600 1369 690 1397 torus,
713 1364 854 1391 frondosus

58 1419 122 1440 vero
150 1415 191 1438 cst
217 1411 291 1438 locus
318 1410 383 1447 [At.,
409 1410 515 1446 lucus].
541 1410 614 1437 Licet
643 1411 713 1437 enim
739 1411 854 1437 abundet

58 1458 206 1490 frondibus,
236 1465 287 1484 non
317 1463 404 1484 tamen
431 1461 472 1483 est
494 1456 527 1483 de
547 1456 689 1483 frondibus
713 1461 791 1483 totus.
808 1456 854 1484 Sic

59 1509 86 1532 et
96 1503 274 1540 gramineum,
287 1507 314 1530 et
323 1503 506 1538 graminosum
518 1502 585 1538 [At.‚
597 1503 745 1537 germinem
757 1508 783 1530 et
793 1510 854 1537 ger-

58 1549 214 1585 niinosunq.

91 1604 155 1633 22⁴.
171 1605 242 1631 lnter
259 1604 284 1630 F
286 1604 343 1631 lecti
357 1608 385 1631 et
406 1604 517 1639 deflecti.
545 1604 627 1631 Flecti
644 1608 685 1631 est
700 1608 771 1631 retro
788 1603 854 1640 [Al.,

59 1659 74 1680 a
88 1650 174 1687 recto]
186 1655 213 1678 et
227 1651 253 1678 in
268 1651 437 1685 proximum;
457 1650 563 1678 deflecti
580 1658 643 1677 vero
659 1651 764 1685 longius
789 1656 816 1678 et
830 1651 855 1677 in

58 1696 176 1725 devium.

94 1742 239 1771 225.lnter
256 1742 322 1769 Frui
333 1746 359 1769 et
374 1743 412 1769 uti
423 1742 481 1769 haee
491 1741 628 1769 distinctio
641 1745 692 1768 est.
704 1741 780 1775 Quod
793 1741 856 1768 srui-

60 1797 120 1816 mur
134 1796 186 1824 quo
202 1796 369 1823 nequaquam
385 1795 478 1816 carere
501 1795 662 1823 possumus;
685 1789 783 1815 utimur
796 1797 855 1823 quae

59 1835 203 1869 aliquando
218 1842 269 1862 nec
280 1841 388 1868 semper
403 1835 542 1861 babemus.
561 1834 600 1862 Ac
614 1841 662 1869 per
678 1834 728 1862 hoc
739 1835 776 1862 uti
788 1839 855 1862 tem-

60 1880 154 1914 porale
168 1883 219 1913 est,
237 1879 288 1906 l'rui
302 1887 367 1906 vero
383 1884 522 1906 aeternum.

96 1925 158 1952 226.
176 1926 246 1952 lnter
261 1925 381 1952 Fremere
395 1930 422 1953 et
437 1926 562 1959 [rendere.
578 1926 703 1954 Fremere
725 1931 765 1954 est
784 1927 854 1954 suro-

60 1978 117 1998 rem
144 1971 257 2003 mentis,
282 1978 367 2006 usque
392 1970 425 1998 ad
450 1971 523 1999 vocis
548 1972 690 1999 tumultum
717 1973 853 2006 excitare,

61 2015 185 2043 frendere
207 2023 272 2042 vero
297 2015 420 2049 proprie,
449 2016 543 2043 dentes
561 2017 739 2051 comprimere
753 2021 780 2044 et
792 2025 856 2044 con-

61 2065 161 2088 cutere.
179 2061 255 2088 Unde
270 2060 343 2088 trena
362 2061 444 2093 dicta,
458 2062 529 2096 quod
542 2062 598 2088 liaec
612 2062 672 2096 equi
683 2061 816 2096 frendant,
830 2063 855 2090 id

61 2112 111 2140 est,
126 2112 248 2142 premant
271 2107 346 2143 [ΑΙ.,
369 2106 539 2142 imprimant]
565 2108 690 2135 dentibus
705 2129 712 2141 ,
735 2113 761 2136 et
783 2117 856 2136 mor-

61 2153 151 2181 deant.
168 2154 234 2181 llinc
254 2158 280 2180 et
292 2153 414 2180 frenetici
435 2154 510 2186 dicti,
530 2160 563 2181 eo
585 2153 654 2188 quod
677 2154 772 2182 dentes
791 2162 857 2182 con-

61 2199 171 2227 cutiam.

96 2246 160 2275 227.
177 2247 248 2276 luter
263 2247 340 2275 Flere
360 2252 388 2275 et
406 2248 516 2282 plorare.
532 2247 609 2275 Flere
627 2252 669 2276 est
683 2248 798 2276 ubertim
817 2249 856 2276 la-

97 2327 159 2355 219.
176 2327 215 2355 Ex
230 2327 307 2356 Serv.
323 2333 422 2362 mente,
441 2328 518 2356 adili.
532 2336 558 2356 tv
571 2329 635 2356 AEn.
646 2336 654 2355 ι
667 2328 855 2361 Quemdederat
870 2333 898 2364 1)

65 2369 166 2390 cursum
178 2365 281 2397 fortuna
295 2365 392 2400 pereqi.

102 2396 167 2425 thid.
184 2399 224 2426 An
234 2406 285 2426 vox
302 2400 384 2434 satum
398 2407 411 2426 a
426 2399 588 2427 Christianis
611 2399 734 2426 adbiberi
759 2401 855 2434 possit,

68 2432 188 2472 nonrmlli
213 2441 353 2468 quaerunt,
369 2435 501 2463 catholico
515 2442 595 2462 sensu
610 2442 625 2461 a
642 2435 782 2469 plerisque
796 2443 856 2462 eam

67 2465 188 2494 adbiberi
202 2473 316 2498 constat.
331 2470 418 2498 Anev.

68 2500 211 2563 ωὲΞίὲΕι
219 2503 392 2538 interpretum
402 2505 632 2539 Terentiimente,
642 2511 694 2535 act.
702 2515 711 2534 ι
718 2506 854 2539 Eunuch.,

114 2543 142 2563 n.
178 2554 186 2562 .

103 2569 294 2601 msssxstarv.
308 2575 385 2604 notit.
402 2583 421 2604 tt
434 2576 516 2605 AEu.:
535 2577 647 2604 Nemora
657 2577 724 2604 inter
735 2577 855 2612 frondea,-

68 2604 230 2646 ulida-loeus
241 2611 317 2648 'iiten
330 2611 449 2645 mutilus,
464 2613 611 2641 restitutus.

54 2654 56 2657 -
107 2639 177 2668 Im.
193 2641 318 2670 Paulinus
336 2651 368 2672 ex
381 2647 454 2674 varia
468 2647 583 2675 lectione
596 2651 670 2675 notat
685 2647 766 2680 locut,
782 2647 855 2680 quod

69 2673 156 2710 ipsum
168 2675 194 2702 in
206 2680 279 2716 textu
289 2677 403 2707 Grinlins
411 2682 504 2710 edidit.
525 2683 650 2710 Fortasse
674 2683 804 2710 Pantinus
827 2683 854 2710 in

70 2713 134 2739 nota
146 2711 228 2738 voluit
244 2711 317 2739 lucu·
334 2721 382 2746 pro
392 2715 472 2744 locus.
484 2717 570 2748 Anv.

103 2743 168 2774 226.
183 2745 242 2774 Lib.
257 2754 275 2774 x
288 2747 437 2783 Etymoloss.
447 2769 457 2783 ,
471 2750 558 2780 littera
572 2751 608 2781 F.

105 2778 174 2808 md.
191 2781 367 2810 Scribendum
383 2785 470 2818 potius
484 2786 637 2822 phumata-i,
652 2789 723 2824 quod
736 2796 790 2824 non
814 2793 858 2819 est

68 2815 565 2886 'stifftssett’fftffssistssz’ffzzffl
578 2823 654 2870 ΛΨ
716 2820 721 2832 ’
783 2822 789 2832 ’

760 2919 787 2933 ἓν
827 2928 833 2933 «

869 1561 893 1593 C
907 1566 955 1593 ris.
977 1566 1073 1593 Fluere
1096 1570 1185 1593 autent
1211 1567 1295 1593 tribus
1320 1565 1406 1593 modis
1425 1566 1540 1592 dicimus
1563 1574 1570 1592 :

912 228 979 248 voce
999 221 1080 254 llere,
1095 220 1237 254 plangere,
1261 227 1322 247 cum
1337 220 1464 256 lacrymis
1484 224 1579 255 pectus
1594 225 1640 248 aut
1666 221 1707 249 l'a-

909 265 977 293 ciem
1000 266 1120 293 tundere.
1144 265 1306 297 Lamentari,
1327 269 1369 293 est.
1390 274 1451 294 cum
1474 266 1606 302 aliquibus
1625 266 1707 295 dictis

911 311 1106 338 miserabilibus
1130 310 1205 338 nere.
1229 311 1362 343 Moerere,
1386 318 1447 337 cum
1468 311 1575 339 silentio
1601 312 1705 340 dolere.

910 356 1013 391 Lugere
1023 361 1064 383 est
1076 364 1137 383 curn
1154 356 1258 383 babitus
1273 355 1432 383 mutatione.
1448 356 1595 392 Laerymas
1616 363 1706 386 autem

909 408 924 427 a
948 401 1110 427 laceratione
1131 401 1230 427 mentis
1255 400 1351 426 dictas.
1372 399 1510 435 Lugentes
1530 409 1594 429 vero
1622 403 1684 429 dicti
1698 423 1707 436 ,

909 446 984 480 quasi
1010 446 1069 473 luce
1094 449 1220 480 egentes,
1247 445 1319 472 unde
1347 450 1374 472 et
1399 446 1486 473 luctus
1512 445 1583 482 ΗΣ,
1607 447 1706 483 lucus}

909 491 1016 519 dicitur.

944 537 996 572 31
1011 537 1074 564 228.
1092 537 1163 564 Inter
1187 537 1289 564 Fodero
1301 542 1329 565 et
1343 537 1464 570 effodere.
1476 537 1580 565 Fodere
1594 542 1636 565 est
1648 543 1706 566 tan-

910 587 966 611 tum
979 584 1126 611 sollicitare
1143 589 1241 612 terram
1252 604 1259 615 .
1271 584 1400 616 effodere,
1416 584 1466 611 hoc
1480 584 1567 618 ipsum
1583 585 1706 612 iaciendo

909 639 1004 660 eruere
1018 632 1127 666 aliquid,
1142 632 1185 659 vel
1205 632 1338 664 invenire,
1358 632 1401 658 cui
1422 632 1585 659 contrarium
1602 636 1645 659 est
1662 632 1706 660 in-

909 677 1011 705 fodere.

943 725 1092 752 229.1ηιει·
1113 724 1249 751 Famularn·
1268 728 1295 751 et
1313 723 1428 759 obsequi.
1445 723 1577 752 Famulari
1597 728 1640 752 est
1657 724 1705 752 de-

909 770 973 803 biti;
990 770 1112 804 obsequi,
1125 769 1269 796 voluntatis
1282 770 1399 803 proprie.

942 816 1008 843 230.
1034 816 1105 843 lnter
1121 815 1256 849 Flaqitare
1275 818 1302 842 et
1323 815 1465 850 flaqitiare.
1485 814 1561 847 Quod
1586 815 1706 849 flagitare

875 874 896 903 B
910 862 981 889 idem
995 866 1036 888 est
1058 861 1127 896 quod
1160 861 1257 889 :terite-r
1289 860 1470 894 interpellare,
1490 859 1620 894 flagitiare
1640 868 1705 886 vero

909 911 951 934 est
974 908 1119 941 impurare.

943 955 1008 981 231.
1025 954 1095 980 lnter
1112 953 1227 989 Fuqiwrt
1241 957 1269 980 et
1284 952 1436 988 diffugiunt.
1460 951 1575 986 Fugiunt
1594 945 1705 985 pariter,

909 1000 1052 1033 diffugiunt
1064 1000 1153 1026 divisi.

942 1051 1005 1078 252,
1034 1050 1104 1077 inter
1135 1049 1258 1076 Falemur
1272 1054 1299 1076 et
1313 1048 1472 1082 confitemur.
1494 1047 1623 1074 confiteri
1645 1053 1707 1080 pro-

909 1097 957 1131 prii
972 1097 1074 1124 arbitrii
1091 1102 1149 1128 est;
1175 1103 1236 1122 nam
1252 1095 1337 1126 fateri,
1353 1094 1437 1121 coacti
1461 1098 1502 1120 est
1522 1093 1622 1126 animi,
1652 1099 1707 1119 uon

910 1143 1055 1169 voluntatis
1070 1142 1124 1177 [ΑΙ.
1139 1141 1270 1175 profiteri,
1288 1140 1312 1166 id
1330 1139 1431 1174 est...].

942 1189 1004 1214 ⁶235.
1020 1189 1090 1214 lnter
1106 1187 1218 1214 Fecisti?
1229 1191 1256 1214 et
1271 1186 1386 1220 nunquid
1410 1185 1510 1220 fecisti?
1526 1183 1704 1217 percontandi

908 1235 1057 1261 differentitt
1071 1240 1122 1260 est.
1140 1233 1206 1259 Nam
1220 1240 1274 1266 quo
1289 1232 1348 1258 loco
1364 1231 1487 1256 volumus
1502 1229 1580 1256 nobis
1592 1236 1705 1263 respon-

908 1281 964 1307 ‹leri
993 1281 1090 1307 sactum
1115 1286 1190 1310 esse,
1211 1278 1281 1312 quod
1304 1282 1346 1304 est
1368 1277 1539 1310 imperatum,
1563 1276 1676 1302 dicimus
1697 1283 1708 1302 .-

908 1327 1025 1353 Fecisti?
1043 1327 1100 1358 Quo
1122 1326 1180 1352 loco
1200 1325 1325 1352 volumus
1344 1324 1448 1359 negari,
1470 1323 1522 1351 hoc
1538 1323 1619 1350 modo
1637 1323 1707 1350 dici-

906 1379 985 1399 mus:
1001 1371 1127 1406 Nimquid
1144 1371 1248 1406 fecisti?

941 1428 1003 1455 254.
1021 1428 1090 1456 lnter
1106 1428 1179 1454 Fluit
1200 1433 1227 1455 et
1249 1428 1349 1462 defluit.
1375 1427 1446 1454 Fluit
1460 1428 1530 1462 quod
1547 1427 1706 1454 naturaliter

906 1474 1034 1506 decurrit,
1057 1477 1086 1501 ut
1106 1475 1217 1506 humor,
1241 1474 1334 1501 denuit
1355 1478 1444 1501 autem
1466 1474 1535 1507 quod
1555 1478 1646 1505 aetate.
1662 1473 1706 1501 vel

906 1524 1038 1547 vetustate
1052 1520 1216 1552 dissolvitur,
1232 1525 1261 1547 ut
1275 1525 1339 1547 retas
1355 1520 1504 1553 hominum,
1521 1519 1612 1546 lolium
1627 1519 1707 1546 arbo-

1594 1565 1707 1592 liumore

909 1618 1011 1643 rerum,
1040 1611 1114 1637 sanie
1125 1611 1257 1643 vivorum,
1274 1611 1334 1637 tabe
1350 1614 1528 1637 mortuorum.

943 1655 1006 1682 255.
1023 1656 1093 1682 lnter
1109 1656 1239 1688 Fratrem-e,
1254 1656 1397 1690 funereum,
1420 1660 1448 1682 et
1461 1658 1599 1690 funestum.
1617 1655 1707 1683 Fune-

908 1701 967 1733 bre,
981 1701 1150 1734 luctuosum
1168 1701 1319 1733 funereum,
1335 1701 1405 1735 quod
1425 1708 1457 1728 ex
1474 1701 1569 1728 funere
1583 1706 1706 1735 constan

908 1748 1042 1776 funestum
1054 1755 1130 1781 vero,
1145 1748 1216 1782 quod
1230 1747 1324 1774 funere
1338 1746 1402 1782 [A1.,
1419 1747 1445 1773 in
1464 1747 1568 1782 sunere}
1585 1748 1708 1782 inquina-

907 1798 963 1822 tum
979 1798 1029 1821 est.
1052 1793 1143 1827 Itaque
1163 1793 1285 1820 funestus
1300 1792 1415 1819 famulus
1430 1793 1540 1825 dicitur,
1556 1794 1599 1827 qui
1614 1793 1706 1828 aliquo

908 1840 1000 1867 sunere
1014 1840 1129 1874 pollutus
1144 1843 1197 1871 est,
1211 1846 1264 1873 quo
1278 1839 1366 1865 minus
1379 1845 1454 1865 sacra
1467 1846 1595 1873 peragere
1606 1842 1707 1873 potest.

942 1885 1006 1912 256.
1023 1884 1096 1911 inter
1107 1883 1223 1919 Fraqrat
1232 1888 1258 1911 et
1268 1885 1372 1918 flayrat.
1384 1884 1497 1918 Fragrat
1508 1892 1556 1916 per
1566 1892 1579 1910 r
1590 1885 1705 1912 litteram

907 1931 941 1957 ad
956 1931 1065 1957 odorem
1094 1930 1225 1960 refertum
1248 1930 1320 1963 perl
1341 1930 1374 1956 ad
1389 1930 1524 1956 flammam
1552 1935 1578 1957 et
1604 1931 1704 1965 ignem.

909 1976 974 2004 Nam
1002 1976 1109 2010 quando
1128 1975 1280 2002 incendium
1306 1975 1447 2009 significat,
1473 1976 1545 2009 quod
1566 1975 1632 2003 llatu
1654 1977 1707 2004 ali-

909 2026 961 2054 tur,
978 2022 1050 2056 perl
1073 2021 1204 2054 dicimus;
1225 2025 1252 2047 et
1272 2021 1379 2054 quando
1403 2021 1524 2053 odorem,
1549 2022 1610 2056 quia
1624 2022 1708 2050 l'racta

909 2067 975 2104 [At.‚
992 2067 1038 2101 qui
1054 2074 1069 2093 a
1084 2066 1178 2102 fracia]
1202 2067 1293 2101 specie
1320 2067 1406 2100 maior
1419 2071 1476 2101 est,
1495 2075 1542 2101 per
1556 2077 1568 2094 r
1583 2069 1709 2096 enuntia-

909 2117 951 2139 tur
967 2112 1032 2148 [Aae.,
1048 2111 1258 2147 pronuntiatur-l.
1447 2144 1450 2146 q

943 2157 1006 2184 257.
1029 2157 1100 2184 inter
1114 2157 1234 2184 Fratrem
1249 2162 1275 2184 et
1291 2166 1451 2192 ⁴qermaemum.
1482 2159 1590 2186 Fratres
1615 2159 1708 2186 dicun-

909 2207 962 2237 tur,
978 2204 1021 2238 qui
1036 2211 1069 2231 ex
1083 2203 1179 2231 eodem
1195 2209 1270 2237 patre
1285 2209 1440 2237 nascuntur,
1457 2209 1483 2231 et
1498 2212 1551 2231 non
1568 2213 1600 2232 ex
1611 2205 1706 2233 eadem

911 2254 1007 2277 matre.
1021 2250 1070 2284 Qui
1086 2257 1152 2277 vero
1174 2250 1227 2285 32
1251 2257 1284 2277 ex
1297 2250 1391 2277 eodem
1408 2254 1483 2284 patre
1496 2255 1524 2278 et
1537 2256 1622 2279 matre
1640 2251 1706 2287 [At.‚

946 2344 981 2350 —
995 2329 1134 2363 Planqere.
1149 2329 1195 2357 Sic
1210 2333 1286 2357 vetus
1300 2329 1428 2364 glossar„
1445 2330 1624 2364 ptanqorihns.

946 2365 1010 2392 250.
1027 2365 1107 2392 Vetus
1121 2365 1248 2399 glossar„
1261 2365 1414 2399 flagitaverit
1430 2373 1478 2398 pro
1493 2365 1597 2392 acriter.

946 2415 982 2421 -—
996 2400 1064 2427 Male
1085 2401 1222 2435 imputare.
1249 2399 1276 2426 ln
1292 2408 1357 2427 mss.
1371 2401 1472 2434 impura
1485 2408 1526 2426 res
1542 2405 1579 2426 est
1594 2407 1643 2434 pro
1655 2401 1706 2428 im-

913 2441 1013 2497 pugzlg‘g..
1027 2470 1108 2502 Non.¹
1125 2470 1189 2497 dict.
1206 2469 1340 2503 Confiteri.

948 2520 984 2526 --
998 2506 1085 2538 Serv„
1098 2506 1130 2532 ad
1145 2505 1209 2531 illud
1221 2512 1246 2531 tv
1262 2504 1326 2532 AEn.
1341 2513 1346 2530 :
1360 2503 1435 2532 Anna
1450 2503 1549 2538 fatebor
1560 2506 1639 2534 enim.

946 2541 1011 2568 25⁴.
1023 2541 1112 2572 serv„
1128 2540 1161 2566 ad
1178 2539 1214 2566 ill.
1227 2539 1347 2567 vtttAE'n.
1359 2549 1366 2566 :
1379 2541 1459 2567 Semie
1470 2541 1577 2575 taboque
1587 2543 1705 2575 fluenter,

911 2580 1004 2603 contra
1028 2576 1128 2602 sentit:
1143 2575 1236 2602 Sanies
1247 2575 1341 2602 ηιονιυι·
1351 2580 1388 2602 eu
1401 2596 1410 2608 ,
1423 2575 1509 2602 tabum
1520 2577 1638 2610 viventis,
1654 2579 1706 2604 sti-

911 2611 969 2638 licet
984 2611 1129 2644 sanauints.

947 2646 1017 2674 Ibid.
1032 2646 1108 2680 Vnt..
1123 2649 1151 2672 ut
1163 2649 1229 2672 oeeas
1244 2645 1364 2672 hontim‘s.
1379 2645 1465 2672 Anev.

945 2681 1009 2709 236.
1021 2681 1062 2709 Ex
1075 2681 1165 2712 Serv..
1181 2681 1213 2707 ad
1229 2681 1267 2707 ill.
1280 2688 1287 2707 t
1303 2681 1366 2708 AEn.
1382 2689 1388 2706 :
1402 2679 1560 2714 Fraqramta
1572 2681 1664 2714 nuella,
1681 2683 1706 2710 in

911 2717 996 2745 altero
1024 2724 1076 2744 ms.
1101 2721 1179 2744 erat:
1196 2714 1267 2742 Nam
1288 2715 1392 2746 quando
1410 2715 1545 2750 flammam
1568 2721 1592 2743 et
1610 2717 1706 2753 iqnem,

909 2753 955 2786 qui
969 2751 1117 2779 incendium
1125 2751 1266 2785 similiani.
1281 2750 1362 2778 Forte
1374 2750 1525 2784 legendum:
1543 2750 1612 2778 Nam
1620 2761 1706 2787 quan-

911 2789 945 2815 do
959 2788 1092 2823 flammam
1101 2785 1280 2813 eunomium
1294 2785 1433 2820 fignificat,
1449 2791 1586 2820 preeunte
1599 2789 1705 2816 servio.

945 2822 1011 2850 257.
1025 2821 1070 2850 Sie
1078 2821 1127 2849 lib.
1141 2821 1162 2848 Ε
1193 2821 1347 2854 ηιοΙοκΛι,
1360 2827 1420 2854 esp.
1430 2819 1459 2849 6.

948 2856 1027 2885 -Es
1035 2856 1160 2885 mm...
1194 2863 1212 2883 x
1221 2856 1284 2884 eod.
1292 2855 1341 2884 lib.
1351 2856 1434 2884 citato
1445 2855 1551 2890 videtur
1562 2857 1704 2898 legendum
