1832 3016
708 118 738 147 S.
759 116 883 147 tstnom
900 113 1122 146 ntsPALeNsts
1140 115 1295 146 episcopt

1749 116 1803 148 zm

178 182 298 211 offeretis
312 178 435 210 Domino,
450 181 478 205 et
491 176 542 204 hoc
561 177 670 205 interra
681 181 771 205 vestra
784 175 894 204 omnino
909 184 962 204 uon
976 179 1000 210 Α
1014 176 1182 204 saecularium
1197 176 1358 209 litterarum,
1369 183 1440 210 quat,
1455 175 1517 210 quia
1545 179 1624 203 extra
1635 175 1715 204 tidem
1728 180 1804 212 sunt,

257 235 264 253 1
280 244 290 254 .

173 227 290 299 βέῗιιςο
305 277 383 298 11131111
412 270 568 304 alienigena
584 277 636 297 non
663 270 783 298 offeretis
798 277 880 304 panes
909 271 964 298 Deo

173 321 275 347 vestro,
292 323 341 343 nec
355 315 484 350 quidquid
500 316 571 342 aliud
587 315 652 343 dare
678 315 804 347 voluerit.
818 317 879 351 quia
900 325 963 344 cor-

176 367 252 397 rupta
265 367 292 389 01
304 362 433 388 maculata
453 365 515 387 sunt
539 362 639 393 omnia,
656 368 710 388 non
735 362 889 396 suscipietis
919 369 961 389 ea.

172 409 290 436 Primum
305 409 425 443 rejicitur
436 415 451 434 a
465 406 596 434 sac-riticio
610 409 775 435 maculosum
794 409 904 440 animal,
922 409 963 435 vel

171 455 286 487 varium,
301 455 327 481 id
353 458 404 487 est,
428 454 567 485 homines,
587 453 612 480 in
642 454 738 488 quibus
758 455 899 481 diversitas
923 459 964 481 est

171 505 358 535 peccatorum,
373 504 400 526 et
412 507 483 526 nunc
499 500 524 526 in
538 500 651 527 libidine
666 505 694 527 et
719 501 876 535 cupiditate,
893 508 964 528 nunc

171 547 200 573 in
214 546 329 572 diversis
343 545 500 572 criminibus
515 546 695 573 demutantur.
707 545 837 579 Rejicitur
857 547 962 581 quidem

169 596 198 619 et
210 599 310 618 crecum
323 591 433 623 animal,
449 590 475 617 id
490 595 541 623 est,
558 590 604 624 qui
629 598 679 618 nee
703 590 786 624 Deum
814 592 897 625 videt,
914 599 964 619 nec

171 643 254 671 opera
267 636 325 670 ejus
342 635 415 662 tacit.

208 682 235 709 4.
252 682 376 709 Fractum
390 688 507 716 quoque,
521 681 546 708 id
562 687 615 715 est,
632 682 704 709 vitiis
717 683 868 710 carnalibus
884 691 964 710 vexa-

170 735 226 757 tum
239 737 270 756 ae
285 729 418 756 collisum.
435 729 563 762 Rejicitur
573 734 599 756 et
615 729 766 757 cicatricem
791 729 901 761 habens,
919 729 964 763 qui

172 783 225 802 non
241 775 319 809 digna
334 775 515 802 satisfactione
528 775 692 809 poenitentiae
714 775 824 802 vulnera
841 780 964 809 peccato-

171 829 230 847 rum
243 821 374 854 deplorat,
391 820 438 847 sed
456 820 543 847 adhuc
567 821 666 848 veteris
694 822 778 847 morbi
794 821 898 855 signum
916 829 963 855 per

1015 227 1042 250 et
1056 223 1141 250 aliena
1162 227 1298 258 putantur.
1312 222 1389 250 Tales
1403 222 1476 249 enim
1492 220 1666 256 repudiantur
1680 221 1775 250 hostia
1788 229 1804 250 a

1015 269 1139 301 Domino,
1155 274 1181 295 et
1206 268 1329 303 rejicitur
1353 267 1505 303 huiusmodi
1522 267 1684 296 sacrificium
1706 268 1741 295 ab
1755 267 1806 296 Ec-

1015 316 1094 343 clesia
1104 316 1245 345 catholica.

1050 360 1078 387 2.
1094 361 1170 388 Nunc
1181 369 1243 389 vero
1255 362 1311 396 jam
1325 361 1358 389 de
1373 361 1532 396 quibusdam
1558 361 1728 389 caeremoniis
1740 360 1805 396 quid

1016 408 1188 442 spiritualiter
1201 409 1228 436 in
1256 408 1339 445 428
1358 409 1400 436 his
1427 409 1557 436 habeatur
1583 408 1725 436 dicendum
1751 412 1804 436 est.

1019 454 1058 480 De
1073 454 1168 487 quibus
1181 455 1261 481 etiam
1273 459 1300 482 et
1316 455 1402 482 Judaei
1422 455 1654 489 scrupulosissime
1669 458 1803 488 quaerunt,

1017 499 1138 526 dicentes
1153 499 1225 526 :Cur
1239 506 1284 527 eas
1299 499 1444 526 Christiani
1458 507 1511 526 non
1527 499 1636 526 student
1648 499 1805 529 observare,

1016 551 1077 570 cum
1094 543 1215 571 Christus
1230 545 1333 571 venerit
1353 551 1406 570 non
1421 544 1505 578 legem
1530 544 1646 577 solvere,
1659 543 1706 571 sed
1720 544 1806 571 adim-

1017 590 1091 623 plere
1098 590 1109 615 ⁴?
1117 590 1250 623 Quaeritur
1256 597 1319 624 ergo
1327 597 1375 616 cur
1380 589 1435 624 jam
1446 597 1499 616 non
1509 589 1715 616 circumcidatur
1726 595 1807 616 031110

1016 635 1196 667 Christianus,
1206 635 1229 661 si
1240 634 1362 662 Christus
1376 642 1430 662 non
1442 634 1514 661 venit
1527 634 1613 668 legem
1627 634 1743 663 solvere.
1758 632 1805 661 sed

1017 680 1170 712 adimplere.

1051 727 1080 756 5.
1093 727 1280 761 Respondetur
1297 735 1303 753 ε
1318 726 1380 753 11100
1389 727 1443 760 jam
1454 733 1507 753 non
1521 725 1720 753 circumciditur
1729 724 1807 752 Chri-

1017 775 1128 808 stianus,
1145 774 1206 808 quia
1224 774 1249 800 id
1264 773 1336 808 quod
1358 773 1452 800 eadem
1476 772 1680 800 circumcisione
1691 771 1807 806 prophe·-

1018 821 1122 847 tabatur
1132 821 1186 855 jam
1202 819 1327 846 Christus
1342 819 1472 853 implevit.
1486 818 1652 852 Exspoliatio
1665 818 1736 845 enim
1747 824 1807 845 car-

171 866 303 893 desideria
325 866 469 900 voluptatis
494 866 606 893 interius
620 870 716 900 gestat.
744 866 911 900 Reprobatur
937 871 963 894 et
978 866 1003 897 Β
1017 868 1085 895 natis
1096 867 1286 902 generationis,
1304 874 1363 901 quze
1377 867 1404 893 in
1418 866 1465 893 illo
1478 868 1549 893 tacto
1565 864 1737 899 figurabatur,
1751 863 1806 897 jam

169 912 260 946 lingna
276 916 453 946 amputatum,
468 912 513 946 qui
531 913 670 939 Dominum
684 921 738 940 non
748 913 900 947 confltetur,
916 921 963 941 ne-

169 965 222 991 que
234 957 351 984 divinam
364 958 447 992 legem
458 957 611 984 meditatur.

206 1004 232 1030 5.
250 1003 378 1037 ltejicitur
400 1006 427 1029 et
449 1003 571 1036 papulam
589 1002 701 1034 habens,
717 1003 761 1036 qui
787 1004 889 1036 pruritu
902 1003 962 1030 libi-

169 1049 240 1075 dinis
255 1053 281 1075 et
293 1049 388 1075 ardore
407 1048 680 1082 concupiscentiarum
710 1052 848 1075 exaestuat.
865 1048 963 1076 Simili-

170 1099 210 1121 ter
224 1099 250 1121 et
262 1094 424 1126 scabiosum,
437 1094 481 1128 qui
494 1098 632 1128 peccatum
648 1093 737 1120 carnis
753 1094 858 1128 perficit
870 1099 963 1121 conta-

170 1142 249 1175 gione
257 1141 357 1174 operis.
372 1140 430 1167 Jam
443 1147 506 1166 vero
515 1139 694 1173 impetiginem
708 1139 808 1166 habens
818 1139 898 1175 427
908 1140 963 1166 hae-

169 1186 314 1212 reticorum
328 1186 424 1220 figurat
437 1186 634 1220 collectionem,
648 1194 707 1220 quae
725 1186 879 1220 frequenter
895 1193 923 1213 se
935 1187 961 1212 in

169 1231 296 1258 Ecclesiae
311 1239 408 1265 corpus
422 1231 566 1265 immergit,
591 1237 627 1264 et,
641 1236 669 1258 ut
695 1231 832 1266 impetigo,
850 1231 961 1258 livorem

168 1276 239 1303 lacit.
254 1275 337 1303 Porro
361 1283 426 1303 aure
453 1278 579 1310 amputati
605 1282 666 1303 sunt
690 1279 734 1310 qui
748 1277 831 1304 verbo
846 1277 894 1304 Dei
908 1284 961 1304 non

169 1322 307 1355 obediunt,
326 1329 378 1349 non
394 1321 516 1348 iaciendo
530 1322 670 1356 quoejussa
680 1327 751 1349 sunt.

206 1368 232 1394 6.
246 1367 295 1400 Qui
311 1374 374 1393 vero
382 1366 493 1393 caudam
508 1366 588 1394 habet
615 1372 791 1401 amputatam,
804 1368 850 1395 ille
862 1369 959 1402 estqui

170 1413 268 1439 bonum
282 1412 352 1447 quod
369 1412 462 1445 incipit
477 1413 662 1445 perseveranti
684 1413 735 1439 line
759 1414 813 1439 vnon
845 1414 957 1447 perficit.

168 1457 252 1485 Porro
265 1458 414 1489 desectum,
439 1457 480 1484 vel
510 1457 638 1484 testiculis
661 1462 842 1491 amputatum,
859 1458 960 1485 indicat

166 1511 213 1531 eos
227 1505 271 1538 11111
286 1511 346 1531 cum
370 1511 482 1537 corpore
498 1503 547 1530 viri
570 1504 634 1537 sint,
652 1504 822 1537 turpitudinis
834 1511 882 1530 usu
896 1504 960 1532 effe-

1016 913 1115 941 Christi
1132 913 1329 940 resurrectione
1343 912 1487 946 adimpleta
1508 915 1566 943 est,
1591 914 1618 939 et
1632 909 1702 944 quod
1718 909 1743 935 in
1760 915 1808 936 no-

1020 964 1075 986 stra
1091 959 1290 986 resurrectione
1300 958 1419 985 futurum
1434 962 1488 990 est,
1503 959 1670 983 sacramento
1683 953 1808 988 baptismi

1015 1005 1231 1033 commendatur.
1247 1005 1275 1031 Si
1302 1005 1373 1031 enim
1389 1003 1476 1030 111ᾱωί
1492 1002 1690 1030 resurrectione
1703 999 1808 1027 Domini

1012 1051 1235 1086 justificarentur,
1245 1050 1322 1084 cujus
1329 1049 1536 1077 resurrectionis
1549 1049 1657 1079 iterum,
1668 1051 1727 1081 post
1736 1046 1808 1073 diem

1016 1101 1105 1123 tamen
1118 1095 1236 1127 sabbati,
1255 1096 1305 1122 hoc
1318 1099 1369 1126 est,
1385 1098 1446 1128 post
1455 1093 1610 1127 septimum.
1627 1095 1736 1119 octavus
1748 1089 1808 1123 tuit,

1014 1143 1135 1177 protecto
1146 1141 1327 1176 spoliarentur
1335 1139 1435 1167 carnali
1443 1139 1593 1166 velamento
1599 1136 1749 1164 mortalium
1757 1135 1809 1162 de-

1014 1189 1185 1221 sideriorum,
1196 1192 1223 1215 et
1234 1187 1322 1215 cordis
1333 1186 1538 1214 circumcisione
1546 1184 1702 1219 gaudentes,
1716 1181 1810 1209 adum-

1014 1234 1116 1262 bratam
1132 1234 1325 1268 figuratamque
1341 1240 1394 1260 non
1408 1231 1463 1266 jam
1482 1231 1510 1258 in
1521 1237 1602 1258 carne
1615 1229 1809 1264 exprimerent.

1048 1282 1075 1308 4.
1091 1281 1158 1308 Cum
1174 1280 1303 1315 quaeritur
1325 1279 1434 1307 Sabbati
1451 1277 1532 1304 otium
1547 1284 1594 1304 cur
1608 1283 1660 1303 non
1685 1275 1818 1302 observet*

1012 1326 1194 1358 Christianus,
1208 1326 1231 1352 si
1245 1325 1368 1352 Christus
1395 1331 1449 1351 non
1476 1323 1549 1350 venit
1578 1322 1664 1356 legem
1693 1321 1809 1353 solvere,

1014 1372 1062 1399 sed
1088 1371 1248 1405 adimplere,
1268 1371 1451 1404 sespondetur
1467 1377 1473 1395 z
1490 1368 1546 1395 lmo
1564 1371 1591 1395 et
1619 1366 1646 1394 id
1669 1370 1818 1401 propterem

1012 1424 1066 1444 non
1083 1418 1209 1443 observat
1221 1415 1403 1448 Christianus,
1427 1414 1489 1449 quia
1504 1413 1577 1448 quod
1594 1420 1626 1440 ea
1650 1413 1732 1447 ligura
1747 1417 1809 1446 pro-

1011 1462 1173 1496 phetabatur
1206 1461 1260 1496 jam
1287 1460 1407 1487 Christus
1434 1458 1573 1493 implevit;
1594 1458 1620 1485 in
1645 1457 1692 1485 illo
1712 1457 1816 1491 quippe>

1013 1507 1142 1533 habemus
1157 1505 1314 1538 Sabbatum,
1326 1505 1370 1540 qui
1379 1504 1445 1531 dixit
1455 1513 1461 1530 :
1473 1503 1563 1530 Venite
1570 1502 1603 1529 ad
1612 1511 1662 1535 me,
1673 1509 1759 1528 omnes
1768 1501 1817 1536 qui·

166 1552 309 1578 ¹¹¹5¹¹³¹¹²Uf-
328 1551 375 1577 ffiS
386 1557 450 1584 8¹8⁰
464 1550 625 1576 criminibus
647 1550 770 1582 issVOlffli·
788 1559 802 1577 a
828 1551 960 1578 sacrificio
974 1551 996 1582 C
1014 1554 1135 1580 laboratis
1155 1557 1179 1579 et
1198 1552 1296 1578 onerati
1316 1552 1390 1584 estis,
1406 1555 1429 1578 et
1449 1558 1494 1586 eqo
1510 1558 1552 1577 vos
1575 1549 1700 1583 reficiam.
1716 1547 1832 1575 Tollitev¹

167 1599 272 1626 bontini
294 1597 482 1632 reprobantur,
499 1604 548 1623 nec
573 1596 725 1623 efficiuntur
749 1601 888 1624 consortes
902 1605 962 1631 pas-

167 1645 250 1673 sionis
260 1643 370 1677 Christi,
385 1650 436 1671 nec
444 1643 562 1670 coelestis
571 1643 789 1670 sanctificationis
807 1643 960 1678 participes.

455 1699 569 1727 CAPUT
590 1699 670 1726 xvtt.

397 1735 436 1762 De
446 1735 543 1762 coeteris
558 1735 727 1762 caeremoniis.

201 1783 226 1810 Ι.
242 1781 295 1810 Sed
310 1788 397 1816 neque
411 1787 493 1814 panes
506 1779 663 1813 alienigenae
675 1779 826 1807 offeruntur
835 1780 959 1814 Domino,

165 1833 193 1856 et
217 1828 346 1855 doctrinae
367 1827 567 1859 baereticorum,
589 1826 631 1853 vel
658 1827 747 1853 studia
777 1827 961 1861 superstitiosa

203 1883 229 1910 4.
248 1883 298 1916 Qui
321 1884 348 1909 in
373 1888 475 1910 sortem.
503 1883 546 1909 Sic
571 1882 632 1909 Alb.
647 1882 749 1909 Codex.
770 1882 899 1915 Grialius,
915 1883 961 1917 qai

166 1922 193 1947 iu
208 1924 284 1946 sorte.
297 1918 360 1949 Alii,
376 1919 418 1953 qui
431 1919 459 1944 iu
481 1918 687 1945 similitudinem.
701 1918 752 1945 Sed
780 1918 867 1944 verior
881 1919 959 1946 lectio

167 1954 357 1983 Albornoziaui
372 1954 478 1980 Codicis
498 1954 617 1986 videtur;
647 1960 707 1979 nam
728 1953 826 1980 iterum
842 1954 911 1980 redit
932 1954 960 1980 in

166 1996 261 2018 sortem
272 1988 378 2015 Domini
394 1989 486 2016 venire.
500 1989 589 2015 Ancv.

202 2025 268 2052 Car.
285 2032 339 2051 xvi.
355 2023 387 2050 N.
405 2024 430 2049 5.
446 2024 571 2056 Alborn„
586 2028 609 2049 et
628 2023 767 2055 scabiosus,
780 2025 835 2059 qui.
851 2024 957 2057 Caeteri,

165 2061 306 2088 scabiosam
321 2060 374 2094 qai,
397 2063 425 2085 ut
447 2067 526 2093 supra
540 2069 546 2087 z
562 2058 661 2086 Gaecum
673 2059 781 2091 animal,
795 2060 823 2085 id
846 2065 893 2092 est,
905 2061 958 2095 qui.

166 2095 249 2122 Paulo
264 2098 325 2127 post
344 2093 413 2120 idem
428 2094 539 2121 Alborn.
557 2103 563 2120 :
581 2093 642 2120 Non
666 2094 795 2127 obediunt,
809 2103 867 2129 quoe
886 2096 960 2129 juata

166 2134 225 2157 sunt
242 2129 371 2163 faciendo.
386 2130 471 2156 Aacv.

201 2163 266 2190 Citr-
284 2171 350 2189 xvii.
366 2163 398 2190 N.
415 2165 441 2191 1.
455 2163 511 2190 Hoc
522 2168 602 2198 caput
618 2163 803 2197 imperfectum
830 2165 959 2192 hactenus

168 2200 195 2226 iu
208 2198 333 2226 omnibus
349 2198 517 2224 Editionibus
526 2199 661 2232 apparuit,
679 2199 729 2224 nisi
744 2199 814 2232 quod
830 2199 856 2225 in
870 2201 960 2226 ultima
975 2205 1002 2234 1)
1015 2198 1129 2225 Christus
1140 2207 1189 2224 non
1203 2198 1268 2224 uenit
1284 2198 1374 2232 legem.
1389 2198 1418 2225 ln
1442 2197 1567 2224 Editione
1593 2196 1674 2224 Ulloae
1698 2201 1811 2224 notatur·

166 2233 315 2261 Matritensi
331 2233 415 2260 Ulloa:
439 2233 652 2266 supplementum
668 2233 700 2259 ad
717 2234 878 2266 appendices
893 2235 961 2268 reje-

166 2274 238 2296 ctum
253 2268 301 2295 i'uit
312 2273 375 2295 tom.
392 2268 425 2301 ll,
440 2276 498 2301 pag.
516 2269 561 2299 tit,
579 2276 610 2294 ex
621 2267 718 2294 Codice
733 2268 903 2295 Bononiensi.
920 2270 961 2296 ln-

166 2310 269 2338 tegrum
284 2310 390 2338 quoque
402 2307 489 2330 exstat
500 2303 526 2328 in
540 2301 638 2329 Codice
666 2302 723 2328 Vat.
745 2301 807 2333 6:27,
820 2311 898 2336 quem
914 2305 961 2331 de-

167 2338 264 2373 scripsi
280 2339 305 2365 in
323 2337 486 2370 isidorianis,
501 2345 559 2371 cap.
572 2337 616 2368 94,
634 2337 688 2367 ubi,
706 2344 778 2363 num.
794 2337 837 2368 tt,
855 2339 959 2366 adverti

167 2373 290 2402 nonnihil
303 2374 449 2400 vaticanum
466 2372 631 2400 Codicemab
641 2372 840 2399 Albornoziano
852 2372 960 2400 discre-

168 2417 244 2442 pare.
261 2408 324 2437 Mihi
336 2408 369 2435 ad
383 2415 477 2435 manus
491 2413 552 2435 sunt
566 2408 619 2434 duo
633 2407 797 2438 exemplaria
812 2414 847 2434 ex
860 2408 959 2435 Codice

167 2443 330 2472 Bononiensi
343 2443 478 2477 descripta
490 2451 550 2470 cnm
565 2443 645 2469 variis
659 2441 818 2469 lectionibus
827 2442 851 2469 in
863 2443 958 2470 eodem

167 2479 268 2507 Codice
284 2479 383 2506 notatis
394 2486 427 2506 ex
441 2478 570 2513 originali
584 2477 689 2510 isidori,
702 2478 758 2504 sive
770 2477 863 2504 Codex
877 2478 960 2505 Bouo-

167 2515 271 2543 niensis
286 2522 349 2542 vere
363 2521 424 2540 cum
439 2514 605 2548 autographo
624 2514 683 2547 ipso
697 2512 782 2539 sancti
795 2512 890 2540 isidori
902 2513 960 2540 col-

165 2550 238 2577 latus
256 2549 347 2581 suerit.
363 2551 423 2576 sive
437 2556 497 2576 cum
511 2549 564 2575 alio
578 2548 677 2575 Codice
699 2546 794 2579 veteri,
827 2555 886 2574 uem
901 2548 959 2575 col-

167 2584 239 2613 lator
251 2585 408 2615 crediderit,
420 2585 461 2611 vel
476 2583 652 2618 appellaverit
662 2582 798 2618 Oriqt'nale
822 2582 913 2611 cidari.
930 2583 959 2611 ln

170 2620 296 2648 Editione
307 2619 391 2648 uitoae
405 2619 501 2647 breves
516 2619 637 2654 quadam
649 2623 719 2645 notat
730 2617 835 2645 suntad
849 2618 899 2645 hoc
913 2625 958 2645 ca·

169 2661 227 2689 put,
243 2655 357 2682 tortasse
369 2663 384 2682 3
398 2655 554 2682 doctissimo
573 2653 688 2681 ilenrico
715 2652 835 2680 Florezio
847 2652 959 2680 adorna-

169 2694 219 2723 tzc;
235 2697 298 2717 nam
322 2690 469 2718 advertitur
496 2690 672 2724 fragmentum
701 2695 733 2716 ex
759 2687 958 2716 Albornoziano

167 2725 267 2752 Codice
292 2725 491 2759 transcripsisse
507 2724 537 2752 D.
555 2725 662 2751 Petrum
692 2724 725 2750 de
750 2723 855 2756 Castro,
870 2723 958 2750 Bouo-

168 2760 270 2788 niensis
284 2759 395 2794 Collegit
408 2761 546 2787 alumnum
558 2760 615 2794 (qui
630 2758 659 2786 in
684 2763 804 2786 extrema
816 2762 896 2786 atate
907 2765 958 2785 nu-

167 2801 216 2829 per
230 2795 258 2821 111
282 2794 436 2829 11131131οη31
496 2794 615 2822 stilentin
642 2794 793 2822 exstinctus
813 2798 866 2826 331,
892 2793 957 2820 1111111

167 2829 326 2856 canonicatu
339 2829 398 2864 eiua
412 2837 461 2858 ecc
471 2831 536 2857 eoin
549 2828 765 2863 metropolitana
778 2827 790 2855 1
847 2827 956 2862 retur),

165 2862 349 2899 apographum
362 2871 426 2892 vero
440 2871 457 2891 3
472 2863 505 2891 R.
521 2863 552 2891 P.
566 2863 684 2893 henrico
693 2862 817 2892 Floronia
849 2862 957 2892 iteratis·

1012 1601 1107 1634 juyum
1126 1606 1212 1624 meum
1226 1605 1302 1632 super
1317 1605 1370 1630 vos,
1396 1601 1419 1623 et
1442 1596 1531 1623 discite
1559 1604 1574 1623 a
1598 1603 1637 1622 me
1657 1595 1718 1629 quia
1742 1593 1817 1620 mitia·
1829 1589 1832 1631 j

1015 1653 1074 1671 sum
1083 1649 1106 1670 et
1122 1644 1225 1670 humilis
1238 1643 1326 1676 corde,
1343 1647 1366 1669 et
1380 1642 1512 1669 invenietis
1535 1642 1648 1676 requiem
1674 1639 1816 1668 animabant
1830 1634 1832 1673 Ῑ

1016 1689 1104 1716 vestris
1119 1687 1227 1722 (Manli.
1242 1695 1279 1720 xi,
1291 1688 1348 1721 28).

1052 1734 1078 1761 5.
1095 1733 1284 1761 Cessationem
1302 1740 1366 1768 ergo
1376 1731 1551 1760 sabbatorum
1574 1731 1630 1766 jam
1644 1731 1751 1766 quidem
1764 1738 1810 1758 su-

1016 1788 1147 1816 pervacue
1158 1781 1281 1807 ducimus
1294 1780 1439 1806 ohservare
1453 1786 1485 1806 ex
1499 1785 1551 1812 11110
1561 1784 1624 1811 spes
1637 1777 1752 1804 revelata
1768 1780 1814 1803 esti

1018 1831 1116 1854 nostrae
1132 1826 1230 1860 quietis
1243 1829 1360 1852 aeternae.
1378 1824 1444 1851 Cum
1460 1823 1588 1858 quaeritur
1603 1830 1684 1856 1111310
1695 1830 1749 1850 11011
1761 1821 1809 1849 ob-

1015 1882 1084 1909 sime
1105 1882 1187 1908 tuisse
1207 1881 1445 1908 communicatum.
1460 1880 1519 1906 Jam
1541 1879 1679 1907 Editiones
1702 1882 1814 1907 veterem

1014 1918 1102 1944 solum
1121 1917 1250 1944 exhibent
1266 1917 1369 1943 initium
1394 1915 1500 1949 capitis,
1512 1916 1556 1942 sed
1570 1922 1660 1949 neque,
1678 1921 1761 1948 usque
1773 1915 1813 1942 3111

1015 1952 1131 1979 Ecclesia
1147 1951 1282 1978 catholica.
1302 1951 1379 1984 Apud
1395 1951 1524 1978 Grialium
1536 1954 1577 1978 est
1601 1950 1742 1983 offeruntur
1758 1957 1815 1983 pro·

1015 1988 1167 2021 offeruntur.
1181 1987 1307 2020 Expressi
1324 1987 1464 2013 lectionem
1480 1994 1539 2020 quoe
1559 1986 1585 2011 in
1599 1985 1711 2011 Alborn.
1724 1985 1807 2011 ascri-

1016 2023 1088 2049 bitur
1107 2030 1141 2049 ex
1156 2022 1267 2053 isidoro,
1284 2029 1331 2048 seu
1352 2022 1491 2055 Originali.
1508 2021 1573 2047 Nam
1587 2021 1612 2047 in
1636 2024 1710 2047 textu
1730 2019 1811 2047 Codi-

1015 2059 1053 2085 cis
1076 2063 1117 2084 est
1131 2066 1139 2084 :
1154 2058 1206 2085 Sed
1225 2065 1306 2091 neque
1325 2058 1400 2092 panis
1429 2057 1576 2091 alienigenae
1606 2055 1720 2089 offertur.
1745 2056 1811 2083 Moxi

1016 2092 1131 2120 Grialius
1156 2101 1163 2119 :
1191 2092 1314 2125 Domino,
1333 2092 1359 2118 id
1385 2096 1432 2126 est,
1449 2091 1566 2119 doctrina
1593 2090 1810 2118 111ε1“ειι“1;111-ιιηι...1

1014 2136 1071 2162 quoe
1085 2134 1156 2155 extra
1164 2128 1250 2162 (idem.
1263 2129 1349 2154 ΛΜΝ.

1049 2163 1074 2188 2.
1095 2163 1121 2189 ln
1132 2164 1235 2190 (luobus
1248 2164 1313 2189 meis
1328 2162 1527 2196 exemplaribus
1538 2169 1570 2189 ex
1587 2161 1652 2188 Cod.
1665 2160 1726 2188 Alb.
1740 2161 1811 2188 Cam·

1014 2241 1074 2267 quae
1100 2238 1258 2268 sequuntur,
1285 2233 1414 2265 Quaeritur
1442 2241 1518 2267 erqo,
1542 2237 1606 2264 etc..
1632 2232 1663 2258 ad
1693 2233 1811 2259 verbum·

1014 2273 1119 2330 ⁵¹¹¹¹113³
1129 2276 1193 2329 fisse
1208 2275 1241 2294 ex
1253 2267 1401 2301 Augustino
1421 2274 1515 2294 eontra
1528 2267 1666 2300 Faustum,
1684 2266 1731 2294 lib.
1746 2274 1810 2302 xix,¹

1013 2310 1043 2330 (Ὢ
1066 2322 1073 2329 .
1106 2321 1112 2329 ·
1153 2311 1213 2329 Rev.

1048 2311 1074 2364 g.
1092 2339 1143 2365 Pro
1154 2338 1296 2371 respondeo
1325 2337 1431 2364 breviter
1446 2345 1457 2364 .·
1472 2336 1547 2369 Ideo,
1561 2335 1633 2370 qnod
1662 2341 1750 2364 exstat
1775 2337 1810 2365 in·

1012 2373 1063 2400 Ms.
1081 2373 1152 2406 ΑΗ»,
1170 2372 1283 2399 collator
1294 2370 1415 2405 eiusdem
1425 2371 1532 2399 Codicis
1552 2379 1583 2398 ex
1601 2370 1702 2398 isidoro
1725 2377 1810 2399 notam

1011 2412 1050 2434 vtt
1071 2408 1239 2441 respondetur
1254 2414 1264 2433 :
1291 2405 1364 2434 Ideo.
1383 2407 1409 2433 ln
1431 2407 1553 2434 Editione
1578 2405 1664 2433 Uttoae
1687 2414 1719 2434 ex
1747 2414 1811 2435 san·-

1012 2447 1056 2468 cto
1085 2443 1232 2476 Augustino
1268 2441 1326 2469 haec
1353 2444 1468 2470 varietas
1492 2442 1628 2476 profertur
1648 2449 1655 2467 :
1676 2440 1712 2468 Et
1733 2442 1812 2477 quodi

1011 2477 1037 2503 in
1058 2483 1143 2503 nostra
1158 2477 1340 2503 resurrectione
1356 2478 1479 2512 futurum,
1500 2482 1659 2504 sacramento
1683 2477 1813 2512 baptismii

1010 2513 1211 2539 conamenaatur.
1224 2513 1307 2539 Anev.

1045 2547 1071 2574 4.
1089 2547 1150 2574 Non
1165 2547 1276 2574 observet
1287 2546 1458 2575 Christianus.
1485 2547 1522 2574 lta
1545 2546 1679 2583 Originale
1694 2546 1807 2575 isidori..

1010 2582 1038 2609 lu
1051 2586 1124 2610 textu
1139 2583 1200 2609 Alb.
1215 2582 1282 2609 Cod.
1299 2582 1359 2609 Non
1374 2583 1502 2610 observem
1523 2581 1670 2610 Chrintiam'.
1686 2582 1739 2609 Pro
1746 2582 1810 2611 into·

1009 2618 1083 2650 eum,
1097 2626 1130 2645 ex
1152 2618 1313 2651 Augustino,
1337 2618 1479 2654 respondeo
1492 2619 1544 2646 imo
1566 2618 1594 2644 id
1617 2617 1750 2645 iudicatur
1769 2617 1809 2648 1131

1011 2653 1134 2680 Editione
1161 2653 1256 2684 Utinm,
1272 2653 1297 2680 111
1317 2660 1368 2686 11113
1395 2655 1525 2681 omissum
1547 2652 1596 2680 tuit
1619 2652 1788 2689 respondetur

1009 2689 1079 2721 quod
1094 2687 1160 2715 Cod.
1174 2688 1234 2715 Alb.
1251 2687 1368 2720 exhibet..
1385 2689 1426 2716 vel
1439 2686 1647 2723 responderoitt‚'
1659 2694 1692 2715 ex
1703 2686 1774 2716 tetdo

1008 2723 1147 2757 Originali.
1161 2723 1280 2751 Collator
1295 2723 1412 2752 advertit
1425 2731 1468 2751 voc
1478 2727 1542 2751 auto
1554 2722 1667 2759 reficiam
1681 2722 1769 2784 positu

1008 2758 1035 2785 in
1048 2759 1148 2786 Codice
1170 2759 1240 2786 inter
1266 2757 1334 2786 duas
1359 2756 1664 2793 columnaa,aeuuendo
1698 2757 1798 2795 1110311ιῆ

1009 2795 1055 2820 seu
1065 2793 1171 2821 diversa
1179 2793 1231 2821 alia
1242 2801 1334 2821 11131111.
1349 2793 1378 2821 111
1391 2794 1513 2826 Editioue
1524 2792 1609 2822 uttoae
1619 2793 1656 2830 113
1671 2791 1698 2820 111
1707 2798 1723 2820 e

1007 2829 1091 2856 mitur
1105 2838 1112 2855 :
1130 2829 1184 2857 Vos
1198 2830 1225 2857 in
1244 2829 1377 2863 principio
1387 2829 1477 2863 1111011,
1488 2827 1600 2859 “aaut
1611 2832 1701 2857 11131111.
1751 2834 1768 2855 ι

1044 2863 1072 2891 5.
1085 2862 1150 2891 Cum
1162 2863 1293 2899 ρωπίαν,
1307 2867 1361 2893 etc.
1377 2864 1440 2894 flzec
1456 2863 1544 2894 uncti
1568 2862 1709 2900 mihtin}
1720 2863 1741 2891 ’ό
