1832 3016
64 149 119 178 ⁷05

677 144 947 174 SENTENTtARuM
966 144 1031 174 LlB.
1050 145 1096 174 ttt.

1649 147 1703 176 ¹106

64 211 174 246 iustum,
196 212 220 237 et
234 208 362 245 festinabit
381 207 505 242 accipere.
529 205 567 234 De
584 205 667 233 stulto
686 210 776 233 autem
795 205 832 232 ait
846 213 853 231 ι
869 208 896 238 Α
908 209 965 233 tare
980 210 1136 235 noscuntur.
1152 205 1255 234 lntrant
1264 207 1336 236 enim
1349 207 1383 236 ad
1395 215 1453 242 cor,
1468 211 1497 236 et
1510 207 1547 236 ibi
1559 209 1704 237 consulunt

67 256 118 290 Qui
138 256 222 284 eradit
242 255 393 287 derisorem,
410 253 465 288 ipse
483 251 532 280 sibi
551 252 613 287 facit
631 252 756 286 iniuriam
776 250 856 287 (Pro-

65 303 133 330 verb.
151 311 194 336 tx,
210 303 239 336 7,
254 302 292 338 9).

101 350 146 377 11.
166 347 313 377 Nonnullos
326 351 406 374 tantae
419 352 480 374 esse
494 345 631 379 pravitatis
648 345 790 378 homines,
807 344 853 380 qui

65 394 129 422 dum
144 394 194 429 ipsi
208 401 224 421 a
238 392 308 420 malo
322 391 422 427 corrigi
445 390 601 426 negligunt,
617 396 802 419 correctorum
818 390 858 417 vi-

66 445 120 468 tam
133 440 198 467 salsa
213 437 400 466 criminatione
414 438 580 470 detrectant;
599 441 626 465 et
639 437 673 463 ad
688 437 729 464 sui
746 436 856 464 sceleris

65 486 188 515 solatium
202 489 348 518 usurpant,
361 484 385 511 si
397 483 440 511 vel
453 483 521 511 tatso
541 483 722 518 compererint
736 482 807 518 quod
821 482 855 509 ad

65 532 201 561 infamiam
218 531 349 558 bonorum
363 530 507 564 objiciant,
519 530 590 557 sicut
604 535 645 557 est
658 530 723 557 illud
733 537 765 557 ex
779 529 856 556 Salo-

65 585 163 608 mone:
180 576 254 603 Bona
266 577 292 603 in
307 576 403 603 maiam
417 577 538 603 convertit
554 576 662 611 impias,
681 581 705 602 et
727 576 752 602 in
771 575 855 603 electis

64 624 171 660 imponit
186 623 313 650 nauculam
326 623 421 658 (Ecca.
438 631 475 655 111,
487 623 544 657 54).
560 623 639 658 32]Ι
659 622 706 650 Vae
716 626 803 649 autem
818 621 854 648 illi

67 671 113 705 qui
132 674 159 697 et
179 677 255 697 suam
268 669 354 696 reuuit
367 669 448 696 vitam
460 669 605 703 corrigere,
618 673 645 695 et
656 667 789 695 bonorum
802 675 855 694 non

64 717 163 745 desinit
184 716 344 744 detrectare.

102 763 145 790 12.
166 762 289 797 Plerique
309 762 371 789 mali
387 761 487 789 similes
511 760 562 789 sibi
590 761 617 787 in
640 760 737 787 malum
765 760 856 788 delen-

63 809 140 841 dunt,
155 814 181 837 et
193 808 341 844 patrocinio
361 816 411 836 suo
426 815 522 842 pravos
545 811 637 835 contra
657 807 854 841 correptionem

63 855 193 883 bonorum
200 855 358 889 suscipiunt,
371 862 416 887 ne,
425 854 494 881 unde
504 854 645 889 displicent
657 853 835 881 emendentur
849 862 854 879 :

65 899 222 934 adjicientes
235 899 262 926 in
274 906 302 926 se
317 899 403 926 aliena
417 899 522 932 delicta¹
540 903 568 926 ut
581 906 632 926 non
645 903 745 926 tantum
758 898 791 925 de
802 898 858 926 suis

64 945 150 977 malis,
166 945 212 972 sed
229 945 313 972 etiam
329 945 363 972 de
386 945 497 972 alioruin
524 944 687 972 facinoribus
702 945 856 980 puniantur,

64 999 174 1026 quorum
191 996 298 1026 peccata
309 992 463 1019 detendunt.

336 1027 448 1055 CAPUT
461 1026 580 1054 xxxltt.

290 1073 328 1101 De
339 1074 479 1108 pra-positis
499 1073 629 1100 Ecclesiae.

104 1122 129 1148 1.
148 1121 193 1148 Vir
208 1121 405 1148 ecclesiasticus
421 1126 448 1148 et
461 1121 578 1155 cruciligi
590 1120 689 1147 mundo
702 1127 750 1154 per
765 1121 858 1148 morti-

66 1169 217 1196 ficationem
233 1168 345 1203 propria:
361 1167 448 1195 carnis
459 1168 548 1200 debet,
572 1172 599 1194 et
629 1167 856 1201 dispensationem

67 1215 242 1243 ecclesiastici
258 1215 369 1248 ordinis,
384 1215 405 1241 si
421 1223 454 1242 ex
471 1214 517 1242 Dei
543 1214 679 1241 voluntate
693 1214 856 1248 provenerit,

68 1262 161 1289 nolens
177 1261 294 1296 quidem,
312 1261 358 1288 sed
375 1261 483 1288 ltutnilis
497 1261 697 1296 gubernandam
717 1261 854 1294 suscipiat.

102 1307 129 1334 Ξ.
145 1307 234 1335 Multis
248 1307 382 1341 intercipit
402 1306 514 1334 Satanas
527 1307 664 1334 fraudibus
681 1314 726 1333 eos
738 1307 782 1341 qui
797 1306 856 1333 vitae

66 1358 94 1382 et
104 1361 198 1381 seusus
212 1353 324 1380 utilitate
348 1358 514 1387 praestantes,
531 1360 646 1387 pracesse
678 1357 706 1379 et
731 1352 857 1386 prodesse

67 1399 126 1426 aliis
142 1399 249 1431 nolunt;
266 1398 363 1425 etdum
379 1398 418 1425 eis
433 1397 550 1432 regimen
575 1397 722 1423 animarum
739 1396 855 1431 imponi-

67 1449 119 1478 tur,
137 1448 261 1476 renuunt,
286 1443 434 1470 consultius
454 1443 614 1469 arbitrantes
637 1443 750 1468 otiosam
775 1442 854 1469 vitam

67 1497 156 1525 agere,
174 1497 253 1524 quam
269 1488 351 1516 lucris
364 1488 514 1515 animarum
528 1488 660 1515 insistere.
679 1487 754 1520 Quod
767 1491 855 1514 tamen

66 1536 170 1571 decepti
186 1541 266 1571 agunt
281 1543 327 1570 per
340 1539 525 1570 argumentum
540 1535 638 1561 diaboli
667 1533 783 1561 fallentis
807 1541 854 1561 eos

68 1590 115 1618 per
128 1582 244 1617 speciem
259 1581 333 1615 boni,
350 1586 379 1608 ut
391 1581 454 1608 dum
468 1580 527 1608 illos
543 1588 557 1607 a
574 1580 699 1615 pastorali
711 1579 799 1607 oflicio
813 1586 856 1606 re-

67 1630 160 1661 trabit,
178 1635 343 1664 nequaquam
355 1628 505 1662 proficiant,
516 1626 560 1661 qui
571 1634 663 1654 eorum
677 1626 763 1654 verbis
777 1631 856 1661 atque

67 1675 199 1709 exemplis
213 1675 308 1702 instrui
325 1678 457 1709 poterant.

102 1723 129 1750 3.
145 1722 235 1749 Sancti
249 1722 299 1748 viri
323 1728 489 1755 nequaquam
514 1720 718 1754 occupationum
744 1719 855 1746 soecula-

68 1769 137 1797 rium
150 1775 227 1795 curas
242 1770 380 1802 appetunt,
397 1766 443 1793 sed
459 1766 564 1793 occulto
579 1765 673 1792 ordine
694 1765 744 1792 sibi
760 1773 856 1799 super-

68 1814 206 1848 impositas
231 1816 350 1847 gemunt.
379 1811 412 1838 Et
425 1811 547 1846 quamvis
562 1811 620 1837 illas
647 1818 693 1844 per
717 1811 856 1837 meliorem

67 1859 241 1887 intentionem
253 1857 363 1892 fugiant,
380 1861 467 1883 tamen
484 1863 530 1890 per
541 1855 673 1883 subditam
687 1855 767 1890 322
781 1863 855 1882 meu-

69 1911 123 1934 tem
153 1909 267 1940 portant.
289 1903 360 1937 Quas
385 1902 491 1938 quidem
516 1909 695 1936 summopere,
723 1902 744 1928 si
766 1902 854 1934 liccat,

70 1952 153 1979 vitare
167 1951 309 1984 testinant;
327 1950 373 1978 sed
387 1950 511 1977 timentes
531 1949 662 1976 occultam
677 1948 854 1983 dispensatio-

67 2005 129 2026 netu
144 1997 202 2031 Dei,
215 1997 362 2032 suscipiunt
374 1995 445 2031 quod
458 1994 572 2030 lugiunt,
593 1999 719 2022 exercent
732 1995 802 2029 quod
816 1996 855 2021 vi-

104 2066 147 2093 tt.
163 2064 275 2099 Vulgata
287 2064 374 2091 Editio
391 2063 470 2090 ltabel.
483 2070 490 2089 :
506 2061 579 2088 Bona
593 2062 659 2088 enim
673 2062 699 2087 in
714 2062 782 2087 masa
797 2070 857 2087 con-

67 2105 165 2128 vertens
179 2099 328 2130 insidiatur,
344 2103 366 2125 et
383 2098 409 2124 in
425 2098 511 2125 electis
532 2097 639 2132 imponit
654 2097 792 2123 maculam.
810 2096 859 2123 Est

67 2144 131 2164 vero
147 2136 220 2162 locus
235 2134 318 2161 Eccli.
334 2141 369 2160 xi.
387 2133 494 2160 hortisa-

101 2170 171 2198 thid.
188 2170 343 2197 Detrectare.
361 2169 415 2200 At..
432 2168 564 2194 detrahere
579 2167 666 2200 [ainoe.
683 2168 768 2193 Ancv.

101 2206 166 2234 Car.
190 2212 287 2232 xuni.
311 2204 342 2231 N.
370 2203 394 2230 1.
417 2203 538 2237 ὓῐεςοτ.,
562 2202 608 2229 lib.
637 2202 715 2228 Curoe
742 2201 856 2234 Pastor„

68 2247 136 2278 part.
154 2248 183 2273 11,
198 2247 256 2274 cap.
273 2239 289 2266 5
303 2245 328 2266 et
338 2240 364 2271 6,
382 2243 409 2266 et
423 2238 468 2264 lib.
486 2246 501 2264 v
516 2237 621 2269 Mol-al„
636 2244 695 2271 cap.
707 2237 734 2263 2.
749 2237 855 2264 loaisa.

909 251 972 286 quid
986 251 1053 280 velit
1066 252 1169 280 occulta
1185 252 1308 280 voluntas
1321 253 1383 287 Dei;
1396 261 1509 290 seseque
1522 255 1644 283 subditos
1656 255 1705 283 de-

909 297 974 325 bere
996 305 1056 326 esse
1066 298 1178 326 summis
1197 299 1411 327 ordinationibus
1432 307 1635 335 cognoscentes,
1654 301 1704 329 1111-

910 343 1015 372 miliani
1025 344 1157 374 cervicem
1173 345 1263 373 cordis
1280 346 1345 381 jugo
1364 346 1463 374 divinae
1485 347 1703 382 dispensationis.

1178 402 1292 430 CAPUT
1309 401 1431 430 xxxtv.

1138 456 1178 484 De
1192 457 1304 492 indignis
1318 459 1474 494 proeposilit.

944 513 971 540 t.
985 512 1045 540 Non
1055 517 1118 540 sunt
1132 513 1306 548 promovendi
1318 514 1351 541 ad
1364 514 1484 549 regimen
1500 514 1641 549 Eectestae,
1658 517 1705 550 qui

908 558 997 586 adbuc
1019 558 1092 586 vitiis
1120 558 1271 593 subjacent.
1288 559 1355 586 ilinc
1382 564 1424 586 est
1444 560 1514 594 quod
1542 567 1704 596 pracceptum

908 610 951 633 est
966 605 1048 633 David
1064 613 1117 632 non
1129 605 1263 633 :edilicare
1279 605 1384 633 visibile
1406 606 1547 641 templum,
1563 608 1623 642 quia
1640 616 1704 635 sau-

908 652 1018 687 guiuum
1035 653 1075 680 vit·
1090 651 1151 680 belli
1165 651 1314 687 frequentia
1328 656 1410 680 esset.
1426 652 1483 685 Qua
1497 652 1580 687 ligura
1593 652 1631 680 illi
1645 654 1703 688 spi-

909 699 1041 726 ritualiter
1052 699 1240 731 admonentur,
1254 698 1299 733 qui
1311 699 1435 726 vitiorum
1449 698 1538 726 adbuc
1553 700 1703 734 corruptio-

909 744 935 772 ni
953 750 1016 772 sunt
1031 744 1130 778 dediti,
1147 753 1181 772 ne
1207 744 1334 779 templum
1359 744 1503 778 aedificent,
1521 744 1571 773 boc
1586 749 1638 780 est,
1655 746 1706 774 Ec-

909 789 1017 818 clesiam
1034 790 1132 818 docere
1148 795 1321 825 praesumant.

947 836 974 863 2.
991 837 1048 864 Non
1060 837 1140 865 debet
1155 837 1264 864 honoris
1277 837 1405 864 ducatum
1419 837 1567 872 suscipere,
1579 838 1624 873 qui
1643 846 1706 867 nes-

910 884 946 910 cit
961 883 1096 917 subjectos
1124 883 1230 910 tramite
1256 882 1318 909 vitae
1340 882 1459 910 melioris
1483 883 1588 917 praeire.
1613 883 1705 918 Neque

910 930 982 957 enim
996 931 1135 966 quisquam
1150 930 1183 957 ad
1213 929 1263 957 ltoc
1281 934 1383 957 tantum
1399 930 1552 964 praeficitur,
1569 934 1597 957 ut
1609 930 1706 958 subdi-

910 981 999 1004 torum
1012 976 1104 1010 culpas
1117 976 1243 1011 corrigat,
1258 980 1285 1003 et
1303 976 1360 1010 ipse
1371 975 1442 1003 vitiis
1457 976 1565 1003 serviat.

947 1022 973 1049 5.
988 1022 1036 1056 Qui
1051 1023 1169 1057 regimen
1183 1022 1324 1049 sacerdotii
1338 1021 1478 1049 contendit
1492 1025 1628 1057 appetere,
1644 1026 1706 1050 ante

912 1076 941 1096 se
954 1068 1081 1095 discutiat
1095 1069 1116 1095 si
1128 1068 1180 1095 vita
1203 1068 1299 1095 honori
1323 1068 1358 1095 sit
1378 1075 1495 1103 congrua
1508 1077 1515 1102 ;
1530 1068 1601 1103 quod
1615 1069 1638 1095 si
1652 1076 1705 1096 non

911 1114 1057 1148 discrepat,
1084 1114 1220 1140 humiliter
1242 1113 1275 1140 ad
1299 1113 1326 1140 id
1354 1114 1425 1148 quod
1452 1114 1561 1140 vocatu'r
1583 1114 1705 1141 accedat.

911 1161 1024 1188 Beatum
1036 1160 1134 1194 quippe
1148 1160 1234 1194 culpae
1246 1159 1374 1194 geminat,
1390 1160 1413 1186 si
1428 1160 1542 1194 quisque
1553 1167 1613 1187 cum
1627 1160 1706 1194 culpa

910 1207 943 1233 ad
958 1205 1123 1233 sacerdotale
1150 1205 1258 1232 culmen
1279 1205 1392 1239 aspirat.
1415 1204 1488 1232 lleu!
1513 1212 1556 1232 me
1578 1205 1705 1233 miserum

911 1252 1144 1286 inexplicabilibus
1160 1251 1237 1278 nodis
1248 1251 1406 1283 astrictum;
1422 1251 1446 1278 si
1461 1251 1532 1278 enim
1547 1258 1705 1285 susceptum

910 1299 1028 1333 regimen
1043 1297 1219 1325 ecclesiastici
1234 1297 1336 1324 ordinis
1350 1301 1490 1329 retentem,
1506 1297 1626 1324 criminis
1641 1305 1706 1325 con-

911 1346 983 1373 scius
999 1346 1094 1372 timore
1107 1345 1261 1375 concuti0r;
1285 1344 1309 1371 si
1331 1343 1464 1377 deseram,
1478 1350 1511 1370 ne
1536 1343 1654 1371 deterior
1670 1344 1706 1372 sit

910 1391 987 1425 culpa
999 1395 1152 1425 susceptum
1164 1397 1272 1424 gregem
1293 1389 1457 1423 relinquere,
1487 1388 1603 1423 amplius
1617 1388 1705 1417 resor-

910 1438 982 1464 mido
998 1445 1005 1463 :
1023 1437 1139 1472 undique
1151 1437 1234 1463 miser
1257 1440 1357 1468 metuo,
1370 1436 1439 1464 etin
1467 1440 1540 1464 tanto
1554 1437 1594 1464 rei
1610 1436 1705 1465 discri-

910 1483 980 1511 mine
995 1483 1058 1518 quid
1070 1490 1166 1517 sequar
1177 1482 1282 1517 ignoro.

870 1549 892 1580 C
947 1531 1026 1567 323
1041 1531 1069 1558 4.
1097 1529 1311 1565 uniuscujusque
1336 1537 1414 1558 casus
1439 1534 1511 1557 tanto
1530 1529 1638 1565 majoris
1663 1535 1705 1559 est

908 1577 1038 1608 criminis,
1054 1580 1165 1611 quanto,
1192 1576 1348 1610 priusquam
1376 1575 1495 1610 caderet,
1521 1576 1631 1610 maioris
1645 1581 1704 1604 erat

908 1624 1023 1651 virtutis.
1039 1622 1251 1650 Praecedentium
1278 1628 1393 1656 namque
1409 1622 1565 1655 magnitudo
1577 1622 1704 1649 virtutum

909 1669 1006 1697 crescit
1025 1668 1058 1695 ad
1074 1667 1209 1695 cumulum
1229 1666 1399 1702 sequentium
1414 1666 1585 1694 delictorum.

946 1716 973 1743 5.
989 1716 1112 1750 Plerique
1127 1713 1279 1742 sacerdotes
1295 1721 1350 1741 suae
1370 1713 1455 1748 magis
1475 1713 1597 1740 utilitatis
1623 1721 1703 1741 causa

910 1772 989 1799 quam
1004 1764 1091 1799 gregis
1105 1769 1220 1797 praeesse
1233 1761 1397 1794 desiderant,
1409 1768 1459 1788 nec
1474 1765 1502 1787 ut
1515 1761 1620 1795 prosint
1634 1769 1704 1795 prse-

910 1810 981 1837 sules
998 1809 1056 1836 lieri
1070 1808 1190 1843 cupiunt,
1205 1807 1252 1834 sed
1268 1807 1354 1841 tnagis
1374 1811 1403 1833 ut
1415 1806 1513 1833 divites
1529 1805 1593 1832 liant
1617 1809 1644 1833 et
1658 1806 1702 1833 lio-

911 1861 1049 1883 norentur.
1067 1854 1222 1889 Suscipiunt
1235 1853 1305 1880 enim
1320 1853 1494 1880 sublimitatis
1518 1853 1636 1885 culmen,
1649 1860 1702 1880 uon

912 1910 960 1937 pro
975 1901 1099 1936 pastorali
1115 1899 1256 1935 regimine,
1278 1899 1325 1927 sed
1342 1907 1390 1934 pro
1414 1899 1496 1926 solius
1519 1899 1629 1926 lionoris
1645 1907 1702 1926 am-

910 1948 1023 1981 bitione,
1040 1953 1122 1981 atque
1138 1946 1243 1980 abjecto
1257 1952 1338 1980 opere
1353 1944 1501 1980 diguitatis,
1516 1945 1601 1972 solam
1616 1943 1702 1972 nomi-

909 1995 951 2021 nis
961 1998 1090 2028 appctunt
1104 1992 1270 2027 dignitatem.

912 2062 1028 2096 quietem
1044 2061 1178 2096 propriam
1189 2060 1317 2088 sectando
1330 2059 1474 2094 rel'ugiunt.
1485 2058 1594 2086 Loatsa.

947 2097 973 2123 5.
990 2097 1115 2131 Gregor„
1128 2096 1174 2124 lib.
1188 2097 1281 2123 Moral.
1295 2104 1320 2128 v,
1333 2103 1358 2122 c.
1374 2095 1400 2121 5.
1415 2095 1523 2122 Lonsa.

947 2132 1011 2159 Cn».
1036 2140 1126 2159 xxxtv.
1150 2131 1181 2158 N.
1199 2132 1224 2158 1.
1243 2131 1253 2157 l
1278 2131 1396 2164 Paralip.
1427 2137 1490 2162 xvn,
1507 2130 1543 2157 ita
1570 2130 1703 2164 interpre-

913 2172 983 2195 tatur
995 2168 1086 2202 Greg.,
1101 2168 1127 2194 in
1153 2167 1253 2201 explic.
1270 2174 1296 2194 tv
1321 2167 1415 2200 psalm.
1433 2166 1525 2199 poenit.
1552 2165 1585 2192 ad
1612 2165 1677 2193 illud
1693 2175 1701 2195 2

911 2203 984 2230 Tunc
999 2203 1140 2236 acceptabis
1153 2203 1241 2237 sacris.
1254 2202 1361 2228 Loatsa.

946 2239 972 2265 ⁹2.
988 2239 1068 2265 Vetus
1081 2238 1168 2264 Editio
1180 2242 1237 2272 post
1252 2238 1344 2264 serviat
1355 2236 1429 2263 addit
1452 2237 1519 2263 lianc
1544 2236 1622 2263 aliam
1638 2244 1700 2264 seu-

103 2276 170 2303 111111,
191 2275 238 2303 Vir
253 2275 447 2305 ecclesiasticus,
464 2278 514 2299 ctc.
530 2272 568 2299 Ex
585 2273 634 2299 l10c
645 2272 731 2305 capite
746 2278 857 2300 contex-
872 2268 897 2297 D
911 2276 1019 2301 tentiam
1035 2283 1041 2301 :
1059 2273 1109 2305 Qui
1120 2281 1171 2300 non
1182 2281 1208 2299 se
1218 2273 1324 2307 diqnum
1337 2273 1550 2306 adepiscopatum
1562 2272 1700 2305 existimat,

66 2317 111 2340 tus
123 2317 164 2340 est
176 2318 263 2338 sermo
280 2311 305 2336 in
323 2309 428 2336 laudem
441 2307 525 2335 sancti
537 2307 673 2334 AEniillaui
698 2307 799 2334 isidoro
813 2315 855 2335 as-

67 2342 794 2415 itata?2¹3⁰.3‡3;‘3,;12‚{{¹¹221322‘30352225535·
807 2343 853 2405 1⁷1}

69 2421 116 2448 tat,
130 2416 206 2450 iuxta
222 2419 375 2450 perpetuam
399 2414 528 2442 Ecclesiae
554 2413 716 2446 doctrinam,
733 2412 758 2440 id
782 2420 852 2441 esse.

69 2453 248 2513 Argamum
262 2485 328 2511 torte
342 2485 374 2511 ad
402 2484 466 2512 illud
487 2484 624 2519 Augustini
640 2483 672 2510 ad
689 2483 848 2516 Eudoxiam,

69 2522 149 2557 epist.
165 2521 208 2553 et,
224 2520 258 2547 de
283 2520 324 2546 liis
341 2520 397 2554 qui.
409 2519 561 2548 blandiente
588 2519 701 2551 desidia,
731 2520 849 2553 regimen

71 2557 197 2585 Ecclesia}
213 2558 342 2588 respuunt
356 2562 363 2580 :
377 2553 432 2581 Nec
453 2559 560 2581 vestram
574 2554 664 2586 otium,
686 2555 781 2588 inquit.
803 2562 849 2581 ne-

69 2591 228 2619 cessitatibus
240 2588 359 2615 Eucteaoe
376 2589 540 2624 praeponatis.
557 2589 627 2616 idem
650 2589 730 2616 babet
756 2594 850 2616 contra

69 2627 208 2658 Faustum,
226 2623 271 2651 lib.
288 2631 370 2656 nsit,
385 2631 444 2658 cap.
459 2624 503 2650 10.
525 2624 576 2656 Qui
589 2624 694 2656 electus,
710 2625 805 2666 inquit,
817 2625 849 2651 ab

69 2661 186 2690 Ecclesia
196 2658 363 2686 ministeriam
377 2659 564 2693 eranqetuunai
579 2659 663 2686 renuit
677 2659 708 2685 ab
733 2658 849 2686 Ecclesia

69 2697 158 2724 merita
177 2696 300 2730 diqneque
321 2694 499 2720 contemnitur.
527 2693 598 2720 idem
621 2692 744 2728 Gregor..
758 2693 806 2721 lib.
821 2703 847 2721 vt

71 2731 262 2767 Epistularum,
278 2727 356 2767 epist.
370 2727 405 2754 ad
423 2726 563 2763 Cyriacum
576 2727 730 2762 episcopum
753 2736 761 2753 :
777 2728 809 2756 Si
826 2729 849 2756 ia

55 2761 417 2804 -wvatetomnipountussaei
429 2761 572 2798 mssenttit
619 2769 704 2795 scere,
710 2763 850 2791 ostendit&

157 2809 196 2828 em
206 2806 331 2827 tammum
342 2797 446 2824 minimo
458 2804 555 2824 antarc-
591 2796 635 2824 ide
651 2796 850 2831 Gregor.etiam

119 2841 171 2864 tor.
181 2835 273 2866 Curae.
288 2836 356 2868 part.
372 2839 392 2864 t.
402 2839 463 2867 cap.
474 2830 504 2866 ὅ,
513 2831 548 2860 de
557 2831 600 2860 bis
615 2831 661 2866 qui
674 2831 702 2860 in
715 2833 851 2867 regiminis

52 2901 70 2911 Ν
123 2871 184 2900 uine
205 2869 334 2906 prodesse
356 2867 484 2904 exempto
512 2867 640 2898 virtutum
661 2872 785 2903 possunt,
801 2868 849 2897 sod

30 2918 83 3016 il

909 2310 993 2336 locum
1006 2311 1059 2344 ejtts
1074 2309 1118 2342 qai
1135 2309 1226 2342 diqnus
1247 2312 1283 2334 est
1299 2316 1348 2335 non
1372 2312 1539 2343 praeoccupet.
1558 2306 1627 2333 Nam
1647 2311 1700 2333 tam

908 2349 1023 2371 sancium
1034 2347 1070 2371 est
1080 2344 1215 2370 sacerdotii
1237 2350 1339 2375 nomen,
1351 2348 1378 2370 ut
1403 2342 1474 2369 nulla
1498 2342 1615 2368 vitiorum
1640 2347 1700 2369 nota

909 2380 1031 2406 maculari
1044 2387 1070 2406 ae
1084 2380 1160 2406 sinat.
1174 2377 1286 2405 Gravius
1296 2379 1362 2405 enim
1374 2377 1593 2408 condemnabitur,
1603 2377 1648 2410 qai
1661 2377 1700 2403 in-

909 2415 1001 2450 diqnns
1015 2414 1121 2448 suscipit
1133 2414 1202 2449 quod
1221 2421 1272 2440 non
1298 2417 1418 2440 meretur.
1445 2411 1535 2438 Codex
1563 2411 1700 2446 antiquior

909 2451 992 2478 sancti
1010 2450 1089 2476 Marci
1116 2448 1249 2480 Florem„
1270 2452 1330 2482 post
1345 2449 1435 2474 seruiat
1458 2447 1530 2473 illico
1553 2445 1696 2480 adjungit:

910 2485 1044 2512 Narniam
1058 2488 1184 2516 sanctum,
1197 2488 1249 2510 etc.
1267 2482 1344 2514 Quod
1368 2489 1431 2508 vero
1458 2481 1551 2508 Loaisa
1581 2482 1696 2510 lateatur

905 2520 973 2548 lianc
987 2519 1146 2547 sententiam
1161 2519 1256 2545 abesse
1269 2519 1303 2544 ab
1318 2517 1442 2544 omnibus
1455 2524 1522 2543 tnSS.
1537 2516 1693 2551 codicibus,

906 2560 934 2582 ut
945 2555 1087 2583 chzosius
1098 2553 1208 2586 asserit,
1223 2553 1249 2580 id
1272 2553 1300 2579 iu
1315 2551 1408 2580 Grialii
1435 2551 1560 2579 Editione
1577 2559 1630 2579 non
1644 2559 1690 2579 re·

905 2591 1015 2626 peritur.
1032 2591 1117 2616 Anev.

938 2625 965 2652 5.
979 2626 1072 2653 Posset
1085 2624 1138 2660 legi
1150 2623 1184 2650 ad
1197 2623 1265 2650 idad
1275 2622 1344 2658 qaod
1356 2627 1469 2650 vocatur.
1481 2622 1546 2650 Nam
1562 2622 1639 2650 l'acile
1653 2627 1695 2651 est

904 2667 933 2689 ut
946 2661 1126 2694 exscriptores
1142 2660 1290 2686 secuudum
1305 2659 1338 2685 ait
1352 2659 1502 2686 omiserint.
1520 2660 1608 2686 Aaev.

939 2696 965 2723 5.
982 2695 1050 2723 Huic
1064 2693 1202 2722 sententiae
1218 2693 1362 2722 Vezzosius
1371 2693 1440 2721 banc
1453 2698 1543 2720 notam
1558 2693 1692 2727 subjecit:

906 2732 1010 2760 Utinam
1024 2738 1082 2757 vcra
1092 2737 1144 2757 non
1158 2733 1241 2756 ment
1251 2736 1309 2764 qttoe
1322 2729 1349 2756 in
1359 2730 1478 2764 presenti
1489 2729 1593 2764 scripsit
1607 2727 1696 2756 Isido-

902 2775 959 2798 rus,
968 2773 1012 2793 nec
1022 2766 1054 2792 de
1071 2769 1159 2793 nostra
1172 2764 1254 2799 repeti
1271 2768 1374 2797 poium
1398 2769 1484 2792 aetate.
1511 2765 1540 2792 ln
1570 2764 1696 2793 editione

903 2801 999 2866 ffilii
1024 2800 1152 2829 mendose
1174 2804 1233 2829 erat
1246 2807 1297 2836 atta
1316 2799 1400 2838 eregit
1424 2807 1474 2836 pro
1498 2807 1575 2836 qnam
1599 2799 1695 2838 grafia.

964 2844 988 2865 v.
