1832 3016
66 121 115 150 349

567 118 613 147 DE
630 117 759 147 oantrttz
777 117 1043 148 CREATURARutt
1061 120 1177 149 hittun.

1640 122 1693 152 ⁰5⁰

97 179 124 207 9.
141 178 241 207 Deliae
255 184 361 215 quoque
369 176 518 209 differentia
532 182 625 205 eornm
638 181 707 210 quos
722 174 792 210 iguis
806 174 848 201 tu·
862 175 888 205 Δ
901 175 941 203 dit
955 176 1058 204 :Hodie
1067 184 1165 204 mecum
1178 177 1263 204 crisin
1275 178 1394 212 paradiso
1408 177 1484 214 (Luc.
1498 185 1574 212 xxm,
1585 177 1643 214 ⁴5).
1657 179 1693 208 Et

63 225 114 253 turi
130 225 225 254 laesura
235 231 290 255 non
300 226 400 259 unget,
412 226 440 253 et
452 228 547 251 eorum
560 221 607 257 qui
617 225 678 255 post
687 221 756 256 ignis
765 220 848 248 detri-

63 275 181 298 mentum
194 269 305 297 salutem
318 267 474 303 percipient,
495 266 593 294 Paulus
605 266 744 300 apostolus
764 272 848 300 expo-

62 319 100 346 nit
110 339 119 352 ,
138 319 176 346 ita
189 317 279 345 dicens
294 314 521 343 :Fundamentum
539 314 607 340 enim
619 312 693 340 aliud
713 320 787 339 nemo
803 320 849 348 po-

62 369 106 392 test
116 372 209 400 ponere
218 366 309 399 proeter
321 361 349 389 td
368 361 437 397 qnod
455 361 564 396 positum
578 364 627 394 eat,
640 359 708 395 qnod
725 363 761 386 est
775 358 848 386 Iesus

61 405 187 437 Christus.
201 405 274 435 Alius
287 409 371 434 antem
381 405 571 440 superaedificat
583 412 687 438 aurum,
703 409 846 440 arqentum,

61 455 159 492 lapidet
176 453 299 488 pretiosos
311 461 321 485 ;
335 451 402 479 ottus
416 459 473 479 vero
490 451 570 487 liqna,
583 453 671 486 senum
682 470 691 484 ,
706 449 847 486 stipulam

60 502 82 528 si
95 503 167 535 cuius
189 507 251 535 opus
273 499 413 532 manserit,
430 497 500 533 quod
516 497 741 532 superoedificavit,
754 504 849 524 merce-

59 547 115 574 dem
129 545 343 582 accipieuelss
355 544 377 572 si
386 544 460 578 cnjus
479 544 569 570 arserit
581 551 655 578 opus,
670 543 848 570 detrimentum

59 592 181 628 potietur,
207 591 261 624 ipse
283 594 369 616 autem
383 589 466 616 salvus
482 589 551 622 erit,
569 589 606 616 sic
621 592 706 615 lamen
718 588 793 623 qnasi
804 595 849 622 per

57 638 140 675 iqnem
156 637 180 673 (t
198 636 259 664 Cor.
274 643 314 671 ιιι,
328 636 361 663 12
375 635 452 671 seq.).

94 684 136 718 10.
153 683 205 710 Per
219 682 275 709 baec
290 685 378 708 autem
390 681 443 708 duo
454 679 576 713 aedificia,
591 678 619 707 id
631 680 685 712 est,
699 686 805 712 aurum,
820 682 848 706 et

57 734 204 765 argentum,
221 733 247 756 et
262 727 362 762 lapides
375 727 517 761 pretiosos,
532 729 559 753 et
579 725 661 760 ligna,
679 724 779 757 fenum,
798 725 846 751 sti-

56 776 145 811 pulam
158 795 167 808 ,
192 773 313 809 perfecta
339 776 366 800 et
388 772 476 799 minus
509 771 637 805 perfecta,
664 778 744 806 super
769 770 846 797 fidem

55 820 155 848 Christi
169 819 298 846 aedificata
318 825 398 853 opera
423 817 611 851 designantur3
637 815 683 842 sed
703 815 749 842 illa
762 837 769 849 ,
786 822 846 849 quae

900 221 936 250 ad'
955 223 1123 252 Ezechielem
1139 223 1225 259 inquit
1240 232 1247 250 z
1263 223 1420 259 Quocunque
1435 224 1477 252 die
1488 233 1621 253 conversus
1635 226 1692 261 fue-

899 269 932 295 rit
951 270 1045 304 impius
1059 270 1090 298 ab
1105 271 1233 307 impietate
1248 279 1305 306 sua,
1320 272 1434 299 omnium
1448 272 1612 307 iniquitatum
1628 281 1693 307 quas

900 319 1020 347 operatus
1034 321 1072 343 est
1086 324 1138 344 non
1152 317 1305 344 recordabor
1326 316 1441 351 (Ezech.
1457 325 1552 351 xuni,
1567 316 1623 352 ¹2).
1639 317 1693 346 Sed

899 360 934 387 de
956 360 1004 388 illo
1027 362 1181 396 purgatorio
1203 362 1256 396 igni
1278 362 1329 390 hoc
1352 362 1615 390 animadvertendum
1632 367 1673 391 est
1683 383 1692 397 ‚

898 403 969 438 quod
985 405 1057 432 omui
1071 413 1150 439 quem
1164 407 1316 441 excogitare
1329 408 1355 435 in
1369 409 1497 443 praesenti
1512 413 1598 442 potest
1612 409 1692 438 homo

900 454 1091 478 tormentorum
1106 451 1186 478 modo
1201 457 1229 479 et
1242 453 1346 486 longior
1357 457 1384 481 et
1397 453 1485 482 acrior
1494 454 1539 482 sit.

1149 501 1229 536 617
1249 501 1363 530 CAPUT
1382 503 1441 531 XV.

1185 541 1222 568 De
1241 541 1332 576 {utura
1350 543 1413 571 vita.

936 587 962 614 1.
979 586 1018 613 De
1034 586 1076 613 illa
1090 591 1178 613 autem
1194 594 1255 614 vera
1275 587 1390 614 beatitu.
1425 596 1439 614 e
1463 588 1559 616 suturae
1574 590 1636 618 vitae
1647 598 1692 618 ex-

899 633 1075 667 ponitsancta
1095 633 1231 667 Scriptura
1251 641 1257 658 :
1276 632 1349 666 Quod
1372 634 1460 660 mulus
1485 643 1535 661 non
1558 636 1632 668 vidit,
1649 645 1692 663 nec

899 679 970 705 auris
983 678 1090 711 audivit,
1105 679 1185 704 necin
1200 686 1244 704 cor
1254 679 1364 705 hontinis
1373 680 1496 712 ascendit,
1512 688 1569 715 quoe
1594 689 1693 716 praepa-

898 725 963 751 ravit
975 725 1042 751 Dens
1056 724 1218 760 diliyerztibus
1240 733 1266 751 se
1290 724 1323 760 (1
1337 724 1397 753 Cor.
1413 733 1442 758 11,
1458 726 1474 753 9
1488 726 1508 762 ).
1536 727 1573 754 De
1598 729 1693 763 quibus

900 771 1030 798 Dominus
1045 772 1083 798 ait
1098 781 1104 798 z
1123 771 1206 798 Erunt
1227 772 1291 798 sicut
1303 772 1388 807 anqeli
1407 773 1433 799 in
1455 773 1517 800 coelo
1531 774 1627 810 (Marc.
1644 784 1693 809 xu,

898 816 1005 850 25).Et
1030 816 1149 850 ejusdem
1178 817 1283 844 Domini
1311 818 1444 845 excelsius
1471 820 1568 854 aliquid
1594 821 1627 848 de
1653 823 1693 848 liis

58 874 105 901 per
128 866 198 900 ligna
212 885 220 898 ,
243 864 331 892 lenum
346 885 352 896 ‚
375 863 498 897 stipulam
521 862 703 897 designantur,
725 861 846 896 quamvis
861 864 885 897 Β
899 870 988 890 sermo
1005 863 1168 890 denuntiat:
1187 863 1257 890 Tunc
1277 865 1340 899 justi
1361 864 1493 900 fulgebunt
1520 867 1585 892 sicut
1607 867 1646 893 sol
1668 868 1693 894 in

56 911 169 946 ungilis,
186 918 239 938 non
255 915 344 938 tamen
355 910 455 944 polluta
471 909 529 936 (ieri
544 909 775 936 demonstrantur.

93 958 136 986 11.
156 958 233 986 Unde
252 958 428 993 intelligitur,
452 964 505 984 non
534 956 692 990 principalia
715 955 826 982 crimina
840 978 847 989 ‚

56 1012 116 1039 quoe
131 1005 266 1032 maoulant
277 1005 401 1039 (quorum
412 1003 550 1038 operarios
564 1011 578 1030 a
593 1009 675 1037 regno
687 1002 733 1029 Dei
749 1002 846 1028 Paulus

57 1049 190 1083 exclusit),
203 1049 249 1076 sed
265 1049 308 1076 illa
322 1055 381 1083 quae
396 1056 448 1075 non
464 1050 575 1074 multum
591 1052 688 1074 nocent
704 1067 712 1078 ‚
729 1047 849 1080 quamvis

58 1093 146 1120 minus
160 1093 310 1126 aedificent,
331 1100 377 1127 per
392 1092 448 1119 baec
465 1100 543 1126 posse
565 1092 714 1126 designari,
736 1092 787 1118 boc
798 1096 848 1124 est,

58 1138 188 1165 inutiliter
202 1138 373 1165 matrimonio
384 1137 502 1172 legitimo
518 1137 555 1164 uti
574 1137 712 1171 plusquam
732 1136 847 1167 sufficit;

56 1183 178 1210 ciborum
189 1182 348 1210 abundantia
360 1183 431 1210 vesei
447 1182 637 1215 immoderate3
651 1189 809 1216 quacunque
821 1189 851 1209 re

57 1229 157 1263 lffltari;
174 1229 212 1256 ira
223 1237 306 1264 usque
316 1230 349 1257 ad
361 1229 437 1257 verba
454 1230 629 1263 intemperata
642 1230 756 1262 moveri;
769 1229 849 1257 rebus

57 1277 172 1310 propriis
183 1277 321 1310 plusquam
336 1284 448 1304 neeesse
461 1281 503 1304 est
515 1276 659 1309 delectari;
676 1277 851 1311 negligentius

57 1321 171 1349 orationi
185 1329 263 1356 quam
281 1322 405 1349 horarum
420 1322 722 1356 expetitoonveuientia
739 1323 846 1350 insiste-

56 1377 105 1401 re;
121 1370 162 1396 vel
177 1369 279 1396 tardius
290 1376 369 1403 quam
383 1369 511 1403 competit
530 1375 639 1403 surgere
652 1376 659 1400 ;
674 1368 849 1396 immoderate

57 1416 112 1444 risu
127 1423 220 1444 vocem
233 1416 366 1448 exaltare·
381 1422 475 1442 somno
486 1415 624 1450 plusquam
637 1415 783 1442 necessitas
793 1415 848 1442 exi-

54 1463 93 1497 git
105 1469 201 1496 corpus
216 1461 372 1496 indulgere;
396 1469 487 1489 verum
503 1462 616 1489 reticere
629 1470 636 1494 ;
649 1462 734 1489 otiosa
753 1462 845 1496 loqui3

56 1508 125 1543 quod
142 1515 194 1535 non
209 1508 245 1534 ita
258 1508 285 1534 in
301 1515 329 1535 re
341 1508 395 1540 sit,
411 1507 514 1543 opinari
531 1515 622 1534 verum
637 1516 645 1540 ;
663 1507 732 1542 quod
752 1507 846 1534 laisum

901 915 979 942 regno
993 907 1079 934 Patris
1093 916 1179 934 eorum
1191 908 1298 943 (Manli.
1311 917 1371 943 xm,
1388 910 1449 945 45);
1471 911 1510 938 sol
1531 912 1634 939 scilicet
1650 912 1692 947 iu-

900 953 980 980 stitiae
994 953 1149 981 timentibus
1171 961 1267 981 nomen
1294 954 1399 982 Domini
1422 956 1534 990 orietur,
1565 957 1590 983 in
1618 958 1693 991 cujus

901 1001 995 1036 pennis
1008 1007 1048 1028 est
1064 1002 1175 1036 sanitas,
1193 1003 1236 1038 qui
1249 1002 1277 1030 in
1299 1008 1389 1030 monte
1412 1003 1506 1030 taciem
1523 1004 1607 1039 Moysi
1632 1012 1692 1032 cum

903 1046 959 1074 Elia
970 1055 1060 1074 eoram
1076 1047 1207 1082 apostolis
1221 1049 1373 1082 evacuavit3
1388 1050 1429 1076 cui
1447 1050 1509 1076 dum
1523 1051 1607 1078 sancti
1621 1058 1689 1078 com-

902 1093 1048 1126 patiuntur,
1061 1092 1140 1120 simul
1151 1093 1396 1128 congloriabuntur.

936 1133 963 1166 Ξ.
979 1140 1008 1166 ln
1022 1146 1054 1166 eo
1067 1143 1155 1167 autem
1173 1140 1244 1174 quod
1267 1141 1339 1174 prius
1364 1140 1467 1169 dixerat
1493 1150 1500 1168 ι
1526 1142 1608 1169 Erum
1629 1144 1693 1170 sicut

902 1184 989 1219 angeli
1000 1184 1027 1210 in
1046 1183 1109 1211 coelo
1132 1183 1228 1222 (More.
1248 1192 1296 1218 xn,
1310 1184 1367 1219 25),
1380 1185 1536 1214 intuendum
1561 1192 1602 1214 est
1622 1189 1692 1223 quod

901 1230 972 1257 sicut
984 1229 1072 1264 angeli
1086 1229 1160 1264 prius
1172 1237 1219 1265 per
1232 1234 1354 1257 naturam
1373 1232 1518 1259 mutabiles
1536 1232 1609 1267 faeti,
1622 1234 1692 1268 quod

901 1276 1043 1313 probatum
1058 1277 1137 1304 estin
1154 1277 1196 1304 bis
1209 1278 1253 1312 qui
1280 1278 1444 1311 cecideruut,
1461 1286 1530 1306 nune
1551 1287 1615 1307 vero
1641 1280 1690 1308 im-

901 1324 1055 1358 mutabiles,
1068 1328 1097 1351 ut
1112 1331 1224 1358 peceare
1239 1326 1292 1352 nori
1308 1329 1436 1358 metuant,
1450 1332 1499 1352 nec
1515 1326 1628 1360 possint,
1644 1335 1691 1362 per

900 1371 946 1399 Dei
961 1370 1213 1405 contemplationem
1226 1370 1313 1399 effecti
1328 1376 1399 1404 sunt,
1413 1371 1452 1399 sic
1468 1372 1590 1400 homines
1602 1378 1628 1401 et
1641 1374 1690 1409 ipsi

899 1425 947 1453 per
961 1422 1084 1444 naturam
1099 1417 1250 1452 mutabiles,
1264 1418 1335 1452 quod
1357 1418 1384 1445 in
1407 1418 1538 1447 Adam-et
1563 1420 1621 1454 ejus
1646 1428 1689 1448 se-

899 1462 970 1489 mine
994 1463 1161 1498 exploratum
1182 1467 1234 1499 est,
1261 1465 1354 1498 creati,
1381 1469 1441 1499 post
1466 1467 1690 1495 resurrectionem

900 1509 1051 1537 Comlitoris
1076 1510 1300 1544 contemplatione
1325 1512 1503 1540 immutabiles
1528 1513 1626 1548 eflecti,
1643 1522 1688 1543 net

56 1554 191 1590 putaveris
202 1575 209 1588 ,
227 1553 253 1580 in
269 1553 348 1580 rebus
362 1561 420 1588 quae
435 1553 468 1580 ad
484 1552 563 1580 iidem
574 1559 626 1581 non
641 1552 784 1587 pertinent,
799 1560 847 1586 fip-
864 1547 887 1579 C
902 1557 1092 1585 desiderabunt
1119 1565 1244 1592 peccare,
1261 1565 1310 1585 nec
1335 1563 1477 1593 poterunt;
1505 1561 1593 1588 omnis
1619 1562 1689 1588 enim

57 1599 179 1635 probare;
194 1600 290 1627 bonum
301 1600 371 1635 quod
386 1600 536 1628 laciendum
548 1604 589 1627 est
604 1600 767 1634 negligenter
778 1600 845 1627 obli-

55 1646 131 1678 visci;
144 1646 323 1674 inordinatum
334 1646 454 1676 habitum
468 1646 575 1676 babere.
591 1645 663 1679 Haec,
676 1650 703 1673 et
716 1645 757 1673 his
767 1646 842 1673 simi-

57 1693 91 1720 lia
103 1712 110 1725 ‚
129 1697 237 1728 peecata
250 1700 297 1729 per
310 1693 397 1728 ignom
410 1693 515 1728 purgari
534 1700 622 1728 posse,
640 1700 692 1720 non
707 1698 748 1720 est
763 1693 845 1720 dene-

56 1739 182 1773 gandum,
198 1744 226 1767 et
239 1747 330 1768 eorum
341 1739 479 1775 factorem,
495 1741 518 1768 si
529 1740 675 1776 maioribus
687 1748 738 1768 non
751 1749 845 1776 grave-

58 1790 116 1822 tur,
141 1786 180 1814 sic
201 1791 288 1815 tamen
307 1787 383 1822 quasi
406 1794 453 1823 per
476 1788 563 1823 iguem
582 1788 677 1816 salvari
701 1789 844 1823 putandum

57 1836 111 1860 est.

93 1877 137 1905 ¹2.
152 1878 314 1907 Poenitentes
333 1883 422 1907 autem
435 1878 463 1907 in
482 1883 602 1908 extremo
620 1880 682 1908 vitae
703 1881 844 1914 praesentis

57 1924 171 1952 termino
183 1945 191 1958 ‚
207 1928 294 1953 utrum
318 1924 362 1953 bie
375 1925 454 1960 plene
473 1925 657 1954 remissionem
673 1931 843 1962 peccatorum

57 1971 206 2006 accipiant,
222 1979 256 1999 an
270 1972 332 2006 igne
344 1973 496 2008 purgatorio
518 1980 609 2001 eorum
625 1973 720 2003 delicta
735 1975 843 2002 delean-

58 2022 115 2050 tur,
132 2018 188 2052 ipse
201 2019 252 2045 seit
263 2019 317 2052 qui,
334 2026 411 2046 renes
425 2023 452 2046 et
465 2019 544 2046 corda
558 2020 725 2055 conspiciens
736 2042 743 2055 ‚
759 2021 844 2055 poeni-

58 2064 146 2092 tentia}
169 2063 325 2100 dignitatem
342 2064 515 2096 considerat.
538 2065 584 2100 qui
599 2066 696 2094 latroni
719 2066 746 2093 in
766 2073 844 2093 cruce

58 2117 125 2145 pene
136 2109 192 2145 jam
204 2110 262 2138 siue
276 2113 404 2145 tempore,
419 2111 476 2138 nine
485 2117 567 2145 opere
577 2111 717 2146 poenitenti
731 2118 844 2147 respon-

43 2169 53 2179 ⁰
91 2177 119 2205 9.
134 2177 297 2206 ttePautus
310 2179 440 2213 apostotus
454 2178 516 2206 dicit
531 2186 541 2206 .-
557 2178 588 2206 St
607 2180 681 2214 cujus
698 2187 761 2214 opus
774 2188 844 2207 arne·

54 2213 99 2245 n't,
113 2214 300 2247 detrimentum,
316 2219 367 2242 etc.

92 2248 134 2276 10.
144 2249 205 2281 Mn„
214 2257 291 2284 opera
297 2249 472 2284 duiqnantttr.
486 2249 560 2276 Unde
569 2249 729 2284 inteliiyitur,
740 2255 791 2277 etc.
799 2251 843 2279 ste

57 2283 83 2312 in
93 2284 143 2312 hoc
153 2285 202 2312 Hs.
211 2292 283 2319 saepe
295 2285 377 2312 multa
390 2286 558 2317 omittuntur,
572 2292 630 2320 quae
641 2292 735 2320 reapse
749 2293 842 2314 neces-

57 2326 126 2347 saria
140 2327 194 2348 non
209 2325 281 2349 sunt.

94 2353 137 2380 tt.
157 2354 222 2383 cod.
239 2362 287 2383 ms.
302 2376 309 2388 ‚
331 2363 388 2390 υκαι
410 2355 541 2383 oracutum
555 2375 562 2387 ‚
583 2356 626 2382 sed
646 2356 699 2383 ltoec
720 2365 776 2391 quoe
790 2365 841 2384 non

59 2389 167 2415 muttum
188 2394 278 2419 tineent
290 2409 297 2422 ,
314 2398 357 2424 per
376 2391 429 2419 itoec
449 2399 522 2426 poue
540 2391 670 2425 signari...
684 2391 841 2420 abundantia

58 2423 123 2450 vesci
136 2443 144 2454 .
169 2423 207 2452 ita
230 2432 342 2456 mite...
366 2425 497 2458 delectari,
522 2426 676 2461 neqtiqemta
698 2427 820 2456 orationic
831 2447 839 2460 ‚

58 2465 135 2491 qnam
147 2457 268 2487 hararum
281 2459 373 2493 expetit
385 2462 569 2492 convenientia.
586 2462 627 2488 uel
642 2462 772 2490 tan-dina...
788 2463 839 2490 im-

59 2493 189 2533 moderate
205 2501 288 2522 vocem
301 2495 446 2525 exaitare...
464 2496 556 2530 toqm·;
573 2497 641 2532 quod
661 2498 688 2524 in
702 2506 728 2524 re
745 2505 795 2525 iton
808 2499 842 2526 sit

59 2529 179 2562 opitiori5
200 2528 295 2557 bonum
309 2530 376 2564 quod
395 2531 538 2564 laciendum
556 2536 627 2559 est...
647 2533 740 2560 salvari
768 2542 840 2567 posse

59 2563 211 2604 credendum
228 2568 278 2604 ρει..
289 2564 329 2592 Ex
349 2564 399 2593 Mn.
414 2566 521 2599 restitui.
535 2574 620 2594 uerum
632 2570 746 2600 reticem
759 2569 840 2596 otiosa

59 2597 138 2638 ioqui,
153 2605 214 2627 cum
229 2606 256 2628 itt
270 2606 402 2633 impresso
413 2605 496 2634 esset.
507 2601 608 2629 verbum
618 2604 744 2636 retinam
760 2605 839 2631 otiose

58 2633 138 2668 toqui.
151 2633 270 2663 obscur·
282 2637 347 2663 sunt
357 2635 448 2667 otiam.
460 2643 520 2671 qm
534 2642 682 2671 sequuntur
695 2638 721 2666 in
736 2638 839 2667 Editio-

59 2675 93 2696 πο
102 2686 112 2701 ,
127 2675 158 2696 ac
178 2667 292 2699 tortam
305 2669 459 2704 mium
470 2677 503 2699 a
515 2670 550 2699 nd
563 2672 700 2706 οιοιψιοι
713 2673 762 2701 tts.
778 2680 837 2702 ooc-

94 2732 139 2768 12.
153 2739 301 2768 Daunum.
311 2733 357 2768 sic
370 2739 432 2772 ua..
443 2746 493 2774 pn
502 2740 687 2770 delabuntur-in
700 2741 838 2774 mitione.

129 2774 216 2809 ,-ιι,ι.,
231 2774 351 2810 influa
363 2774 404 2806 νει
419 2782 469 2804 m
486 2776 576 2808 mata.
594 2777 708 2805 omnim
720 2777 840 2812 maon.

52 2830 53 2833 η
123 2817 248 2843 mm,
263 2817 361 2846 quas...
375 2809 451 2839 omni
498 2811 506 2816 ·
597 2810 658 2840 itari
678 2812 707 2840 ιἰι
718 2815 840 2848 munti

29 2841 346 3016 ,rm-imm,
369 2850 423 2877 ιιι.
449 2818 545 2880 iiim
623 2846 837 2886 aaaron

896 1604 1064 1632 rationabilis
1080 1609 1201 1631 creatura
1215 1612 1274 1639 quae
1287 1604 1335 1632 Dei
1357 1606 1581 1640 contemplatione
1602 1607 1688 1635 refici-

898 1655 951 1683 tur,
968 1657 1081 1685 peccare
1095 1657 1148 1677 non
1164 1655 1263 1684 potest.

932 1695 958 1722 5.
973 1696 1030 1723 Non
1045 1696 1115 1731 quod
1129 1696 1220 1723 liberae
1232 1695 1375 1724 voluntatis
1400 1696 1538 1725 arbitrium
1559 1698 1624 1726 vitio
1645 1706 1687 1726 ca·

897 1747 986 1770 rentes
1001 1742 1089 1777 angeli
1112 1746 1138 1769 et
1158 1742 1279 1770 homines
1295 1749 1347 1769 non
1362 1742 1491 1776 habeant,
1515 1750 1594 1771 omne
1617 1745 1688 1772 enim

896 1789 966 1824 quod
982 1789 1075 1816 volunt
1086 1789 1112 1816 in
1126 1789 1170 1816 illa
1183 1788 1247 1822 vita,
1265 1790 1314 1816 hoe
1329 1789 1436 1822 faciunt,
1444 1789 1491 1816 sed
1503 1790 1571 1818 velle
1586 1790 1687 1826 aliquid

896 1834 967 1868 quod
983 1835 1082 1860 bonum
1096 1841 1149 1861 non
1162 1834 1197 1860 sit
1208 1840 1375 1869 nequaquam
1389 1839 1499 1868 possunt
1513 1843 1520 1867 ;
1536 1835 1606 1862 unde
1628 1836 1687 1870 quia

896 1888 1030 1915 nunquam
1057 1880 1127 1908 male
1151 1880 1258 1913 volunt,
1287 1880 1413 1908 delictum
1442 1881 1550 1916 aliquod
1578 1882 1686 1910 omnino

897 1934 950 1953 non
962 1926 1142 1954 committunt.

898 1968 903 1975 '
931 1972 959 1999 4.
976 1972 1028 1999 Sed
1042 1972 1098 1999 haec
1110 1972 1227 2006 perfecta
1243 1972 1312 2000 bona
1324 1972 1448 2000 voluntas
1462 1981 1510 2008 per
1521 1975 1685 2008 contempla·-

897 2018 995 2045 tionem
1009 2018 1117 2052 superni
1131 2018 1283 2045 conditoris
1300 2018 1444 2052 perficitur,
1457 2019 1518 2046 dum
1531 2020 1600 2054 quod
1613 2027 1684 2048 crea-

897 2070 953 2092 tura
964 2072 1011 2098 per
1022 2065 1158 2092 scitabere
1170 2072 1223 2091 non
1233 2065 1329 2099 potuit,
1341 2065 1423 2099 ipsius
1433 2065 1565 2100 largitoris
1577 2073 1685 2094 munere

897 2110 1027 2143 donatur;
1043 2110 1112 2138 unde
1127 2110 1266 2145 perspicue
1279 2110 1435 2145 intelligitur
1449 2110 1518 2145 quod
1540 2111 1627 2145 angeli
1644 2112 1685 2139 vel

895 2185 923 2208 et
942 2181 974 2207 18
986 2201 994 2213 ,
1009 2179 1113 2207 ostendi
1135 2179 1283 2206 doctrinam
1304 2179 1337 2205 ab
1357 2178 1458 2205 isidoro
1478 2178 1530 2206 hoc
1548 2180 1635 2213 capite
1653 2180 1685 2207 dc

897 2217 966 2256 igne⁴
981 2215 1133 2250 purgatorio
1155 2214 1298 2246 traditam,
1323 2221 1382 2240 eum
1405 2214 1536 2240 catholico
1560 2215 1684 2249 dogmate

855 2241 884 2273 D
897 2258 1012 2278 maxime
1023 2257 1181 2285 congruere,
1195 2254 1221 2276 et
1234 2256 1295 2276 eum
1308 2249 1348 2276 his
1363 2256 1421 2283 qum
1432 2248 1494 2276 alibi
1507 2249 1623 2276 isidorus
1635 2251 1682 2276 do-

895 2288 960 2314 cuit.
977 2286 1052 2313 Adde
1072 2293 1131 2320 cap.
1157 2285 1276 2311 ultimum
1300 2285 1396 2319 regulae
1422 2284 1612 2311 monachorum
1627 2305 1633 2315 ,
1650 2285 1684 2312 de

895 2322 1037 2349 defunctis.
1059 2320 1206 2348 Ezechielis
1227 2324 1314 2346 textus
1339 2320 1467 2353 allegatur
1491 2327 1523 2346 ex
1547 2327 1607 2352 cap.
1633 2319 1682 2352 55,

895 2357 928 2383 12
942 2362 969 2384 et
985 2357 1029 2390 19,
1044 2356 1141 2391 quibus
1152 2356 1179 2382 in
1193 2355 1258 2382 locis
1270 2356 1348 2382 verba
1363 2355 1529 2388 aliquatenus
1544 2354 1645 2381 variant
1656 2355 1682 2381 in

892 2392 1015 2427 Vulgata,
1033 2391 1135 2419 scilicet
1147 2398 1218 2417 vers.
1234 2389 1267 2416 12
1283 2399 1289 2415 :
1306 2389 1427 2423 Impietas
1440 2389 1511 2423 impii
1522 2396 1572 2414 non
1587 2389 1682 2416 nocebit

892 2429 925 2490 ἒξ
937 2429 950 2488 δ’
953 2427 1186 2490 ἕξμῖἓῗἪεῖἱῗ.
1196 2424 1429 2492 53323212222‘513.
1434 2424 1472 2484 ‘2¹2
1476 2424 1613 2491 'litim
1623 2432 1681 2486 2:13·

946 2471 949 2478 ,
984 2470 1006 2488 s.
1067 2470 1073 2487 :
1673 2481 1680 2492 ‚

892 2499 1029 2532 feceritque
1039 2496 1167 2530 judicium
1187 2499 1211 2521 ct
1226 2494 1353 2529 jttstitiam
1366 2513 1372 2524 ‚
1388 2494 1453 2519 vivet
1465 2494 1492 2519 in
1507 2494 1553 2520 eis.
1569 2493 1679 2521 Senten-

892 2534 928 2560 tia
944 2533 1039 2560 eodem
1053 2530 1156 2561 recidit,
1173 2529 1207 2556 de
1222 2536 1273 2562 qua
1286 2528 1369 2555 vi-teri
1382 2528 1468 2562 potest
1482 2529 1616 2562 petavius,
1632 2529 1678 2557 lib,

891 2576 939 2600 vn,
953 2568 986 2594 de
1002 2566 1112 2599 Poenit.,
1128 2571 1187 2598 cap.
1203 2565 1248 2595 15,
1267 2568 1358 2590 cotnra
1374 2563 1530 2592 Arnaldum.

926 2604 990 2630 Cir.
1006 2609 1051 2628 xv.
1063 2600 1095 2628 N.
1110 2601 1136 2628 1.
1150 2599 1213 2633 Man,
1225 2599 1252 2626 in
1264 2599 1336 2626 coeto.
1352 2598 1386 2625 Et
1404 2598 1464 2626 aiibi
1490 2607 1496 2625 :
1524 2597 1678 2635 Tunc-§mm

890 2638 985 2666 Postea
997 2637 1153 2670 impressus,
1163 2636 1204 2662 rot
1212 2633 1306 2662 scilicet
1312 2633 1419 2668 jusetttoe
1431 2637 1455 2660 et
1465 2634 1507 2668 qut
1519 2634 1679 2670 timentibus:

891 2674 961 2709 quod
975 2679 1009 2699 οι
1022 2671 1069 2698 Me.
1084 2670 1199 2698 correxi.

925 2709 952 2734 2.
969 2707 995 2734 N
998 2715 1025 2734 ec
1034 2705 1214 2733 desiderabunt
1229 2711 1343 2739 peceare,
1354 2711 1400 2731 m
1414 2708 1540 2738 poterunt.
1551 2704 1597 2733 Sit!
1611 2705 1680 2734 libet·

891 2751 942 2770 ms.
955 2743 983 2770 ln
997 2742 1128 2776 impresso
1141 2740 1216 2768 deest
1230 2747 1345 2774 peccare.

924 2779 951 2806 s.
968 2777 1029 2810 us,
1049 2775 1167 2802 delictum
1177 2774 1284 2810 aliquod
1293 2781 1345 2802 non
1354 2774 1499 2802 admittunt.

924 2816 950 2841 t.
966 2811 1120 2840 Comitem.
1136 2810 1187 2838 fla.
1197 2809 1312 2847 judiciu-
1333 2814 1363 2838 ot
1385 2817 1498 2845 more,
1517 2816 1567 2850 pm
1589 2810 1676 2841 mia-

886 2856 972 2888 qma.
