1832 3016
68 111 99 145 σι
663 99 967 133 mFFERENTtARtJM
987 98 1050 127 Lm.
1071 98 1092 126 Ι.
1657 97 1692 126 ⁶2

68 165 149 205 spurii
165 164 247 200 titius.
275 162 340 200 Quia
353 159 512 200 muliebrem
527 162 650 189 naturam
671 157 773 193 antiqui
793 156 848 192 [At.
862 156 890 188 Α
902 163 960 183 nem
974 163 1053 191 quam
1065 155 1188 189 noveris;
1201 162 1290 189 nosse,
1306 156 1405 185 reterre
1419 155 1602 186 tantummodo
1618 156 1693 190 quod

68 212 131 239 aad.
153 206 345 245 jurisconsulti]
369 205 487 240 spurium
513 205 652 238 vocabant.
687 203 802 236 Eosdem
826 207 854 230 et

69 256 192 289 favonios
212 253 317 297 quidam
334 251 484 289 appellant,
507 250 569 285 quia
581 249 702 286 quadam
728 247 852 283 animalia

73 302 173 331 favonii
183 294 284 341 'spiritu
298 297 394 337 hausto
407 297 550 334 cpucipere
564 295 759 330 existimamur.

104 340 167 377 507.
180 340 249 381 luter
270 343 441 380 Sceleratum,
467 342 611 383 seelestam,
635 345 663 375 et
688 340 851 368 scelerosum.

66 390 238 429 Grammatiei
251 389 344 424 dicunt
358 388 516 424 {veientum
534 387 610 422 illum
635 393 695 423 esse
718 386 744 413 in
757 392 810 421 quo
823 386 853 412 sit

67 438 132 477 [Aa.
146 436 192 473 sit]
204 436 312 468 scelus;
334 439 364 462 ut
376 434 489 462 Cicero:
507 433 530 460 0
543 437 566 460 te
580 432 645 468 [Ab.
661 431 698 467 ιιι]
719 432 850 466 scelerate,

65 485 108 520 qui
121 482 238 514 subactus
257 486 281 516 et
295 480 447 517 prostitutus
462 487 499 513 es.
514 478 662 512 scelestum
690 481 778 504 autem
803 484 853 511 per

65 535 140 563 quem
163 527 202 553 tii.
228 524 263 552 Ut
285 525 447 552 Terentius:
467 523 584 556 scelesta,
608 530 678 557 ovem
700 522 762 558 lupo
781 529 851 557 corri-

64 573 164 607 misisti.
188 572 355 610 scelerosus,
379 570 423 605 qui
439 568 524 596 facit:
550 572 579 596 ut
591 568 661 598 idem
679 566 755 602 :qu
776 566 851 598 illum

63 618 214 656 scelerosum
233 618 325 644 ntisera
344 616 432 650 nolens
451 615 555 651 pertuli.
580 614 632 642 Sed
656 614 714 641 haec
727 618 851 640 auctores

62 671 116 692 non
130 669 319 701 usquequaque
332 661 494 698 custodiunt.

95 709 148 745 65
159 708 221 736 508.
233 707 303 734 lnter
313 708 429 735 Salutem
439 710 466 734 et
476 706 665 734 salubritatem.
674 705 751 732 Salus
759 709 800 731 est
811 704 851 737 in-

62 755 171 789 tegritas
179 754 316 789 corporis3
327 753 483 784 salubritas,
495 751 574 778 saluti
585 750 748 782 conveniens
758 747 856 782 causa,

62 807 109 835 per
123 807 201 834 quam
217 799 334 831 sanitas,
350 798 392 825 vel
406 801 559 825 reservatur
570 816 579 829 ‚
607 796 648 824 vel
674 800 848 829 restauratur.

903 203 1029 231 audieris.

938 249 1002 276 515.
1031 249 1104 277 luter
1126 247 1259 276 Simulare
1283 252 1310 275 et
1336 247 1508 275 dissimulare.
1536 247 1694 275 Dissimula-

902 302 963 322 mus
986 299 1048 324 nota
1070 303 1078 322 ι
1098 294 1256 322 simulamus
1277 294 1376 328 ignota.
1404 294 1454 326 Qui
1477 294 1549 322 enim
1573 294 1647 329 tingit
1662 301 1693 322 so

902 340 972 367 scire
985 340 1057 374 quod
1070 340 1166 372 nescit,
1190 339 1297 367 simulat
1309 347 1316 371 ;
1330 338 1385 373 66
1398 339 1441 371 qui
1457 344 1545 369 autem
1558 339 1627 373 quod
1644 338 1695 366 scit

903 384 1008 414 nescire
1030 391 1062 415 se
1083 384 1161 417 dicit,
1187 384 1347 415 dissimulat.
1375 382 1451 410 Unde
1474 387 1502 409 et
1525 383 1689 412 Sallustius:

901 429 953 458 tlte
964 430 1098 457 simulator
1110 430 1211 461 incerti,
1225 437 1256 456 ac
1269 429 1331 455 certi
1345 428 1521 455 dissimulator
1535 433 1602 455 erat.

938 474 1000 502 516.
1012 475 1084 502 luter
1094 474 1200 505 sistere,
1212 479 1240 502 et
1249 474 1395 506 consistere,
1409 477 1436 500 et
1449 473 1578 499 assistere.
1594 473 1695 501 Sistere

902 525 944 549 est
958 521 1091 548 interdum
1113 521 1252 554 resistere,
1279 520 1319 546 vel
1345 518 1500 553 probibere,
1529 518 1554 546 id
1573 523 1624 549 est.
1647 519 1693 552 qui

902 568 1016 603 aliquam
1031 574 1086 597 rem
1102 568 1129 594 in
1145 566 1204 594 loco
1217 570 1289 594 stare
1303 565 1376 592 lacit.
1393 564 1426 592 Ut
1440 564 1564 598 Virgilius
1576 571 1584 589 2
1596 563 1693 590 Sistere

902 620 994 647 aquam
1020 612 1114 647 fluviis.
1148 611 1283 646 Assistere
1309 617 1374 637 vero
1405 614 1432 636 et
1457 613 1519 636 aute
1543 616 1642 640 unum,
1667 611 1694 635 et

902 664 993 684 coram
1009 657 1100 683 multis
1114 665 1120 688 ;
1135 656 1283 683 consistere
1299 655 1324 682 in
1341 654 1430 681 medio
1445 654 1550 691 adesse.

937 703 1000 730 517.
1027 702 1098 735 lutet·
1124 702 1226 729 Servire
1251 705 1279 728 et
1305 701 1437 736 inservire.
1464 700 1568 729 Servire
1592 703 1692 727 tanturn

901 747 1016 775 dominis
1033 757 1039 773 ε
1057 747 1187 782 inservire
1202 746 1332 784 cuiusque
1348 745 1499 782 praeceptis.

936 793 999 821 518.
1027 794 1097 820 luter
1124 793 1231 827 Spirare
1254 797 1281 820 et
1307 793 1448 826 exspirare.
1474 791 1583 826 Spirare
1604 790 1694 818 vivere

97 844 159 873 509.
176 845 246 872 luter
269 846 356 880 Super·
378 850 404 872 et
433 852 511 878 supra
537 844 587 871 hoc
612 845 723 871 interest
741 852 747 869 z
763 843 849 877 Super
863 841 888 872 B
900 844 959 873 est,
975 840 1111 879 exspirare
1126 838 1205 873 mori.

61 895 103 920 est
123 891 192 927 quod
208 891 330 919 imminet
358 891 496 926 [Ayroetius
520 890 644 925 eminet],
673 897 752 926 supra
779 889 850 924 quod

60 936 223 964 substratum
249 935 348 970 aliquid
373 935 462 962 habet.
490 935 556 963 item
584 942 664 970 super
692 931 848 968 interdum,

59 985 106 1009 aut
119 982 243 1015 nimium,
258 986 305 1008 aut
320 982 385 1008 satis
399 981 555 1015 accipimus.

96 1027 158 1055 510.
174 1028 247 1055 luter
262 1027 357 1054 Subter
370 1031 398 1053 et
419 1026 515 1053 subtus.
543 1032 555 1044 ⁰
570 1026 668 1054 Subter
681 1031 721 1054 est
735 1026 805 1061 quod
821 1033 850 1054 re

60 1072 147 1107 aliqua
175 1073 312 1106 superiore
338 1072 506 1106 deprimitur,
532 1075 560 1099 et
585 1072 754 1107 proculcatur
780 1072 848 1108 [At.,

60 1116 242 1152 conculcatur]
256 1125 262 1148 ;
279 1117 373 1143 subtus
383 1115 454 1150 quod
465 1115 609 1143 demissum
624 1117 703 1144 altius
718 1124 769 1144 nou
786 1124 850 1144 con-

60 1162 178 1198 tingitur.

95 1208 157 1236 511.
193 1207 263 1235 Inter
287 1209 399 1243 supremi
431 1213 458 1235 et
491 1207 626 1244 supprimi.
666 1207 788 1242 Supremi
822 1203 858 1235 et⁴

59 1253 156 1280 summi
189 1252 319 1288 siguificat
348 1257 376 1280 et
403 1253 470 1285 imi;
505 1253 633 1288 supprimi
661 1258 769 1290 autem,
801 1260 847 1280 oc-

59 1297 167 1325 cultari.
218 1295 221 1298 ⁴

93 1342 155 1369 512.
172 1343 242 1370 Inter
264 1342 372 1370 Sumere
392 1347 420 1370 et
439 1343 554 1377 accipere
573 1343 640 1380 [Al.,
661 1343 846 1379 praecipimus-L

56 1388 190 1416 Sumimus
204 1387 266 1423 ipsi,
281 1388 424 1422 accipimus
439 1388 473 1415 ab
496 1389 559 1416 alio.
580 1388 645 1416 Cuni
657 1390 728 1416 enim
739 1389 845 1423 damus,

57 1433 197 1461 dicendum
213 1437 263 1466 est,
280 1434 376 1468 Accipe
392 1443 399 1467 ;
424 1441 484 1461 cum
498 1434 676 1468 permittimus
696 1434 761 1471 [A1.,
777 1443 846 1471 prae-

58 1478 180 1515 cipimus]
197 1479 245 1513 ipsi
261 1479 363 1512 tollere,
392 1480 505 1507 dicimus
525 1479 592 1516 [Ah.
615 1480 757 1508 dicendum
781 1481 844 1517 estj,

937 896 999 924 519.
1015 896 1085 922 lnter
1100 895 1212 930 Surqere
1231 899 1258 922 et
1272 903 1403 930 extumere,
1424 899 1451 922 et
1466 894 1576 928 reliqua.
1600 892 1694 927 Surgi-

900 945 944 971 tur
958 949 973 968 a
989 941 1058 974 loco,
1085 941 1237 975 exsurgitur
1250 947 1264 966 a
1279 946 1386 971 somno,
1413 938 1559 973 insurgitur
1582 938 1615 964 ad
1634 938 1693 964 viu-

901 987 1012 1021 dictam,
1026 987 1196 1021 consurgitur
1211 986 1244 1014 ad
1256 986 1399 1014 auxilium.

935 1031 996 1058 520.
1008 1031 1079 1059 lnter
1090 1031 1232 1067 Subjieitur
1247 1035 1274 1058 et
1288 1031 1453 1065 supponitur.
1468 1028 1614 1064 Subjicitur
1627 1027 1693 1061 cito,

899 1076 1057 1113 supponitur
1071 1076 1152 1104 lente.

935 1122 997 1149 521.
1016 1122 1085 1157 inter
1109 1122 1194 1149 Simul
1216 1126 1242 1149 et
1267 1121 1353 1148 semel.
1380 1120 1470 1152 Semel
1495 1119 1529 1147 ad
1550 1126 1691 1146 numerum

899 1168 1025 1202 pertinet,
1042 1173 1080 1200 ut,
1102 1167 1185 1196 semel
1205 1167 1266 1199 bis;
1291 1166 1370 1201 simul
1393 1166 1426 1193 ad
1450 1165 1693 1198 congregationem,

900 1218 937 1246 ut,
955 1211 1059 1239 Gtotmti
1083 1212 1148 1248 [At.,
1166 1211 1329 1247 conglobati]
1350 1211 1426 1238 simul
1439 1211 1559 1245 seruntur
1574 1210 1600 1236 in
1620 1216 1694 1235 arma

898 1258 955 1285 viri.

933 1302 996 1330 522.
1018 1302 1089 1331 lnter
1103 1302 1258 1337 Sepulcrum
1271 1306 1297 1329 et
1316 1304 1517 1329 monumentum.
1533 1299 1692 1334 Sepulcrum

899 1348 1084 1376 tantummodo
1111 1347 1230 1384 tumulus
1258 1346 1444 1379 detunctorum
1468 1350 1518 1377 est,
1536 1352 1692 1376 monumen-

898 1397 953 1420 tum
977 1401 1062 1426 vero,
1087 1399 1159 1420 nunc
1181 1393 1350 1427 sepulcrum,
1377 1399 1446 1421 nunc
1469 1391 1580 1423 historia
1602 1397 1692 1417 rerum

896 1443 1031 1473 gestarum
1047 1449 1054 1466 :
1069 1438 1168 1466 dictum
1195 1445 1228 1466 eo
1247 1438 1319 1472 quod
1340 1441 1456 1464 mentem
1469 1440 1586 1469 moneat,
1603 1436 1642 1462 vel
1659 1435 1693 1462 ad

896 1484 1054 1512 memoriam
1072 1482 1206 1516 defuncti,
1230 1483 1272 1510 vel
1286 1482 1319 1516 ad
1345 1481 1554 1512 recordationem
1575 1480 1613 1508 rei
1628 1480 1694 1507 scri-

57 1517 148 1553 sume.
173 1525 237 1552 'lem
254 1525 383 1552 sumimus
398 1532 446 1560 pel·
460 1533 519 1557 ¹¹⁰⁵,
544 1525 718 1559 accipimusa
733 1520 959 1562 volenti-Gptae‚
987 1529 1070 1556 Porro
1100 1528 1215 1555 tumulus
1243 1527 1352 1560 bifarie,
1378 1534 1448 1555 nunc
1472 1531 1577 1558 tumens
1605 1526 1692 1559 tellus,

57 1570 118 1604 bus,
132 1570 249 1598 tollimus
262 1577 277 1596 a
290 1577 342 1596 non
356 1570 507 1597 volentibus
517 1569 583 1606 [A1.,
596 1570 768 1606 nolentibus].
782 1571 844 1597 ltem

57 1614 203 1642 auferimus
217 1613 292 1650 [ιαμ.
319 1613 483 1650 adimimus]‚
497 1614 556 1649 jure
575 1615 701 1650 quidquid
724 1616 846 1643 dedimus

57 1660 217 1688 assumimus
229 1659 316 1695 jussu,
331 1659 458 1694 eripimus
473 1661 509 1687 vi.

93 1704 157 1733 515.
182 1703 256 1732 lntet·
282 1704 393 1739 Sperare
418 1710 445 1732 et
469 1710 625 1741 exspectare.
652 1706 846 1743 Exspectamus

57 1755 84 1778 et
107 1751 177 1778 bona
195 1755 224 1779 et
249 1751 319 1778 mala
331 1760 338 1784 ;
365 1759 502 1786 speramus
526 1758 615 1780 autem
643 1758 744 1781 tantum
764 1755 844 1783 bona.

58 1796 125 1825 Miro
147 1801 237 1824 autem
252 1798 332 1825 modo
348 1797 472 1833 Virgilius
497 1799 571 1827 verbi
593 1800 672 1835 hujus
695 1803 846 1836 proprieta-

58 1846 111 1870 tem
122 1851 137 1870 a
149 1843 254 1878 propria
273 1843 465 1878 significatione
477 1846 603 1880 secernit,
626 1847 717 1875 dicens
727 1848 846 1881 (Αἰναρία.

58 1887 99 1923 iv)
116 1897 123 1914 ε

150 1932 220 1958 Hunc
238 1939 286 1964 ego
297 1934 317 1958 si
329 1935 396 1965 potui
407 1937 500 1960 tantum
515 1943 616 1967 sperare
627 1938 753 1971 dolorem;

58 1973 123 2000 dum
149 1981 230 2002 omne
253 1975 323 2010 quod
349 1976 475 2003 exhorret
501 1979 605 2006 animus
628 1980 727 2007 rectius
753 1981 846 2010 timere

58 2019 162 2046 dicatur
172 2019 227 2056 [At.
240 2020 303 2047 add.
317 2028 395 2055 quam
409 2023 538 2059 sperarel.
553 2023 605 2052 Sed
617 2027 782 2059 grammatici
797 2027 847 2054 lioc

58 2068 205 2098 exponunt,
219 2064 338 2094 dicentes
353 2074 359 2092 :
375 2067 489 2101 Spei-are
504 2068 570 2095 dixit
585 2076 632 2103 pro
645 2069 749 2098 timere.
772 2071 847 2104 Quod

58 2113 85 2137 et
98 2109 220 2137 Lucanus
234 2111 399 2145 distinguens
412 2112 449 2139 ait
464 2121 471 2140 :
487 2113 574 2140 Liceat
589 2123 691 2149 sperare
703 2116 810 2143 timenti.

93 2154 155 2182 5¹⁴.
171 2154 242 2182 lnter
263 2155 338 2183 Scire
356 2160 384 2184 et
395 2165 479 2186 nosse.
494 2158 569 2186 Scire
583 2164 624 2186 est
639 2160 752 2188 reddere
766 2162 848 2189 ratio-

899 1582 969 1601 nuuc
981 1575 1135 1609 sepulcrum
1146 1578 1267 1605 vocatur.
1284 1574 1442 1609 Sepulcrum
1457 1577 1545 1599 autem
1558 1579 1573 1598 a
1585 1571 1692 1605 sepulto

899 1618 1011 1646 dictum.
1026 1619 1152 1653 Sepultus
1174 1625 1249 1650 vero,
1275 1625 1308 1645 eo
1331 1618 1401 1652 quod
1425 1618 1483 1644 sine
1507 1616 1691 1651 palpitatione,

899 1664 942 1691 vel
959 1665 1035 1699 pulsu
1055 1664 1101 1699 sit,
1116 1664 1141 1691 id
1163 1669 1214 1697 est,
1240 1665 1298 1691 siue
1311 1668 1395 1691 motu.
1420 1663 1541 1690 Cadaver
1569 1667 1656 1695 autem
1679 1670 1694 1689 a

898 1710 1019 1737 cadeudo
1033 1710 1142 1737 dictum.

935 1755 996 1782 525.
1014 1755 1083 1782 lnter
1098 1754 1262 1789 Sacrificium
1285 1759 1312 1782 et
1330 1755 1439 1782 hostiam
1462 1755 1520 1782 haec
1539 1759 1614 1782 vetus
1634 1758 1695 1782 erat

898 1801 1036 1834 diseretio,
1051 1801 1122 1835 quod
1143 1801 1301 1828 sacrificium
1323 1806 1469 1835 spontanea
1490 1801 1590 1828 oblatio
1612 1805 1691 1833 erat3

899 1846 986 1874 hostia
999 1854 1062 1873 vero
1079 1854 1138 1881 quae
1153 1846 1264 1883 devictis
1280 1846 1400 1874 hostibus
1417 1846 1613 1873 immolabatur.
1631 1845 1694 1872 liaec

898 1897 925 1919 et
935 1893 1039 1919 victima
1057 1892 1210 1919 vocabatur.
1226 1891 1276 1918 Alii
1287 1892 1421 1918 victimam
1444 1891 1497 1926 67
1516 1890 1577 1917 ideo
1596 1890 1693 1918 dictatu

899 1943 1003 1972 putant,
1019 1938 1078 1972 quia
1102 1938 1154 1973 ictu
1176 1944 1302 1972 percussa
1320 1937 1400 1970 cadit,
1418 1936 1459 1963 vei
1479 1936 1540 1970 quia
1558 1936 1645 1963 vincta
1661 1934 1694 1961 ad

898 1991 958 2010 aras
972 1983 1135 2017 perducitur.

935 2028 996 2056 524.
1025 2027 1095 2061 lnter
1120 2027 1199 2055 Sedes
1222 2033 1249 2055 et
1277 2028 1392 2054 thronos.
1421 2026 1505 2054 Sedes
1526 2033 1578 2053 non
1595 2029 1694 2052 tantum

899 2074 989 2106 unius,
1012 2073 1058 2100 sed
1083 2073 1225 2100 multorum
1247 2076 1297 2100 est.
1324 2073 1388 2099 Num
1418 2072 1512 2099 solium
1533 2072 1610 2098 unius
1636 2075 1694 2097 tan-

900 2123 954 2145 tum
978 2123 1030 2150 est,
1044 2122 1071 2145 et
1093 2126 1205 2153 regum3
1230 2118 1309 2146 sedes
1325 2118 1528 2153 quibuscunque
1549 2115 1613 2152 [1tt.,
1631 2116 1694 2142 iilud

899 2162 1093 2199 cujuscunque]
1112 2163 1260 2198 proprium.
1280 2163 1383 2192 Sotium
1405 2167 1505 2194 autem,
1524 2163 1565 2189 vel
1580 2169 1596 2191 a
1611 2161 1695 2188 solius

88 2222 703 2263 507.Sicinterpretes'l'erentiiact.tv,scen.3,
714 2229 847 2259 Eunuch.:
864 2235 890 2264 1)
903 2239 964 2259 cava
985 2232 1147 2267 speculantur
1169 2232 1265 2261 amicti.
1293 2232 1337 2261 ΔΙ.
1349 2253 1356 2266 ,
1378 2231 1576 2262 Dissimulamus
1594 2236 1693 2262 notum,

59 2257 216 2292 scelerosas.
229 2264 265 2288 est
278 2262 412 2288 maltorum
425 2269 434 2289 :
448 2263 578 2294 scelestus,
599 2264 638 2291 vet
649 2265 723 2292 unius
737 2273 748 2293 .·
769 2268 847 2294 scete-

58 2300 141 2334 κροκι,
153 2296 256 2329 proprie
266 2300 355 2323 auctor
365 2297 467 2324 sceleris
481 2305 490 2324 :
505 2298 652 2331 sceleratus,
663 2300 691 2326 iu
701 2308 751 2334 quo
761 2302 846 2329 scelus

59 2332 92 2355 stt
106 2330 277 2363 commissum,
292 2331 330 2358 vel
345 2332 517 2359 constitutum.

93 2363 156 2391 508.
171 2364 215 2392 ΑΙ.
231 2365 320 2396 AEtas,
335 2367 372 2393 vel
385 2367 507 2402 salvatur,
519 2368 557 2394 vel
569 2374 724 2398 reservatur.

96 2397 158 2426 509.
174 2399 212 2427 Es
223 2401 348 2435 Agraetio.

95 2446 132 2452 -
144 2432 377 2470 Superiuterdam.
393 2436 471 2464 Serv.
487 2437 521 2465 ad
536 2438 574 2475 ill.
590 2446 638 2472 ιιι,
654 2438 730 2473 AEn.,
747 2439 770 2467 0
781 2440 843 2468 milii

60 2467 116 2494 sola
129 2467 179 2495 mei
191 2477 265 2504 super
280 2471 440 2506 Astyanactis
454 2472 550 2508 imago.
810 2476 812 2478 '

96 2501 159 2529 5¹⁰.
175 2502 216 2530 Ex
229 2506 354 2539 Agraetio.

96 2535 159 2562 511.
171 2536 325 2578 apamien.
335 2541 497 2577 supremum.
509 2543 662 2577 Non.,dict.
671 2545 842 2579 supremum.

78 2606 84 2612 .
97 2568 159 2611 512.
175 2570 219 2599 Sic
231 2572 262 2599 G.
273 2573 391 2616 Fronto:
408 2577 541 2605 sumimus
554 2586 611 2614 qitoe
621 2580 703 2614 posita
715 2584 784 2615 sant,
799 2581 844 2606 αι’·

61 2612 169 2641 cipimus
183 2614 240 2640 auoe
422 2630 429 2639 ,
565 2629 567 2634 .

96 2654 132 2681 -Ι
152 2642 321 2683 Anxanum,
334 2649 386 2684 etc.
402 2645 442 2673 Ex
455 2645 549 2675 From.
565 2648 609 2682 qui
623 2649 670 2683 iia,
686 2650 782 2685 aufert,
798 2650 843 2685 qui

62 2675 144 2725 mu?
163 2675 253 2718 atium
267 2677 365 2718 (lem
376 2679 642 2726 ‘isidowddimiirutn
659 2684 770 2721 imperia
782 2692 843 2712 coa-

62 2712 842 2802 “iis‘i'sss'ssissi‘il’e‘ii‘smnimuua.mia-..epane.

97 2792 135 2806 .—-
147 2779 228 2815 Hira,
244 2781 322 2810 Serv.
338 2784 371 2810 ad
387 2782 495 2812 vanua·
507 2785 628 2815 eifltt'tn.
645 2795 653 2804 ‘
665 2793 691 2807 ’ἰ

31 2803 161 3016 ἱδιε.
174 2815 307 2848 essm.
321 2818 356 2848 aa
368 2818 410 2848 ιιι.
422 2818 719 2870 wasnaum-Qu,
732 2827 758 2866 a
771 2824 842 2868 »ηις

902 2267 1053 2294 simulamus
1070 2268 1196 2302 iquotum.

934 2302 1029 2334 -Qui
1042 2304 1121 2329 enim.
1138 2303 1167 2330 C.
1179 2302 1291 2335 Fronto,
1315 2303 1365 2338 Qui
1387 2303 1490 2330 simulat
1511 2302 1618 2337 probare
1640 2301 1694 2326 vult

898 2337 966 2370 quad
977 2345 1028 2364 nou
1039 2343 1084 2364 est.

934 2372 1020 2398 —llte
1033 2372 1178 2399 simulator.
1196 2373 1262 2400 Puto
1278 2373 1408 2401 lsidorum
1423 2373 1562 2406 scripsisse
1577 2371 1692 2400 adducto

898 2406 958 2433 loco
969 2415 1001 2434 ex
1013 2406 1084 2434 bello
1096 2407 1250 2435 Catilinario
1263 2413 1290 2435 et
1299 2408 1423 2441 exposito
1433 2416 1439 2433 ;
1449 2406 1592 2441 Cujusttbet
1608 2409 1644 2435 rei
1654 2410 1691 2435 si-

897 2442 1020 2480 mulator,
1032 2449 1061 2468 ac
1072 2442 1258 2477 dissimulator.
1268 2443 1410 2470 simulator
1417 2442 1516 2472 incerti,
1525 2450 1555 2474 ac
1563 2443 1626 2470 certi
1634 2444 1691 2470 dis-

896 2476 1032 2502 simulator
1046 2481 1108 2504 erat.
1125 2476 1179 2503 Nisi
1198 2476 1268 2504 forte
1283 2477 1318 2511 ab
1332 2477 1384 2504 alio
1399 2477 1529 2510 glossema
1545 2476 1688 2511 adjectum.

934 2510 996 2538 516.
1023 2510 1119 2538 Nescio
1136 2519 1169 2538 an
1189 2511 1324 2548 scripserit
1338 2508 1473 2539 isidorus:
1498 2512 1615 2543 assistere
1630 2520 1691 2540 uero

897 2550 956 2572 ante
971 2553 1057 2577 unum,
1073 2546 1210 2574 consistere
1223 2554 1310 2574 coram
1332 2547 1429 2581 multis.
1457 2547 1489 2574 Et
1502 2547 1615 2582 ‘reliqua
1630 2555 1689 2582 qum

897 2579 974 2607 alteri
989 2581 1135 2615 exemplari
1149 2581 1269 2614 deerant,
1284 2582 1440 2615 omittenda.
1667 2590 1670 2592 ’

934 2615 996 2643 518.
1011 2614 1052 2643 Ex
1067 2617 1192 2653 Agraetio,
1208 2618 1253 2652 qui
1269 2616 1339 2644 forte
1351 2619 1422 2646 bunc
1435 2616 1627 2650 emendandus.

933 2649 1002 2712 52Ξᾖ
1021 2650 1108 2684 ΐοει..
1129 2651 1194 2679 dict.
1222 2651 1387 2688 Sepulcrum.
1409 2651 1559 2688 Etymntoa.
1579 2652 1627 2680 lib.
1643 2660 1689 2685 xv.

897 2691 957 2719 cap.
1008 2704 1015 2711 .

934 2717 1003 2746 ma.
1021 2719 1136 2748 oretum.
1150 2721 1229 2758 serv.
1247 2722 1280 2750 ad
1295 2722 1335 2756 iti.
1350 2729 1394 2756 v1,
1409 2721 1486 2756 Μ..
1507 2722 1556 2755 itta
1569 2721 1625 2755 ¹009
1636 2730 1692 2755 ne-

896 2759 1018 2782 namenta
1031 2755 1080 2783 κί’
1117 2757 1144 2783 ·t.

931 2804 968 2810 —
982 2789 1078 2826 Etyma
1095 2792 1132 2826 g.
1147 2790 1192 2818 lib.
1207 2798 1254 2825 xv.
1268 2798 1328 2826 cap.
1343 2790 1389 2822 ΙΙ.

929 2825 1125 2869 -ΕιχιῑιοΙοκ.
1135 2825 1182 2855 lib.
1197 2833 1240 2861 xi,
1253 2833 1313 2865 opp,
1328 2826 1358 2865 ἓ.
