1832 3016
146 159 202 187 '379

151 269 175 291 et
190 268 263 290 notus
287 269 368 292 meus,
382 259 426 294 qni
436 260 513 286 simut
534 266 633 286 mecum
643 257 730 285 dulces
746 257 864 293 capiebas
875 257 944 285 cibos

151 308 235 343 (Psat.
251 306 332 340 ιιι,10
348 314 356 339 ;
371 313 423 339 mv,
442 305 497 340 14).

183 353 209 379 2.
229 353 265 380 De
287 353 345 386 ipso
359 356 446 379 autem
472 351 538 378 Juda
567 351 704 386 proditore
727 351 858 379 Jeremias
874 358 942 386 prae-

147 399 219 426 scius
233 398 267 425 ita
290 402 353 425 ante
367 398 507 432 praedixit:
525 396 664 424 Peccatum
677 396 749 423 Juda
764 397 889 432 seriptum
905 400 942 424 ut

147 445 212 480 stylo
239 445 321 479 serv-eo
344 445 369 471 in
390 452 472 479 unque
493 444 662 471 adamantino
685 444 793 480 (Jerem.
819 452 883 476 xvn,
902 444 939 479 1),

147 491 217 526 quod
232 488 288 518 sive
301 491 332 517 ad
349 490 453 522 Judam,
470 489 527 517 sive
538 490 571 517 ad
593 490 700 517 Judaeos
714 498 766 517 non
793 491 940 525 incongrue

146 537 281 568 convenit,
308 537 351 570 qui
368 538 407 563 sic
423 540 601 570 peccaverunt
622 536 648 563 in
672 536 820 569 Christum,
843 541 939 564 utnon

146 583 179 610 sit
204 587 340 617 peccatum
363 590 456 610 eorum
481 587 630 610 atramento
649 583 840 617 conscriptum,
868 582 938 617 quod

147 628 230 655 deleri
248 629 356 655 forsitan
372 633 470 663 potest,
486 629 535 656 sed
549 629 618 664 stylo
632 629 720 656 terreo
734 629 760 656 in
774 636 861 664 ungue
876 629 940 655 ada-

146 674 264 701 mantino
275 679 423 707 exaratum,
436 674 462 702 id
478 679 528 708 est,
540 675 610 710 quod
624 674 708 702 deleri
720 683 771 702 non
787 675 870 709 possit
884 682 939 709 prae

144 721 239 749 duritia
255 722 342 749 cordis
358 730 461 755 eorum,
486 722 536 749 nisi
550 722 725 750 crediderint.

421 768 534 797 CAPUT
556 768 638 796 xxii.

361 816 382 842 A
394 816 527 851 semetipso
540 816 650 842 traditus
661 820 709 842 est.

182 861 206 888 i.
221 861 297 893 Nam,
313 861 373 896 quia
389 866 415 888 et
430 862 488 895 ipse
500 866 594 896 sponte
609 869 657 895 pro
670 861 747 888 nobis
762 860 935 894 semetipsum

685 155 714 182 S.
735 153 859 182 tstootu
879 152 1102 183 mst‘ALENSts
1123 151 1276 184 Episcopi

151 226 218 246 nent.
243 217 275 244 Et
291 216 385 243 iterum
398 222 404 240 :
420 213 459 239 Tu
473 219 530 239 vero
542 212 616 239 homo
632 211 774 244 unanimis,
795 211 849 238 dux
861 219 941 244 meus,
959 210 986 241 A
997 212 1052 239 tum
1064 221 1152 240 corant
1165 218 1189 241 te
1211 214 1261 248 [eci
1272 233 1280 246 ,
1301 217 1328 240 ut
1342 213 1495 248 justificeris
1509 214 1537 241 in
1551 213 1709 243 eermonstu
1723 215 1786 250 tuis.

995 262 1019 285 et
1030 259 1127 291 vincas,
1143 267 1200 286 cum
1212 259 1338 294 judicaris
1362 258 1448 295 (Psat.
1463 267 1491 292 ι,
1513 258 1558 296 6).
1580 259 1696 288 Veniens
1714 260 1786 293 enin

995 303 1116 332 Christus
1132 305 1157 332 in
1171 312 1296 340 corpore,
1314 310 1439 340 tanquam
1454 312 1530 332 reum
1553 313 1583 332 se
1597 306 1745 341 constituit,
1759 310 1789 336 et

993 347 1076 382 iudex
1090 350 1228 378 hominum
1251 350 1405 378 hominibus
1420 351 1594 386 judicandum
1616 359 1646 379 se
1661 351 1784 387 praebuit.

994 395 1087 429 sicque
1110 396 1193 430 mitis,
1218 401 1244 424 et
1267 397 1380 431 patiens,
1396 397 1458 425 dum
1482 397 1617 433 judicatus
1641 403 1692 432 est,
1709 396 1801 433 vicit.‘
1822 422 1832 438 n.

994 441 1055 476 quia
1069 441 1135 469 nihii
1149 443 1175 470 in
1190 450 1223 470 eo
1238 443 1359 478 dignum,
1384 444 1456 478 quod
1479 443 1654 479 Judicaretur,
1671 444 1786 479 populus
1819 437 1832 479 ’ἰ

994 493 1150 522 persecutor
1171 489 1282 516 invenit.
1820 491 1832 523 2

1028 534 1056 561 2.
1071 533 1147 562 Unde
1158 539 1186 562 et
1200 536 1339 569 propheta,
1351 535 1494 564 adventum
1502 536 1595 571 judicii
1607 537 1666 571 eius
1678 544 1783 564 annun·
1820 532 1828 540 ⁶

992 581 1072 614 tians,
1090 582 1130 609 sic
1143 582 1321 610 comminatur
1336 588 1427 610 contra
1443 583 1567 610 eumdem
1584 583 1727 617 populum.
1742 582 1784 610 di·
1800 608 1802 613 .

991 635 1075 656 cens:
1092 628 1185 655 Audite
1196 637 1254 664 quoe
1276 629 1402 656 Dominus
1423 630 1477 664 39
1501 629 1612 662 toquitur
1624 637 1633 656 :
1647 629 1742 664 Surqe,
1759 631 1784 656 et

991 675 1115 702 contende
1136 676 1236 711 judicio
1258 677 1379 703 adversus
1397 681 1503 710 montes,
1526 681 1549 703 et
1571 677 1680 703 audiant
1703 675 1782 703 colles
1819 676 1832 723 Ι

991 729 1076 748 vocem
1089 728 1166 748 tuam.
1188 723 1300 749 Audiam
1316 728 1413 749 montes
1423 723 1553 757 judicium
1567 722 1681 755 Domini,
1693 726 1716 748 et
1730 723 1784 757 [or-
1820 726 1832 738 ¹·

992 770 1028 795 tia
1041 769 1208 803 fundamenta
1223 774 1297 796 terrce
1318 765 1475 804 (Michsw,
1494 770 1505 795 1
1522 777 1576 805 seq.
1588 769 1608 804 ).
1624 769 1690 802 Quia
1713 768 1783 803 jndi-

991 815 1062 842 cium
1078 815 1182 842 Domini
1196 823 1255 842 cum
1272 815 1368 850 populo
1383 823 1442 847 suo,
1458 818 1486 842 et
1505 822 1564 841 cum
1588 814 1668 841 lsrael
1684 813 1782 848 dijudi-
1827 815 1832 817 “

991 861 1104 893 cabitur,
1119 861 1211 888 dicens
1227 871 1232 887 z
1253 861 1352 895 Popule
1366 870 1447 893 meus,
1464 861 1524 895 quid
1541 861 1589 894 [eci
1604 861 1707 887 tibi?et
1718 858 1782 896 quid
1820 860 1832 893 ’ξ

143 906 260 938 tradidit,
274 907 328 942 38
341 907 420 934 isaias
431 907 495 933 dicit
508 916 514 933 :
532 906 637 933 Oblatas
651 912 697 939 est,
710 907 770 942 quia
781 908 835 941 ipse
845 907 935 934 votuit.
953 902 978 932 B
991 906 1111 933 molestus
1125 907 1183 941 fui?
1198 907 1323 940 responde
1337 907 1410 939 mihi,
1427 907 1489 941 quia
1514 907 1593 933 eduxi
1615 911 1639 932 te
1660 907 1690 933 de
1714 911 1782 932 terra

143 952 175 979 Et
201 953 267 979 inira
285 962 292 979 z
310 952 362 979 Pro
387 961 415 979 eo
429 953 499 988 quod
527 954 633 980 tradidit
653 953 679 980 in
694 958 812 979 mortem·
824 961 937 979 ammam

143 1007 228 1033 suam,
244 999 337 1026 videbit
353 1008 435 1027 semen
447 1000 601 1035 lonyoevum,
617 1005 639 1027 et
660 999 776 1027 voluntas
792 999 896 1026 Domini
911 1000 938 1025 in

143 1053 221 1071 manu
237 1046 292 1080 ejus
308 1046 432 1080 diriqetur
447 1045 523 1081 (lsai.
540 1053 595 1079 ιιιι,
621 1045 660 1079 7).
677 1045 711 1072 Et
729 1045 786 1079 ipse
802 1053 849 1079 per
863 1045 937 1072 Jere-

144 1092 223 1117 miam
238 1091 391 1125 prophetam
405 1091 443 1118 sic
457 1091 573 1126 loquitur
587 1100 592 1117 :
610 1090 711 1124 Reliqui
726 1090 830 1116 domum
843 1097 936 1121 meam,

143 1138 228 1165 dimisi
249 1138 422 1165 ltoeretiitatem
447 1147 539 1170 meam,
564 1138 660 1164 tradidi
678 1138 799 1164 dilectam
824 1137 938 1163 animam

143 1193 225 1211 meam
248 1185 274 1211 in
290 1193 381 1211 manus
409 1193 568 1211 mimtcorum
594 1186 651 1220 ejus
676 1183 783 1219 (Jerem.
811 1191 860 1215 xit,
893 1183 935 1217 7),

143 1229 194 1256 hoc
209 1235 259 1262 est,
273 1230 298 1257 in
311 1238 404 1258 iuanus
419 1229 583 1262 ludaeorum,
598 1230 642 1265 qui
657 1237 718 1257 eum
733 1229 935 1257 interfecerunt.

420 1287 533 1314 CAPUT
552 1287 657 1314 xxm·

399 1322 602 1356 Comprehensos
614 1328 660 1350 est.

181 1369 206 1396 1.
222 1370 288 1403 Quia
300 1370 569 1404 comprehendendus
581 1375 651 1402 erat,
663 1370 793 1398 Ieremias
806 1371 935 1406 propheta

142 1414 221 1450 louge
236 1421 296 1443 ante
307 1407 346 1442 ‘ita
371 1415 493 1450 praedixit
506 1424 512 1442 :
527 1416 640 1451 Spiritus
655 1416 707 1442 oris
722 1418 802 1443 nostri
818 1417 935 1444 Christus

145 1461 270 1488 Dominus
285 1465 375 1496 captus
386 1463 462 1488 estin
475 1462 584 1497 peccatis
598 1462 691 1488 nostris
705 1462 811 1497 (Taren.
824 1470 859 1494 ιν,
875 1462 933 1496 20).

145 1508 203 1540 Quo
219 1508 342 1535 vaticinio
358 1508 551 1535 demonstravit
572 1512 664 1542 aperte
682 1512 709 1535 et
724 1507 859 1535 Christum
882 1507 934 1535 Do-

144 1555 244 1581 minum
260 1561 329 1584 esse.
346 1559 372 1581 et
388 1554 513 1580 traditum
529 1561 577 1588 pro
590 1554 706 1588 peccatis
729 1554 827 1580 uostris
840 1554 932 1582 tuisse.

992 954 1113 990 AEyypti,
1129 960 1152 981 et
1164 955 1194 981 de
1204 955 1279 981 domo
1290 955 1449 981 servientium
1461 954 1565 981 liberam·
1577 960 1609 987 te,
1621 959 1645 981 et
1656 955 1714 981 misi
1724 959 1782 982 aute

991 1000 1081 1036 {aciem
1106 1004 1175 1026 tuam
1189 999 1305 1035 Moysen,
1321 1004 1344 1026 et
1358 1000 1455 1032 Aaron,
1468 1004 1491 1027 et
1515 999 1651 1026 Mariam?
1665 1000 1714 1027 Uhi
1738 1007 1781 1027 os-

991 1047 1076 1074 tendit
1091 1047 1221 1073 beneficia
1242 1047 1346 1073 Domini
1364 1047 1482 1080 praestita
1506 1054 1533 1073 tn
1548 1047 1673 1080 popuium
1689 1053 1779 1079 suum,
1827 1066 1830 1070 .

989 1096 1018 1119 et
1031 1096 1123 1118 contra
1140 1092 1197 1119 haze
1221 1091 1348 1118 adversus
1363 1099 1422 1119 eum
1445 1092 1514 1119 maia
1529 1099 1634 1120 eorttm.
1662 1092 1695 1119 Et
1717 1092 1780 1127 quid

989 1139 1063 1173 juxta
1082 1139 1138 1165 haec
1154 1138 1241 1165 eidem
1257 1138 1356 1173 populo
1371 1142 1511 1165 venturum
1536 1139 1580 1170 sit,
1597 1138 1692 1165 deinde
1717 1138 1780 1165 sub-

988 1186 1074 1220 jungit
1091 1194 1098 1214 τ
1115 1185 1216 1217 Audite,
1233 1185 1323 1217 tribus,
1347 1185 1404 1218 quis
1424 1184 1572 1220 approbabit
1594 1184 1682 1211 iilud?
1696 1183 1780 1210 adbuc

989 1233 1056 1268 ionis
1071 1233 1097 1260 in
1114 1233 1189 1259 domo
1209 1232 1294 1266 impii,
1313 1232 1425 1258 thesauri
1441 1231 1590 1266 iniquitatis.

1270 1288 1381 1317 CAPUT
1410 1288 1491 1316 XXV.

1110 1333 1138 1354 >-
1161 1326 1193 1352 1η
1208 1326 1325 1359 passione
1338 1334 1354 1351 α
1368 1325 1501 1355 discipulis
1516 1324 1650 1351 deseritur.

1026 1371 1052 1400 1.
1067 1372 1134 1405 Quia
1151 1372 1175 1398 iu
1192 1372 1317 1406 passione
1337 1379 1383 1397 sua
1400 1378 1413 1396 a
1428 1370 1484 1397 suis
1503 1370 1640 1404 discipulis
1655 1369 1779 1396 desolan-

989 1419 1039 1446 dus
1055 1423 1135 1450 esset,
1154 1426 1201 1452 per
1222 1417 1302 1444 David
1319 1416 1476 1451 prophetam
1501 1416 1571 1442 idem
1589 1416 1715 1442 Dominus
1736 1415 1776 1442 io-

989 1466 1079 1500 quitur
1093 1473 1100 1491 2
1118 1464 1211 1490 Omnes
1226 1464 1302 1490 amici
1325 1463 1373 1489 mei
1388 1462 1459 1488 obliti
1473 1465 1530 1488 sunt
1545 1469 1595 1495 me,
1611 1461 1686 1496 longe
1697 1461 1777 1495 fecisti
1829 1466 1832 1467 ’

989 1516 1061 1537 notos
1085 1518 1153 1536 meos
1173 1518 1188 1535 a
1208 1517 1246 1535 me
1262 1507 1348 1541 (Psal.
1368 1515 1485 1539 Lxxxvn,
1500 1508 1539 1542 9).
1557 1507 1589 1533 Et
1611 1506 1754 1533 Zacharias
1767 1511 1777 1531 ι

989 1555 1099 1582 Percute
1109 1561 1246 1590 pastorem,
1260 1559 1283 1580 et
1295 1554 1470 1589 disperyeutur
1485 1561 1541 1579 oves
1559 1552 1651 1583 (Zach.
1669 1559 1725 1583 xnt,
1743 1551 1776 1585 '13

177 1599 204 1626 2.
229 1599 292 1625 item
308 1599 451 1633 Sapientiae
476 1599 543 1626 iiber
568 1599 632 1626 dicit
646 1608 651 1624 z
676 1598 802 1626 Dixerunt
822 1601 887 1626 inter
907 1608 933 1626 se
947 1591 971 1623 C
988 1601 1083 1629 Matth.
1101 1608 1173 1635 xxvi,
1189 1599 1247 1635 51).
1263 1600 1338 1627 Tunc
1349 1598 1474 1634 discipuii
1489 1599 1673 1634 confugerunt.

141 1645 213 1679 impii
223 1653 231 1671 :
241 1644 489 1679 Compreleenttamus
500 1643 602 1671 lustum
612 1666 618 1678 ,
629 1645 689 1679 quia
698 1645 796 1671 inutilis
804 1650 840 1671 est
849 1645 931 1676 uobis,

141 1695 166 1717 et
190 1691 333 1717 contrarius
347 1695 382 1717 est
397 1690 515 1726 operibus
530 1691 623 1717 nostris
635 1698 644 1717 :
658 1691 784 1726 promittit
800 1691 934 1718 scientiam

140 1737 188 1764 Dei
212 1746 237 1765 se
259 1738 360 1770 habere,
382 1742 404 1765 el
418 1737 517 1764 Filium
531 1737 580 1764 Dei
598 1746 624 1764 se
644 1738 769 1764 nominat.
787 1738 819 1764 Et
840 1737 906 1764 infra
923 1745 931 1764 ε

141 1784 171 1811 Si
181 1789 217 1810 est
228 1793 299 1810 verus
312 1783 395 1811 Filius
408 1783 464 1817 Dei,
483 1783 601 1818 suscipiet
612 1783 696 1816 illum,
709 1788 732 1809 et
745 1783 860 1810 liberabit
875 1791 932 1810 eum

130 1829 170 1854 ·de
193 1837 268 1855 »itanu
292 1830 477 1856 contrariorum
493 1829 570 1864 (Sap.
587 1837 616 1861 ιι,
636 1830 678 1861 1Ξ,
704 1829 764 1864 18).
789 1828 822 1855 Et
837 1828 906 1856 infra
923 1837 930 1856 ε

140 1872 173 1900 Ut
188 1875 298 1901 sciamus
319 1874 484 1901 reverentiam
500 1874 580 1906 iltius,
599 1879 622 1900 et
633 1874 769 1909 probemus
780 1874 931 1909 patientiam

138 1921 209 1955 ejus,
230 1926 309 1948 morte
334 1922 482 1957 turpissima
504 1922 700 1948 condemnemus
720 1930 799 1955 eum‚·
823 1922 848 1949 id
871 1926 930 1956 est,

137 1966 262 1995 affixione
283 1969 369 1995 crucis

405 2015 517 2043 CAPUT
537 2015 632 2044 XXIV.

426 2062 562 2089 ludicatur
573 2067 619 2089 est.

171 2106 196 2132 1.
215 2106 281 2139 Quia
294 2106 454 2141 judicandus
467 2114 535 2140 erat,
559 2110 657 2136 clamat
673 2108 756 2136 David
772 2109 821 2136 suh
846 2109 930 2144 figura

137 2151 226 2185 popuii
243 2155 376 2186 peccantis
399 2154 426 2180 in
441 2153 526 2180 Deum
540 2162 546 2180 z
565 2154 621 2180 Tibi
634 2155 684 2181 soli
699 2155 813 2189 peccaui,
831 2159 854 2181 et
875 2162 931 2181 ma—

173 2220 237 2247 Cu’.
263 2229 316 2248 xxi.
337 2222 399 2257 (col.
415 2223 539 2257 proeced.)
556 2223 587 2249 N.
605 2223 632 2249 2.
650 2224 706 2256 ΑΙ.,
734 2224 858 2250 traditore
882 2230 929 2258 pro

137 2257 276 2291 proditore.
295 2258 325 2283 Et
340 2262 423 2291 posset
439 2266 486 2290 pro
502 2263 593 2291 potest.
606 2258 674 2284 Mna.

171 2291 236 2318 CAP.
265 2300 322 2319 xxn
343 2292 374 2319 N.
393 2293 419 2319 1.
434 2293 489 2325 At..
507 2298 586 2319 morte
601 2300 649 2327 pro
663 2298 780 2320 mortem.
804 2294 835 2320 Et
852 2301 929 2320 manu
945 2288 972 2318 D
985 2301 1052 2319 meas
1069 2292 1102 2318 ad
1117 2293 1226 2325 palmas.
1240 2291 1289 2323 Qui
1306 2291 1378 2316 iocus
1393 2297 1426 2316 ex
1444 2289 1516 2315 isaiae
1530 2297 1555 2320 ι,
1573 2289 1599 2320 6,
1615 2289 1772 2320 desumptus

136 2334 184 2362 pro
197 2335 298 2354 manus.
314 2327 384 2355 Min.

137 2397 162 2425 Μ
172 2361 237 2390 (λιν.
254 2370 325 2390 xxiv.
349 2363 380 2390 N.
408 2363 436 2391 2.
461 2365 516 2398 Al..
531 2364 657 2391 servitutis
682 2371 729 2398 pro
755 2364 928 2391 seruientium.

166 2406 208 2425 Αιι.

172 2434 235 2460 Car.
246 2436 323 2475 lxxv.
339 2434 371 2461 N.
388 2435 414 2462 1.
442 2434 474 2462 1η
489 2436 607 2469 passione
626 2443 642 2461 a
656 2434 800 2469 discipulis.
813 2433 870 2460 noc
883 2441 928 2460 ca-

137 2473 183 2500 put
197 2469 233 2497 ⁶25
246 2477 270 2496 m
286 2469 406 2497 Gothicis
421 2475 522 2497 tantum
536 2476 604 2503 erat,
621 2470 735 2504 ideoque
747 2470 825 2496 oheio
836 2470 928 2504 signa-

137 2507 192 2530 tum
209 2509 261 2535 est.
276 2506 340 2532 etin
357 2507 501 2540 postremis
517 2506 607 2533 verhis
633 2505 738 2532 videtur
762 2504 903 2539 tegendum
920 2512 927 2530 ε

137 2538 209 2565 Tunc
221 2541 287 2567 enim
300 2540 420 2576 discipuli
433 2541 612 2576 consuqerunt.
627 2541 699 2568 ΜΑΙι.

171 2574 236 2602 Car.
254 2583 327 2604 xxw.
345 2575 375 2603 N.
392 2577 419 2604 1.
436 2577 477 2604 ΑΙ,
490 2598 497 2609 ,
513 2578 595 2603 aversi
609 2584 657 2611 pro
673 2575 778 2603 reversi.
793 2574 863 2602 Mn.

171 2609 200 2637 Ξ.
216 2610 296 2638 Testis
318 2611 401 2646 salsus
423 2619 473 2639 non
487 2613 535 2639 erit
566 2612 720 2647 impunitus,
743 2618 791 2646 pro
814 2617 843 2636 eo
857 2610 928 2645 quod

137 2646 248 2672 uendidit
263 2651 370 2683 argento
379 2647 491 2682 justum.
517 2647 602 2681 Hujus
618 2646 764 2674 testimonii
780 2646 854 2679 prior
865 2652 926 2679 pan

136 2686 240 2714 sumpta
250 2685 292 2708 est
302 2690 333 2709 ex
350 2682 480 2710 Proverh.
491 2690 549 2715 xix.
562 2682 588 2709 5.
603 2682 740 2709 Posterior
753 2688 786 2708 ex
799 2682 882 2707 Amos
895 2687 926 2713 ιι,

136 2714 162 2742 6.
180 2715 324 2751 Utramque
338 2717 455 2744 isidorus
467 2718 541 2745 isaiae
556 2718 658 2749 tritum,
673 2716 725 2743 nisi
739 2723 834 2743 omnes
847 2714 926 2742 Codi—

135 2757 181 2777 ces
194 2756 257 2778 sunt
272 2753 370 2784 vitiati,
381 2753 452 2788 quod
469 2760 521 2780 nou
535 2752 653 2784 videtur,
669 2759 731 2779 cum
746 2758 806 2785 cap.
821 2749 856 2776 20
875 2757 928 2777 ea·-

135 2785 196 2812 dem
210 2787 289 2814 verba
301 2788 395 2814 eodem
407 2788 482 2815 isaia·
491 2789 600 2815 nomine
613 2787 775 2815 referantur.
789 2785 927 2813 Ubiotinm

134 2820 217 2847 verba
233 2821 276 2848 iiia
290 2830 297 2848 ι
310 2822 340 2850 Si
354 2823 516 2850 invaluerunt
529 2831 607 2858 super
620 2830 661 2849 me
670 2823 745 2853 uerba
759 2825 852 2851 restra,
864 2819 927 2846 dicit

131 2852 271 2889 Dominus,
279 2862 344 2892 etc„
351 2865 411 2893 qua
421 2863 482 2886 sunt
491 2866 528 2886 *ex
538 2858 724 2891 Malachiam,
733 2856 778 2889 15,
789 2855 927 2896 zachariae

135 2890 244 2918 nomino
267 2898 316 2927 per
338 2899 458 2921 errorem
481 2893 659 2921 adducuntur.
683 2892 768 2920 simin
791 2896 927 2919 nummorum

638 2967 663 2977 «τ

1272 1655 1385 1683 CAPUT
1405 1654 1499 1682 xxvi.

1159 1692 1182 1719 A
1209 1692 1281 1727 salsis
1295 1692 1396 1718 testibus
1411 1696 1545 1717 accusatus
1558 1694 1604 1717 est.

1022 1738 1048 1766 1.
1063 1738 1129 1772 Quia
1145 1745 1160 1764 a
1176 1737 1250 1764 salsis
1263 1736 1374 1763 testibus
1387 1735 1554 1762 accusandus
1568 1738 1636 1766 erat,
1650 1741 1697 1769 per
1707 1733 1776 1761 osee

986 1786 1143 1821 prophetam
1159 1783 1228 1810 idem
1244 1782 1372 1809 Dominus
1387 1781 1426 1808 sie
1437 1780 1502 1808 dicit
1519 1788 1526 1807 :
1545 1779 1601 1813 vie,
1615 1780 1710 1814 inquit,
1727 1780 1774 1813 eis,

984 1832 1105 1867 quoniam
1120 1834 1275 1857 recesserunt
1286 1837 1302 1855 a
1317 1836 1366 1861 me,
1381 1828 1557 1860 vastabuntur,
1578 1827 1636 1862 quia
1657 1827 1776 1861 pravari-

985 1879 1035 1904 cati
1048 1881 1106 1903 sunt
1121 1877 1148 1903 in
1168 1884 1217 1903 me.
1244 1874 1301 1909 qu
1320 1874 1415 1901 redemi
1430 1882 1485 1906 eos,
1508 1878 1532 1900 et
1558 1873 1606 1908 ipsi
1618 1872 1696 1899 locuti
1715 1875 1776 1899 sunt

984 1928 1072 1950 contra
1087 1930 1126 1948 me
1147 1922 1297 1956 mendacia;
1312 1925 1334 1947 et
1350 1928 1396 1955 eqo
1417 1919 1514 1947 erudivi
1528 1924 1580 1952 eos,
1596 1922 1620 1945 et
1634 1917 1775 1953 confortavi

983 1968 1089 1995 brachia
1103 1975 1206 2001 eorum,
1218 1972 1241 1993 et
1256 1967 1305 2001 ipsi
1316 1966 1341 1992 in
1357 1974 1396 1992 me
1407 1969 1579 2000 copulaverunt
1590 1964 1724 1995 malitiam,
1734 1971 1775 1990 re-

983 2015 1047 2041 versi
1061 2019 1130 2045 sunt,
1143 2018 1168 2040 ut
1183 2017 1264 2039 essent
1276 2011 1369 2046 absque
1380 2011 1531 2047 ju90,·sacti
1545 2015 1603 2037 sunt
1613 2009 1686 2045 quasi
1698 2017 1774 2036 arcus

984 2059 1089 2086 dolosus
1101 2058 1175 2093 (use,
1191 2066 1237 2091 vu,
1254 2057 1310 2092 ¹5).

1018 2105 1045 2132 2.
1067 2106 1100 2132 Et
1121 2103 1266 2131 Zacharias
1289 2112 1294 2129 z
1313 2102 1343 2130 Si
1367 2102 1528 2129 invaluerunt
1548 2109 1624 2135 super
1646 2109 1685 2127 me
1700 2100 1773 2127 verba

982 2157 1083 2186 vestra,
1099 2152 1160 2178 dicit
1187 2150 1241 2186 40
1258 2149 1391 2179 Dominus.
1408 2153 1433 2175 et
1447 2147 1550 2175 dixistis
1571 2154 1582 2174 .·
1607 2147 1676 2179 Quid
1695 2145 1774 2173 locuti
1821 2148 1832 2182 ζ

982 2222 1058 2256 lapsu
1073 2230 1132 2255 cap.
1148 2222 1184 2248 29
1200 2221 1278 2254 hujus
1292 2220 1351 2247 libri
1364 2223 1490 2254 tanquam
1509 2219 1632 2246 Jeremiae
1647 2223 1709 2245 citat
1725 2215 1770 2245 illa

984 2258 1063 2284 veiha
1079 2266 1085 2283 :
1109 2256 1190 2283 Posui
1213 2257 1331 2289 scapulas
1347 2263 1414 2281 meus
1428 2255 1461 2280 ad
1484 2254 1599 2288 flaqella,
1614 2258 1637 2280 et
1654 2253 1773 2280 maxillas

986 2332 1037 2354 est.
1053 2327 1119 2354 Nam
1135 2327 1177 2353 uhi
1194 2327 1220 2353 in
1234 2325 1344 2358 Vulgata
1360 2324 1470 2357 legimus
1484 2332 1490 2350 :
1505 2323 1603 2356 Corpus
1616 2330 1700 2349 meum
1711 2322 1772 2348 dedi
1797 2337 1803 2367 4

986 2361 1195 2394 percutientibus.
1210 2366 1234 2387 et
1255 2368 1333 2395 qeuas
1356 2366 1424 2385 naeus
1445 2357 1602 2390 vellentibus,
1618 2366 1676 2392 quae
1690 2356 1770 2384 verba

982 2398 1037 2431 jam
1052 2397 1168 2423 isidorus
1181 2396 1320 2426 citaverat.
1336 2393 1508 2428 Septuaginta
1523 2393 1653 2430 legebant⁴
1669 2403 1676 2418 ;
1701 2392 1770 2418 Dor·
1797 2369 1804 2429 '

984 2440 1041 2458 sum
1054 2439 1137 2458 meum
1150 2430 1211 2457 dedi
1225 2430 1258 2456 ad
1271 2429 1385 2463 flaqella,
1396 2433 1420 2454 et
1435 2435 1513 2462 qenas
1527 2435 1596 2454 meae
1620 2431 1653 2454 ad
1668 2427 1768 2461 atapas.

987 2468 1006 2494 A
1023 2466 1157 2502 cypriano
1168 2472 1234 2492 saue
1250 2472 1279 2496 u,
1292 2468 1384 2491 contra
1400 2463 1518 2495 ludaeos,
1534 2470 1593 2495 cap.
1613 2462 1657 2495 12,
1672 2467 1698 2489 et
1721 2462 1771 2489 La·-

983 2506 1080 2535 ctaot„
1097 2501 1144 2528 lib.
1169 2507 1193 2526 tv
1207 2499 1358 2527 diuinarum
1383 2499 1461 2530 hist..
1487 2505 1547 2532 cap.
1564 2498 1608 2530 18,
1625 2497 1700 2524 isaia
1715 2503 1769 2523 no-

985 2538 1057 2564 mine
1075 2536 1252 2562 adducuntur.
1274 2535 1332 2561 Jam
1353 2534 1425 2568 quod
1449 2533 1536 2566 capite
1559 2533 1589 2560 51
1609 2533 1686 2567 hujus
1710 2531 1770 2559 iibri

982 2571 1100 2599 isidorus
1125 2571 1168 2597 iiia
1184 2570 1263 2596 verba
1286 2578 1293 2596 ε
1319 2569 1408 2603 Spinis
1428 2573 1588 2604 peccatorum
1601 2575 1706 2595 suorum
1720 2567 1771 2602 εἰη,-

981 2606 1111 2634 cumdum
1124 2613 1163 2632 me
1178 2605 1289 2639 populus
1304 2604 1356 2636 hic,
1369 2609 1494 2638 tanquam
1512 2603 1637 2631 ¹ieremias
1650 2601 1775 2634 adducit,-

982 2649 1074 2669 eormn
1091 2641 1230 2675 vestigium
1248 2639 1342 2667 nuiiihi
1359 2640 1433 2673 potui
1445 2639 1579 2671 invenire,
1594 2637 1768 2673 quorundum:-

981 2677 1045 2704 dum
1058 2676 1128 2711 quod
1143 2684 1157 2702 a
1172 2676 1312 2703 Lactantio
1325 2674 1444 2709 ejusdem
1459 2673 1583 2703 Jeremjoe
1600 2672 1709 2713 nomine
1722 2669 1770 2705 a&

982 2712 1089 2739 ducitur
1101 2713 1135 2738 de
1150 2711 1273 2743 christo,
1290 2710 1336 2738 tib.
1351 2717 1387 2742 tv,
1409 2716 1438 2736 ca
1461 2729 1468 2736 .
1484 2708 1502 2734 8
1517 2716 1525 2735 z
1545 2707 1641 2735 Beatus
1654 2714 1697 2741 qut
1715 2714 1743 2733 er

1480 2743 1545 2770 iliud
1559 2750 1590 2770 ex
1604 2743 1723 2770 Satorum
1739 2743 1746 2772 s

981 2752 1121 2783 antequam
1134 2751 1290 2773 irasceretur.
1304 2746 1336 2772 Et
1349 2752 1409 2786 cap:
1427 2774 1437 2785 ἱ
1458 2765 1465 2775 ,

981 2782 1134 2816 Infirmatus
1155 2786 1193 2809 est
1207 2786 1293 2808 uterus
1315 2781 1432 2816 uirginis,
1456 2783 1480 2806 et
1500 2778 1597 2813 accepit
1612 2774 1739 2819 ⁸sot-teins

981 2822 1088 2852 qrawa
1101 2823 1149 2849 m.
1163 2822 1187 2844 et
1213 2819 1280 2852 facta
1303 2821 1340 2842 eu
1361 2816 1389 2843 in
1409 2815 1490 2843 mauu
1505 2815 1687 2857 nu'uanuumae,v

981 2853 1064 2888 vit-qo,
1077 2853 1123 2881 uhi
1138 2851 1277 2880 iuveniat?
1289 2851 1362 2879 11η.
