1832 3016
147 110 159 136 ¹
164 107 217 136 239

537 103 583 133 Ab
601 104 631 133 S.
652 102 775 133 lSlDORl
794 99 1017 131 utst’ALmsts
1035 101 1149 130 OPERA
1169 100 1394 130 APPEthcEs.

1701 82 1805 132 teto(

147 165 303 197 honestant,
319 161 482 193 photiniani,
493 161 624 193 Montani,
639 165 667 189 et
676 159 832 190 Manichaei.
849 159 937 186 varia-
948 161 976 190 Α
988 159 1138 188 auxitiante
1161 160 1282 193 operari;
1304 160 1406 187 nullum
1429 166 1480 186 nisi
1504 163 1627 187 orantem
1646 160 1776 190 auxilium

147 208 199 236 que
215 199 358 233 impietatis
370 197 502 231 germina.
516 197 559 224 vel
570 201 676 224 caeterae
687 197 800 223 istorum
814 195 952 228 originis„

148 236 204 263 sive
225 234 327 261 ordinis
347 237 435 266 pestes
448 252 456 263 ,
480 239 540 266 quae
553 232 607 258 dito
621 230 750 265 principia
773 230 824 258 sibi
848 230 938 263 ignota

146 268 320 298 introducunt
332 287 340 300 ,
357 272 386 294 ut
412 266 516 294 Cerdon
535 271 563 294 et
577 266 710 298 Marcium
732 266 775 293 vel
791 265 936 298 contraria,

147 311 175 332 ut
189 303 368 335 Manicbaeus;
384 302 425 329 vel
440 302 501 335 tria,
517 306 545 329 et
556 302 679 333 barbara,
696 306 724 328 ut
740 300 893 331 Setliianus.
910 305 938 328 et

147 339 330 370 Tliendosius;
350 338 393 365 vel
407 337 499 369 multa,
513 342 542 364 ut
556 336 728 369 Valentinu·s;
744 336 785 364 vel
800 336 936 363 Christum

146 374 281 401 bominem
297 373 380 400 fuisse
396 373 498 406 absque
513 373 577 406 beo,
604 377 632 399 ut
647 371 801 404 Cerintlius,
820 370 935 403 llebion.

146 411 275 436 Artemon
288 429 296 441 ,
317 414 344 435 et
366 409 506 435 Photinus.
524 408 563 434 Ex
584 408 653 440 istis,
670 408 788 441 inquam,
806 407 828 434 si
844 405 888 440 qui
901 407 936 433 ad

145 452 194 471 nos
208 445 347 476 venerint,
362 451 415 470 non
432 443 621 477 requirendum
635 444 668 470 ab
687 443 725 469 eis
740 447 827 469 utrum
850 441 936 475 bapti-

143 481 195 507 zati
208 480 270 510 sint,
284 487 316 506 an
334 487 402 511 non;
418 479 465 506 sed
481 478 532 505 lioc
547 479 651 505 tandem
664 479 700 505 :si
715 478 826 505 credant
841 477 935 504 Eccle-

144 517 192 542 siae
206 515 295 547 tidem,
311 519 337 541 et
350 514 518 549 baptizentur
531 514 713 540 ecclesiastico
727 514 896 548 baptismate.

316 560 379 587 Cili).
396 559 461 586 Lttt.
476 574 511 579 -—
525 559 565 586 De
582 558 758 586 Euclioristt'a.

180 606 303 638 Quotidie
318 606 492 633 Eueliaristiae
503 606 717 632 communionem
735 606 871 639 percipere
886 613 935 632 nec

145 641 241 674 laudo,
263 649 312 669 nec
327 642 506 674 reprehendo.
529 640 658 667 Omnibus
678 645 765 667 tamen
789 640 935 668 Dominicis

144 677 239 703 diebus
253 677 502 704 communicandum
518 676 630 709 suadeo,
647 679 674 702 et
688 675 791 707 liortor,
807 676 829 702 si
847 680 935 703 tamen

145 719 220 739 niens
231 713 290 739 sine
301 712 398 738 affectu
412 711 538 745 peccandi
549 711 594 737 sit.
609 711 675 737 Nam
691 710 832 737 nabentem
848 711 935 738 adbuc

144 748 306 774 voluntatem
322 747 460 781 peccandi,
472 746 576 780 gravari
589 746 673 780 magis
683 746 743 772 dico
761 745 935 773 Eucliaristiae

147 783 333 816 perceptione,
348 790 426 816 quam
443 782 589 816 purificari.
611 782 644 807 Et
662 781 722 808 ideo
737 782 859 814 quamvis
875 782 934 815 quis

146 823 253 851 peccato
268 818 432 848 mordeatur,
450 816 575 851 peccandi
597 825 649 844 non
674 817 770 842 babeat
786 816 818 842 de
836 821 934 844 caetero

145 854 320 886 voluntatem,
338 858 364 880 et
379 853 624 879 communicaturus
635 851 781 878 satisfaciat
796 851 930 886 lacrymis,

144 892 171 914 et
184 889 366 920 orationibus,
381 893 408 915 et
422 888 560 914 confidens
573 887 607 913 de
622 886 725 913 Domini
742 887 931 921 miseratione,

144 924 188 957 qui
206 929 312 956 peecata
329 923 378 957 pize
393 922 554 949 confessioni
569 922 670 949 donare
685 921 836 952 consuevit,
853 929 932 949 acce-

146 959 191 984 dat
205 959 239 985 ad
254 958 447 985 Eucliaristiam
472 957 619 991 intrepidus
635 961 661 984 et
675 963 794 984 securus·
817 957 869 983 Sed
883 958 933 984 lioc

145 994 179 1020 de
193 993 239 1021 illo
253 994 312 1020 dico
326 1001 404 1027 quem
425 993 547 1026 capitalia
563 997 590 1019 et
611 993 733 1018 mortalia
748 996 855 1025 peecata
880 1000 933 1019 non

144 1035 268 1062 gravant;
283 1037 343 1055 nam
357 1036 435 1062 quem
447 1028 568 1054 mortalia
579 1027 692 1053 crimina
704 1032 762 1060 post
772 1027 933 1058 baptismum

144 1064 287 1090 commissa
304 1067 438 1097 premunt,
457 1064 549 1089 liortor
565 1063 638 1095 prius
655 1063 757 1095 publica
774 1062 933 1094 poenitentia

147 1099 321 1130 satisfacere,
345 1098 421 1124 etita
445 1098 591 1124 sacerdotis
613 1097 713 1131 judicio
732 1097 934 1124 reconciliatum

146 1134 327 1160 communioni
343 1133 450 1163 sociari.
466 1132 489 1159 si
501 1133 557 1159 vult
571 1140 623 1159 non
638 1133 671 1159 ad
684 1132 812 1166 judicium
828 1137 855 1159 et
870 1140 935 1160 eon-

144 1169 342 1196 deninationem
370 1169 412 1195 sui
433 1167 629 1195 Eucharistiam
658 1169 806 1202 percipere.
830 1168 882 1195 Sed
907 1172 936 1196 et

144 1209 248 1231 secreta
266 1204 450 1231 satisfactione
467 1204 535 1230 solvi
550 1203 672 1230 mortalia
696 1203 807 1230 crimina
821 1211 874 1230 non
888 1211 935 1231 ne·

144 1247 258 1274 gamus;
285 1239 333 1266 sed
359 1244 461 1266 mutato
477 1239 551 1273 prius
570 1239 690 1266 saecutari
707 1238 814 1270 babitu,
827 1243 853 1265 ct
868 1246 935 1265 con-

146 1276 217 1301 fesso
228 1274 364 1309 religionis
376 1274 465 1301 studio
476 1281 523 1308 per
534 1275 596 1300 vitae
609 1274 815 1306 correctionem,
829 1279 855 1300 et
866 1274 933 1308 iugi,

146 1311 200 1337 imo
216 1315 344 1344 perpetuo
360 1311 443 1342 luctu,
459 1310 604 1336 miserante
618 1309 684 1342 Deo,
701 1310 736 1336 ita
752 1309 892 1342 duntaxat,
907 1314 937 1336 ut

145 1346 279 1372 contraria
295 1353 342 1378 pro
354 1346 386 1372 iis
401 1353 460 1379 quae
477 1345 588 1378 poenitet
602 1349 682 1379 agat,
698 1348 724 1372 et
740 1344 936 1372 Eucliaristiam

144 1380 224 1415 332
237 1380 362 1407 omnibus
378 1380 523 1406 Dominicis
536 1380 630 1406 diebus
642 1380 759 1415 supplex
773 1383 801 1406 ct
821 1380 936 1407 submis-

144 1422 190 1442 sus
206 1422 290 1449 usque
304 1415 337 1442 ad
354 1420 468 1442 mortem
483 1415 622 1449 percipiat.

327 1460 391 1488 Car.
408 1460 474 1487 LlV.
488 1475 523 1479 —
538 1460 576 1487 De
598 1461 755 1495 poenitentia.

990 196 1151 227 promeret-st
1177 195 1278 222 nullum
1294 196 1342 222 Dei
1356 195 1492 222 voluntate
1508 195 1614 228 perire,
1639 194 1687 222 sed
1713 203 1776 229 per-

989 229 1082 264 missu,
1098 238 1146 265 pro
1156 230 1289 257 electione
1299 231 1413 262 arbitrii,
1425 237 1458 257 ne
1471 229 1622 265 ingenuitas
1634 231 1776 264 potcstatis

988 264 1242 328 {Zssffiae’ffffibus
1256 265 1389 293 attributae
1413 265 1446 292 ad
1461 265 1585 292 servilem
1601 269 1711 300 cogatur
1729 273 1777 294 ne-

1062 345 1126 373 cir.
1141 346 1220 374 Lvtt.
1235 361 1271 367 —
1286 347 1360 380 Quod
1374 347 1470 374 melum
1484 355 1535 373 non
1557 347 1590 373 sit
1602 355 1618 373 α
1633 346 1699 374 Deo.

1023 391 1119 418 Malum
1140 392 1181 420 vel
1204 393 1303 420 malitia
1328 401 1381 420 non
1401 397 1442 420 est
1462 401 1476 420 a
1503 393 1559 419 Deo
1577 382 1778 424 creata.⁴sed¹

987 426 1097 454 diabolo
1108 428 1224 460 inventa,
1237 429 1280 462 qni
1293 433 1320 455 et
1334 428 1391 461 ipse
1406 428 1492 455 bonus
1502 436 1516 454 a
1535 428 1589 454 Deo
1604 433 1710 455 creatus
1724 430 1778 457 est.

988 462 1040 489 Sed
1054 462 1115 496 quia
1130 463 1215 490 libero
1228 463 1350 495 arbitrio,
1367 467 1459 496 utpote
1476 463 1614 490 rationalis
1634 468 1755 489 ereatura
1767 483 1776 496 ,

987 504 1002 523 a
1018 497 1073 524 Deo
1088 498 1247 524 commissus
1262 503 1313 528 est,
1331 502 1358 524 et
1372 498 1503 531 cogitandi
1518 503 1657 532 acceperat
1669 498 1779 525 faculta-

988 537 1056 563 tem,
1072 533 1213 559 seientiam
1227 533 1288 559 boni
1304 534 1381 559 vertit
1392 533 1424 559 ad
1444 534 1553 565 malum,
1569 539 1595 560 et
1609 533 1690 560 multa
1706 534 1780 567 cogi·

989 567 1069 594 tando
1085 567 1170 594 factus
1192 572 1232 594 est
1249 568 1372 594 inventor
1383 568 1466 599 mali;
1482 572 1509 594 et
1520 569 1590 601 quod
1606 569 1632 595 in
1647 576 1676 595 se
1689 569 1779 603 perdt—

987 602 1061 629 derat
1077 602 1171 629 invidit
1186 603 1213 629 in
1238 603 1312 634 aliis;
1338 610 1387 629 nec
1411 607 1552 630 contentus
1575 604 1648 630 solus
1672 604 1779 637 perire.

987 639 1071 664 suasit
1087 637 1148 664 aliis
1164 643 1191 664 ut
1206 638 1250 671 qni
1265 643 1339 665 esset
1363 645 1419 664 suat
1433 637 1540 664 matitia}
1557 638 1679 665 inventor
1701 638 1781 665 fieret

987 677 1014 699 et
1033 673 1146 699 alioruin
1169 678 1273 704 auctor,
1289 677 1362 700 etex
1378 681 1410 699 eo
1423 674 1521 699 malum
1536 673 1578 700 vel
1595 673 1694 700 malitia
1719 681 1779 707 pet·-

988 708 1071 734 cnrrit
1085 708 1111 734 in
1129 714 1241 735 caeteras
1253 707 1397 734 rationales
1410 714 1558 735 creaturas.

1022 752 1086 779 cin».
1102 752 1192 779 LVlll.
1214 767 1248 772 —-
1260 752 1335 779 Nihil
1349 761 1400 779 non
1414 752 1533 779 mutabile
1544 757 1635 787 praetei·
1651 751 1744 780 Deum.

1027 798 1103 825 Unde
1119 799 1309 832 cognoscimus
1325 798 1389 825 nibil
1405 806 1465 825 esse
1486 804 1576 825 natura
1605 798 1778 831 immutabile,

950 836 974 866 Β
988 834 1038 860 nisi
1064 833 1149 860 solum
1167 834 1263 865 Deum,
1280 833 1385 860 Patrem
1397 853 1404 864 ,
1430 839 1456 859 et
1471 834 1566 860 Filium
1580 854 1587 865 ,
1608 839 1636 860 et
1652 833 1780 867 Spiritum

988 874 1121 901 sanctem,
1136 870 1181 902 qui
1199 869 1295 895 mutari
1308 876 1360 895 non
1378 873 1464 901 potest
1483 876 1497 894 ⁴a
1513 869 1593 900 bono,
1611 870 1670 902 quia
1689 873 1780 895 natura

987 904 1104 966 possidet
1130 904 1247 933 bonum.
1271 911 1321 931 nec
1345 908 1432 938 potest
1450 903 1521 930 aliud
1545 904 1606 937 quid
1627 911 1686 931 esse
1701 911 1780 937 quam

1006 947 1097 966 onum.

1121 986 1186 1013 Car.
1200 985 1268 1012 LlX.
1285 1000 1319 1005 -—
1345 985 1479 1012 stabilitas
1491 985 1518 1012 in
1541 986 1650 1020 angelis.

1000 1045 1005 1051 ·
1023 1032 1118 1066 Angeli
1131 1039 1207 1063 vero,
1227 1031 1309 1066 quiin
1326 1032 1371 1058 illa
1383 1039 1434 1065 qua
1446 1033 1528 1059 creati
1543 1036 1605 1058 sunt
1619 1032 1782 1059 beatitudine

988 1071 1179 1101 perseverant.
1207 1075 1260 1093 non
1277 1072 1371 1094 natura
1394 1067 1532 1100 possident
1545 1068 1654 1099 bonum,
1680 1072 1708 1093 ut
1727 1074 1778 1094 non

989 1106 1157 1129 mutarentur
1169 1109 1228 1128 cuni
1242 1102 1358 1132 caeteris.
1373 1103 1419 1129 sed
1431 1102 1533 1129 arbitrii
1547 1102 1627 1137 333
1643 1105 1782 1129 servantes

988 1138 1085 1164 bonam
1104 1138 1286 1168 voluntatem,
1311 1142 1338 1164 ct
1353 1138 1450 1164 bonum
1467 1138 1629 1164 conditionis
1648 1141 1676 1164 et
1703 1137 1782 1165 tidem

989 1180 1038 1199 sno
1055 1173 1177 1199 Domino.
1191 1173 1304 1206 Propter
1317 1173 1388 1206 quod
1401 1177 1427 1198 et
1442 1173 1539 1199 merito
1554 1172 1655 1206 abipso
1669 1172 1782 1199 Domino

988 1208 1073 1235 sancti
1098 1208 1185 1241 angeli
1207 1212 1346 1240 vocantur,
1359 1208 1428 1241 quod
1445 1212 1589 1235 tennerunt
1603 1207 1705 1234 arbitrii
1720 1215 1782 1234 san-

989 1243 1120 1275 ctitatem,
1135 1250 1186 1270 nec
1199 1244 1333 1270 sociorum
1349 1243 1471 1277 exemplo
1482 1243 1657 1270 deviaverunt
1670 1250 1684 1269 a
1698 1242 1780 1270 bono.

1105 1288 1170 1315 CAr.
1196 1288 1254 1316 Lx.
1270 1303 1305 1310 —
1318 1289 1420 1316 Natura
1437 1288 1501 1316 nihil
1515 1293 1550 1316 est
1563 1289 1668 1316 nmium.

1026 1334 1105 1362 Fides
1120 1341 1194 1366 vera,
1211 1343 1269 1369 quie
1290 1340 1331 1362 est
1350 1335 1494 1368 catliolica,
1510 1335 1629 1362 omnium
1645 1340 1783 1362 creatura-

988 1378 1058 1400 rnm.
1083 1370 1139 1396 sive
1164 1370 1341 1403 spiritualium
1355 1390 1363 1402 ,
1379 1371 1435 1396 sive
1457 1370 1656 1403 corporalium,
1681 1371 1779 1397 bonam

989 1406 1130 1432 confitetur
1141 1406 1333 1436 substantiam,
1348 1410 1375 1431 et
1389 1404 1452 1431 mali
1464 1405 1564 1431 nullam
1578 1412 1638 1431 esse
1649 1410 1782 1437 naturam,

988 1441 1050 1473 quia
1062 1439 1132 1466 Deus
1143 1460 1150 1471 ,
1163 1440 1207 1475 qui
1224 1439 1409 1466 universitatis
1432 1444 1472 1466 est
1486 1439 1625 1471 conditor,
1641 1439 1705 1467 nihil
1730 1448 1783 1467 non

991 1476 1092 1502 bonum
1108 1475 1181 1502 fecit.
1206 1475 1281 1502 Unde
1294 1479 1321 1501 et
1335 1474 1458 1500 diabolus
1471 1473 1558 1501 bonus
1569 1478 1655 1507 esset,
1671 1475 1692 1501 si
1709 1475 1736 1501 in
1750 1482 1783 1502 eo

182 1507 342 1535 Poenitentia
355 1514 416 1535 vera
431 1511 471 1533 est
485 1506 639 1540 poenitenda
651 1513 703 1533 non
723 1506 863 1533 admittere
875 1525 883 1538 ,
908 1509 936 1532 et
952 1510 974 1540 C
993 1510 1064 1544 quod
1080 1509 1166 1538 factus
1180 1516 1220 1537 est
1243 1513 1421 1543 permaneret.
1435 1509 1489 1536 Sed
1504 1509 1550 1543 qui
1561 1510 1675 1537 naturali
1689 1511 1783 1537 excel-

147 1542 263 1570 admissa
287 1542 396 1569 deflere.
418 1542 572 1569 satisfactio
588 1542 754 1575 poenitentiae
777 1545 819 1568 est
842 1547 937 1567 causas

149 1582 317 1612 peccatorum
330 1577 464 1610 excidere,
479 1584 530 1604 nec
543 1584 635 1604 earum
645 1576 863 1611 suggestionibus
879 1575 937 1603 adi-

147 1618 201 1641 tum
219 1613 368 1647 indulgere.

252 1658 317 1686 Cat).
334 1657 389 1686 LV.
405 1673 439 1678 —
456 1658 495 1685 De
517 1658 609 1685 divinis
621 1657 842 1692 promissionibus.

185 1710 212 1736 ln
224 1708 319 1736 divinis
333 1707 557 1742 promissionibus
568 1707 635 1734 nibil
651 1711 786 1734 terrenum
797 1707 840 1733 vel
854 1710 940 1734 trans-

147 1745 255 1772 itorium
278 1748 465 1777 exspectemus
478 1764 486 1776 ,
506 1744 576 1770 sicut
590 1742 724 1769 Meletiani
739 1746 865 1776 sperant;
885 1749 939 1768 non

148 1781 302 1812 nuptiarum
330 1779 471 1813 copulam,
494 1779 564 1805 sicut
586 1777 741 1805 Cerintltius
766 1782 793 1805 et
820 1777 938 1804 Marcion

147 1816 280 1847 delirant;
297 1822 349 1841 nun
365 1814 435 1847 quod
449 1813 483 1840 ad
498 1814 586 1840 cibum
598 1813 640 1840 vel
653 1812 687 1839 ad
703 1817 794 1845 potum
812 1813 939 1846 pertinet,

146 1851 215 1878 sicut
243 1850 330 1884 Papiae
341 1870 348 1881 ,
372 1854 482 1876 auctore
508 1849 624 1880 lrenaeo,
652 1853 678 1875 et
702 1847 883 1874 Tertullianus
911 1852 939 1874 et

148 1886 302 1913 Lactantius
323 1885 505 1918 acquiescunt.
528 1884 619 1917 Neque
633 1891 678 1916 per
693 1882 765 1910 mille
779 1890 863 1910 annos
880 1887 940 1917 post

147 1921 374 1949 resurrectionem
389 1927 500 1954 regnum
521 1918 621 1946 Christi
636 1919 662 1945 in
679 1923 749 1945 terra
764 1917 897 1949 luturum,
911 1922 940 1945 et

146 1961 254 1984 sanctos
282 1963 342 1982 cum
367 1956 413 1982 illo
428 1956 455 1982 in
480 1954 583 1982 deliciis
609 1959 768 1988 regnaturos
781 1961 939 1988 speremus,

147 1992 214 2019 sicut
226 1991 314 2025 Nepos
325 1990 424 2023 docuit,
444 1991 555 2024 primam
563 1989 696 2024 justorum
712 1989 938 2016 resurrectionem

149 2031 176 2054 et
198 2026 342 2054 secundam
366 2026 510 2060 impiorum
526 2027 571 2059 qui
581 2025 712 2052 confinxit
725 2033 732 2056 ;
747 2029 774 2051 et
795 2024 867 2051 inter
890 2024 939 2051 lias

149 2062 214 2088 duas
241 2066 406 2088 mortuorum
430 2061 639 2088 resurrectiones
664 2064 757 2094 gentes
783 2060 938 2094 ignorantes

148 2097 232 2123 Deum
247 2097 272 2122 in
289 2096 391 2131 angulis
412 2101 542 2123 terrarum
558 2095 585 2122 in
600 2103 681 2122 carne
700 2096 861 2126 ‘servandas;
878 2101 939 2127 qua:

148 2137 208 2165 post
219 2132 291 2158 mille
305 2139 388 2158 annos
401 2132 475 2166 regni
501 2132 526 2157 in
542 2136 610 2158 terra
622 2130 756 2164 justorum
770 2151 778 2163 ,
794 2129 938 2163 instigante

149 2166 276 2198 diabolo,
305 2166 442 2193 movendae
469 2171 532 2193 sunt
554 2166 588 2192 ad
606 2173 720 2200 pugnam
744 2170 836 2192 contra
851 2166 938 2199 iustos

149 2206 309 2235 regnantes,
338 2205 373 2232 et,
391 2201 504 2227 Domino
523 2208 571 2234 pro
592 2200 673 2234 justis
688 2205 833 2235 pugnante,
854 2200 939 2227 imbre

150 2237 228 2271 igneo
242 2235 469 2269 corripescendas;
483 2239 563 2268 atque
580 2235 616 2261 ita
629 2240 748 2262 mortuas
759 2243 820 2262 cuin
834 2235 941 2262 exteris

149 2273 176 2298 in
207 2271 342 2305 impietate
363 2275 425 2297 ante
446 2270 558 2297 mortuis
573 2270 606 2296 ad
632 2275 731 2296 aeterna
757 2270 888 2303 supplicia
912 2269 940 2297 in

148 2305 344 2340 incorruptibili
355 2313 436 2333 earne
449 2304 653 2332 resuscitandas.

149 2352 215 2379 Car.
229 2351 296 2379 LVl.
312 2366 349 2390 7-
363 2351 438 2386 Quod
453 2350 540 2378 »tullus
554 2351 675 2384 salvetur,
687 2350 738 2377 nisi
751 2349 805 2377 Deo
826 2354 939 2376 auctore.

186 2397 293 2426 Nullum
314 2398 448 2425 credimus
469 2398 503 2425 ad
526 2398 639 2425 salutem
665 2397 715 2424 nisi
734 2396 789 2424 Deo
813 2396 942 2424 invitante

148 2434 258 2467 venire;
284 2433 387 2461 nullum
410 2433 550 2461 invitatum
572 2433 687 2461 salutem
708 2440 783 2460 suam
809 2432 860 2459 nisi
885 2431 942 2460 Deo

185 2514 252 2542 Cn.
277 2522 334 2543 ιιιι.
351 2515 481 2549 Quotidie,
496 2519 548 2542 etc.
569 2514 667 2542 Confer
678 2522 738 2550 cap.
758 2514 793 2542 ¹8
817 2515 888 2542 litat
907 2515 943 2543 de

150 2550 230 2578 Offic.
251 2551 330 2583 eccl„
352 2558 413 2578 cum
437 2550 516 2578 notis.
534 2550 663 2583 Maurini,
678 2551 799 2578 attamen
821 2558 892 2578 mem
915 2550 944 2577 in

150 2585 244 2619 affectu
259 2586 382 2621 peccandi
396 2594 446 2613 non
459 2586 503 2613 sic.

188 2621 252 2648 Cati».
269 2629 311 2648 tv.
330 2621 403 2650 Sicut
426 2620 525 2656 Papiae,
541 2626 593 2648 etc.
619 2621 749 2654 Maurini,
771 2621 837 2648 sicut
859 2621 945 2657 Papia

153 2661 266 2689 anctore,
282 2656 409 2690 Irenoem,
421 2655 668 2690 Tertullianus,etc.
684 2657 831 2691 tin-umque
842 2661 943 2685 textum

152 2691 272 2719 vitiatum
291 2699 352 2719 esse
373 2691 475 2726 colligit
489 2690 633 2719 Vezzosius
656 2699 690 2720 ex
707 2693 886 2727 Hieronymo.
908 2691 944 2720 de

152 2725 208 2752 Vir.
225 2727 333 2762 iilustr.‚
354 2734 414 2761 cap.
443 2726 477 2754 de
505 2726 597 2762 Papia.
624 2727 747 2762 Bignaeus
769 2727 809 2755 sic
829 2727 912 2756 refert
934 2735 943 2754 :

151 2760 226 2788 Sient
246 2761 356 2796 Papias,
371 2766 417 2789 out
430 2761 576 2794 cei-inultus,
590 2766 615 2789 et
629 2761 821 2797 Tertullianus.
837 2767 861 2790 et
874 2762 948 2790 Lae-⁴

152 2797 249 2822 tentius
263 2798 436 2831 acquiescunt.
460 2796 617 2830 venusius,
629 2798 656 2824 in
671 2802 761 2831 textu,
785 2803 841 2831 num
853 2797 945 2831 atium·

154 2830 201 2858 set}
215 2830 240 2858 ii·
256 2835 322 2859 nota
343 2832 438 2862 melius
461 2832 586 2874 ‹licit‘per
606 2831 679 2862 mille
693 2840 756 2863 cont
777 2833 847 2864 aliis·
862 2832 946 2863 stitit

588 2921 599 2925 s
631 2919 663 2926 -,,
783 2927 788 2932 ⁵
843 2919 866 2925 ..
934 2915 954 2928 a

993 1545 1072 1572 tentia
1089 1547 1159 1573 male
1175 1553 1239 1573 usus
1254 1550 1306 1576 est,
1331 1549 1357 1572 et
1371 1545 1398 1571 in
1415 1545 1530 1572 veritate
1543 1551 1598 1572 non
1618 1545 1713 1577 stetit,
1729 1553 1783 1572 non

991 1581 1016 1607 in
1040 1581 1200 1607 contrariam
1230 1580 1407 1607 substantiam
1423 1580 1545 1614 transiit,
1574 1579 1622 1607 sed
1640 1587 1656 1607 a
1678 1587 1783 1608 summo

991 1616 1072 1649 bono,
1085 1616 1128 1643 cui
1141 1616 1233 1644 debuit
1248 1616 1397 1649 adhaerere,
1413 1615 1547 1643 discessit.

1131 1662 1195 1689 Car.
1209 1660 1276 1689 th.
1289 1673 1324 1681 —-
1334 1660 1359 1686 F
1360 1661 1457 1687 elicitas
1477 1660 1637 1696 anqetorum.

1029 1707 1145 1734 Virtutes
1158 1707 1294 1742 angelicae,
1309 1713 1367 1740 quae
1380 1706 1405 1732 in
1417 1706 1509 1733 divino
1524 1713 1617 1733 amere
1636 1706 1695 1733 fixae
1721 1713 1783 1741 per-

989 1743 1115 1769 stiterunt
1127 1763 1134 1775 ,
1147 1743 1227 1777 lapsis
1247 1741 1463 1776 superbientibus
1474 1741 1587 1775 angelis,
1601 1741 1653 1768 lioc
1669 1749 1780 1770 munere

991 1778 1174 1806 retributionis
1187 1781 1360 1811 acceperunt,
1374 1781 1403 1803 ut
1423 1776 1494 1803 nulla
1507 1777 1562 1811 iam
1577 1777 1699 1811 rubigine
1713 1777 1779 1804 sub-

991 1813 1113 1847 ripientis
1127 1813 1211 1846 eulpae
1227 1812 1410 1844 mordeantur;
1426 1816 1492 1839 utet
1508 1813 1535 1838 in
1553 1812 1781 1846 contemplatione

990 1848 1135 1875 conditoris
1150 1849 1208 1875 sine
1222 1848 1353 1874 felicitatis
1371 1848 1422 1874 tine
1437 1852 1630 1881 permaneant,
1645 1852 1673 1875 et
1686 1848 1713 1875 in
1728 1849 1778 1875 boc

990 1885 1028 1911 sic
1041 1884 1155 1911 condita:
1174 1888 1274 1910 :eterna
1290 1882 1434 1910 stabilitate
1448 1882 1596 1909 subsistant

1077 1929 1142 1958 Cir.
1157 1928 1236 1956 tht.
1245 1943 1281 1949 —-
1293 1928 1386 1956 Libera
1397 1929 1514 1955 voluntas
1527 1927 1686 1964 anqelorum.

1024 1975 1103 2003 Tales
1112 1975 1263 2002 creatisunt
1277 1975 1374 2009 angeli,
1385 1979 1424 2008 ut,
1439 1974 1462 2001 si
1473 1974 1583 2005 vellent,
1596 1975 1622 2000 in
1638 1973 1784 2002 beatitudi-

990 2012 1031 2038 nis
1051 2011 1111 2038 luce
1135 2010 1320 2045 persisterent.
1343 2010 1372 2037 Si
1385 2015 1473 2037 autem
1485 2009 1599 2039 vellent.
1622 2010 1702 2036 etiam
1727 2010 1781 2037 labi

990 2047 1149 2080 potuissent.
1164 2045 1238 2073 Unde
1247 2050 1274 2073 ct
1284 2045 1364 2072 Satan
1376 2052 1437 2072 cnm
1448 2044 1621 2079 sequentibus
1633 2045 1781 2079 legionibus

989 2081 1096 2108 cecidit.
1121 2081 1175 2109 Sed
1199 2086 1258 2115 post
1279 2081 1338 2115 eius
1364 2080 1467 2114 lapsum
1492 2081 1528 2106 ita
1549 2079 1699 2106 confirmati
1720 2085 1784 2106 sunt

988 2117 1129 2151 angeliqui
1143 2118 1324 2150 perstiterunt,
1338 2121 1365 2142 ut
1375 2115 1471 2142 cadere
1481 2115 1590 2141 omnino
1598 2122 1650 2141 non
1661 2118 1782 2149 possent,

989 2153 1052 2186 quia
1076 2160 1108 2179 ne
1130 2152 1239 2178 omnino
1257 2151 1311 2186 jam
1327 2150 1454 2178 caderent
1467 2150 1591 2177 virtutem
1605 2150 1784 2178 incommuta-

954 2193 981 2223 ῃ
993 2187 1104 2214 bilitatis
1119 2191 1291 2221 acceperunt.

1215 2231 1279 2260 CAt‘.
1291 2230 1381 2259 Lxut.
1394 2230 1546 2265 -Νιιμιὶω,

1030 2278 1110 2305 Bonae
1134 2282 1196 2305 sunt
1209 2277 1308 2312 nuptiae
1319 2297 1327 2309 .
1352 2276 1401 2303 sed
1414 2282 1494 2303 eausa
1508 2274 1624 2302 tiliorum
1635 2293 1643 2308 ‚
1663 2277 1691 2302 et
1704 2279 1780 2302 cout-

995 2313 1135 2348 pescendae
1150 2313 1334 2340 fornicationis
1347 2312 1468 2338 obtentu.

1181 2358 1246 2387 Cn‘.
1261 2357 1354 2385 LXIV.
1369 2371 1405 2377 —
1417 2356 1589 2384 Continentia.

1030 2405 1122 2432 Melior
1146 2407 1188 2431 est
1209 2402 1388 2435 continentia.
1411 2401 1458 2429 sed
1480 2410 1533 2430 non
1555 2401 1607 2430 sibi
1628 2401 1730 2429 suflicit
1746 2399 1780 2429 ad

995 2439 1196 2473 beatitudinem,
1211 2438 1234 2466 si
1249 2445 1298 2473 pro
1311 2438 1368 2466 solo
1382 2444 1474 2465 amore
1489 2437 1626 2473 pudicitiae
1638 2437 1779 2471 retinetur,

995 2514 1170 2549 antiquiorem
1185 2514 1290 2550 Nepote
1303 2521 1365 2542 esse
1377 2514 1538 2550 opinionem.
1552 2513 1626 2542 iliani
1639 2513 1674 2542 de
1683 2511 1784 2549 duplici

995 2550 1203 2579 resurrectione.

1030 2586 1095 2613 (Συ.
1118 2593 1181 2613 nvn.
1196 2586 1247 2613 Alii
1263 2594 1269 2612 :
1294 2585 1394 2612 Malum
1407 2585 1447 2613 vel
1468 2585 1594 2612 vitalitium
1617 2591 1670 2611 non
1689 2591 1745 2611 use
1766 2590 1785 2611 ι

995 2620 1050 2648 Deo
1064 2625 1186 2655 creatam,
1199 2623 1243 2648 aed
1253 2629 1270 2648 a
1280 2621 1381 2648 diabolo
1393 2621 1531 2654 inventam,
1541 2620 1586 2656 qtti
1595 2639 1604 2655 ,
1613 2624 1681 2652 ete..
1691 2619 1790 2658 sublu-¹

995 2657 1103 2685 tellecto
1115 2661 1224 2688 constat,
1241 2663 1318 2684 more
1332 2655 1503 2684 nicoenam·
1775 2656 1795 2668 ⁶·

1030 2691 1096 2719 Cn>-
1112 2699 1168 2719 ux.
1185 2691 1316 2723 Mani-ini,
1328 2699 1375 2719 nto
1389 2691 1501 2724 Domino
1521 2694 1692 2718 mmm.
1709 2688 1732 2716 U

996 2730 1020 2754 a
1030 2727 1129 2754 mento.
1144 2727 1221 2761 Quod
1231 2731 1334 2755 rectum
1346 2729 1422 2762 putat
1433 2725 1586 2755 vezzosius.
1601 2724 1656 2754 sed
1669 2724 1722 2754 tert
1756 2756 1766 2767 ί
1788 2733 1790 2740 ·

995 2762 1152 2790 mutandum
1163 2765 1290 2790 munta
1303 2761 1331 2789 in
1341 2765 1514 2790 mmm.

1031 2797 1094 2825 ctis.
1111 2805 1154 2825 u.
1171 2797 1228 2825 Hoc
1241 2796 1359 2830 eaput‘et
1369 2796 1425 2824 duo
1432 2803 1512 2833 seqq.
1527 2796 1673 2827 daumio
1696 2807 1697 2810 ¹

996 2833 1074 2864 nibus
1085 2832 1266 2869 Btgnamet
1274 2831 1471 2866 minocent-

1699 2774 1760 2793 a..)
