1832 3016
32 169 92 197 ‘otte
115 168 284 203 populorum.
320 166 510 194 ualitudinem
539 165 673 199 frumenti,
699 169 723 192 et
747 165 807 198 vini,

39 223 71 244 oc
86 221 137 246 est.
155 215 306 248 multitudo,
320 221 398 249 qnam
423 213 524 248 colligit
539 213 698 240 lrumentutn
723 217 750 240 et
772 213 808 240 vi·

18 269 82 290 aum
105 263 131 290 in
156 266 323 290 sacramento
349 259 468 294 corporis
494 264 520 287 et
547 259 684 294 sanguinis
703 259 754 286 sui.
771 258 810 286 llli

12 309 141 336 serviunt
155 308 242 343 populi
254 314 286 334 ex
294 306 417 333 omuibus
428 306 551 340 gentibus
562 305 595 332 ad
606 313 666 333 eum
676 305 810 332 conversi.

12 356 108 388 :ipsum
123 353 234 381 adorant
247 351 340 383 tribus,
358 351 383 378 id
395 355 447 384 est,
459 351 549 386 populi
561 359 592 379 ex
607 350 812 378 circumcisione

27 398 168 426 ¹rodentes.
195 397 252 432 lpse
277 401 318 424 est
335 396 462 423 Dominus
478 397 588 424 fratrum
611 404 732 430 suorum,
749 397 811 430 quia

27 442 90 470 Jlebi
112 441 263 470 dominatur
285 440 450 469 Judaeorunt.
477 441 556 477 321
582 441 669 475 lpsum
698 441 813 468 adorant

18 487 69 514 *ilii
85 486 176 514 matris
190 486 259 520 ejus,
288 486 348 520 quia
364 490 391 514 et
411 485 469 520 ipse
483 487 630 514 secundnm
645 494 753 514 carnem
778 494 812 513 ex

23 539 50 559 :a
66 536 142 560 natos
163 535 214 559 est.
237 531 324 565 ipsum
348 531 394 565 qui
408 531 575 559 maledixerit
589 532 747 559 tnaledictus
759 535 811 564 est,

24 581 46 605 et
57 577 101 613 qui
115 577 293 609 benedixerit,
306 577 534 605 benedictionibus
548 578 704 612 replebitur.

53 632 97 661 11.
118 632 252 666 ChristuS,
268 633 387 667 inquam,
405 639 496 661 noster
520 642 552 661 ex
581 641 628 662 ore
654 634 743 669 populi
758 634 811 662 Pa-

22 684 88 707 trem
104 680 250 714 ignorantis
266 680 441 713 benedicitur,
458 680 483 707 id
495 685 545 713 est,
558 681 691 708 veraciter
703 681 811 709 dicitur.

13 723 72 753 tsod
85 724 152 752 alius
167 733 181 752 a
206 725 306 753 Judaeis
333 726 453 753 benedici
471 731 586 760 putatur,
613 727 658 762 qui
672 727 706 754 ab
717 728 756 755 eis
769 735 812 755 er-

15 770 143 797 rrantibus
154 775 335 805 exspectatur.
349 771 418 799 Ecce
429 772 641 800 benedictionem
654 772 811 806 promissam

15 820 157 850 *repetente
172 817 284 851 majore.
304 817 410 852 expavit
424 817 506 850 lsaae,
523 824 548 845 et
560 819 640 845 alium
656 826 685 846 se
699 826 747 853 pro
760 819 814 846 alio

18 862 188 890 benedixisse
211 863 365 897 cogitosi-iu
390 870 438 890 nec
459 867 549 891 tamen
572 863 723 899 indignatur
737 872 815 892 reve-

24 908 76 935 lato
86 908 136 935 sibi
148 914 328 941 sacramento,
345 909 391 935 sed
407 909 547 936 confirmat
563 909 774 937 benedictionem
789 911 815 937 in

20 952 88 986 tilio,
104 953 196 981 dicens
210 962 216 980 :
230 953 354 981 Benedixt'
369 962 436 988 eum,
452 959 475 981 et
490 954 635 982 benedictus
647 960 694 982 est.

57 1007 100 1034 19..
122 1008 184 1036 lime
199 1013 240 1035 est
253 1008 405 1035 benedictio
421 1009 504 1043 prima
528 1009 610 1042 lsaac,
626 1018 685 1044 quae
700 1010 759 1037 data
775 1015 817 1038 cst

14 1053 117 1080 ==minori
135 1054 233 1087 populo
245 1053 466 1087 Christianorum,
484 1054 530 1081 sed
556 1062 643 1088 neque
659 1061 745 1082 tamen
761 1063 817 1082 rna-

22 1099 106 1131 iorem
129 1097 211 1124 lilium
225 1101 330 1125 constat
356 1098 460 1131 penitus
475 1098 555 1126 luisse
574 1099 741 1133 despectum,
756 1099 816 1133 quia

25 1151 86 1171 cum
102 1144 240 1171 intraverit
265 1144 404 1179 plenitudo
417 1145 545 1179 gentium,
559 1151 619 1172 tune
634 1146 720 1173 omnis
736 1146 815 1174 lsrael

25 1191 111 1218 salvus
123 1191 185 1218 erit.
201 1191 282 1225 Cujus
298 1196 385 1217 tamen
401 1192 527 1218 secundm
543 1192 737 1219 benedictionis
753 1200 817 1226 pro-

25 1236 142 1270 phetatio
159 1238 215 1263 haec
227 1242 267 1266 est
281 1246 286 1262 :
305 1236 336 1263 In
353 1237 506 1271 pinquedine
521 1243 602 1270 terrm,
618 1243 640 1264 et
655 1239 681 1265 in
695 1247 751 1265 rore
762 1239 818 1266 coeli

20 1283 129 1318 >detteper
139 1283 186 1309 erit
202 1283 341 1309 benedictio
356 1287 417 1314 1ιια,·
433 1288 458 1309 ει
472 1283 497 1309 in
514 1284 672 1318 pinguedine
690 1288 778 1315 terrm,
792 1283 816 1310 id

25 1335 74 1362 est,
105 1330 132 1356 in
161 1330 322 1356 fecunditate
336 1337 437 1361 rerum,
450 1336 475 1356 ει
488 1329 605 1362 potentia
617 1329 702 1363 regui.
715 1336 774 1363 quae
789 1330 815 1357 in

24 1375 70 1402 illo
82 1375 180 1410 populo
192 1375 254 1407 l'uit;
275 1375 340 1402 etin
363 1382 424 1402 rore
439 1375 499 1402 coeli
514 1376 565 1402 erit
593 1374 744 1402 benedictio
760 1379 814 1410 tna,

24 1420 50 1448 id
73 1425 123 1454 est,
139 1422 165 1448 in
181 1421 293 1455 eloquiis
309 1422 364 1449 Dei.

59 1477 102 1504 15.
118 1476 182 1510 ipsis
209 1478 278 1505 euim
295 1478 408 1512 primum
435 1474 534 1505 eredita
549 1482 611 1505 sunt
631 1479 734 1513 eloquia
759 1478 815 1510 Dei,

24 1527 51 1551 et
61 1523 125 1557 legis
136 1523 318 1551 Testamenta.
334 1523 406 1551 l’ives
419 1525 516 1559 yladio,
528 1524 553 1551 id
563 1530 614 1557 est,
624 1525 684 1559 quia
695 1524 818 1560 sanguini

25 1569 135 1604 populus
151 1570 201 1596 iste
219 1570 324 1597 deditus
350 1578 443 1598 necem
460 1571 486 1597 in
505 1571 611 1597 Christo
625 1571 665 1598 vel
682 1570 819 1604 prophetis

25 1615 153 1642 exercuit.
167 1614 200 1641 Et
216 1615 289 1650 [rani
313 1620 354 1641 tuo
377 1616 477 1648 servies,
502 1614 597 1642 minori
613 1615 703 1649 utique
718 1615 820 1642 scilicet

17 1660 123 1695 .poputo
137 1659 299 1687 Christiano.
308 1660 475 1695 Tetnpusque
490 1659 689 1695 venietqnando
699 1661 819 1688 excutias

16 1709 53 1732 ·et
71 1705 159 1732 solvas
172 1705 263 1741 jugum
280 1706 313 1733 de
326 1706 474 1733 cervicibus
495 1707 558 1738 tuis,
573 1706 648 1739 dum,
668 1714 716 1741 per
729 1707 821 1741 cogni-

18 1749 126 1778 ¹tionem
143 1751 204 1778 iidei
218 1751 249 1778 ad
265 1751 377 1786 gratiam
394 1751 493 1779 Christi
507 1759 667 1785 couversuS,
688 1752 821 1786 deposue-

30 1797 67 1825 ris
79 1805 146 1825 onus
157 1798 234 1833 legis,
246 1798 352 1833 qnando
364 1798 418 1831 jam
430 1806 480 1825 non
492 1806 584 1827 servus
597 1799 685 1834 populi
698 1799 819 1832 minoris,

29 1844 76 1872 sed
92 1851 139 1877 per
153 1843 231 1871 sidem
246 1844 326 1871 l'rater
339 1844 487 1872 vocaberis.

66 1898 110 1927 tt.
132 1899 213 1934 igitur
228 1899 297 1926 Esau
309 1904 369 1934 post
384 1900 594 1928 benedictionem
615 1901 698 1935 patris
714 1900 821 1928 invidias

31 1946 144 1973 stimulis
160 1946 318 1978 concitatus,
333 1954 426 1974 necem
443 1946 516 1974 fratri
544 1954 594 1974 suo
615 1948 699 1975 Jacob
713 1948 823 1975 fraudu-

20 1991 118 2019 =lenter
131 1992 272 2026 excogitat.
304 1992 359 2020 lloc
386 1993 509 2020 nimirum
525 1998 553 2020 et
565 1994 692 2022 «Ιιιιίειίευε
708 1994 821 2029 populus

20 2037 57 2064 ·in
76 2036 183 2065 Christo
198 2037 405 2072 premeditatus,
421 2047 473 2066 non
487 2039 571 2066 solum
600 2040 739 2067 Dominum
756 2039 823 2072 pati-

20 2083 94 2111 lhulo
107 2084 195 2111 crucis
211 2084 328 2117 tradidit,
353 2092 444 2112 verum
464 2085 544 2113 etiam
560 2086 701 2113 credentes
730 2085 757 2113 in
778 2085 824 2112 illo

21 2136 118 2163 *usque
128 2128 160 2156 ad
175 2129 333 2158 effusionem
353 2130 489 2165 sanguinis
509 2137 663 2166 persecutus
675 2136 725 2158 est.
741 2131 824 2159 Jacob

22 2234 23 2242 ι
34 2221 129 2256 patria,
142 2222 183 2249 vel
195 2223 359 2257 parentibus,
371 2222 442 2250 vadit
453 2223 480 2250 in
494 2223 629 2258 regionem
641 2223 823 2259 longinquam,

36 2271 64 2295 ut
73 2267 203 2302 acciperet
217 2268 268 2296 sibi
284 2276 405 2296 uxore-m.

72 2313 116 2342 15.
123 2313 181 2341 Nou
187 2314 229 2341 alit
234 2321 263 2343 er
269 2314 397 2348 Christus,
407 2315 507 2343 relictis
515 2315 669 2351 parentibus
676 2324 739 2345 secu
743 2316 824 2345 ndum

74 2402 118 2429 10.
140 2401 327 2430 Multitudinem
343 2405 473 2438 frumenti,
488 2404 580 2435 πλῆθος
592 2406 666 2432 σίτου
686 2405 730 2432 καί
744 2403 824 2437 οἴνου,

39 2435 120 2478 exit.
134 2437 320 2475 Abundantium
334 2439 400 2466 dixit
415 2439 491 2475 Vulg.
502 2441 555 2467 Sed
572 2439 667 2466 mirum
678 2441 747 2473 apud
759 2442 823 2467 Am·

40 2471 170 2504 bruslum,
186 2471 233 2498 lib.
247 2472 281 2499 de
295 2474 387 2505 Jacob.
401 2476 585 2502 abuitdautiam
599 2475 661 2509 legi.
683 2482 743 2501 curn
756 2475 823 2501 ntul-

40 2508 174 2546 titudinem
200 2507 269 2540 apud
293 2510 467 2537 ltu-:ustinum
484 2510 612 2545 legamus.
635 2509 702 2537 Nam
730 2510 825 2538 eadem

41 2543 182 2569 tralatione
191 2541 313 2569 videntur
324 2543 403 2570 ambo
413 2545 464 2571 usi.
479 2545 574 2573 Gtuttt..

77 2575 147 2603 thiat.
165 2575 249 2608 Qum
258 2576 364 2612 colligit,
377 2579 412 2606 ita
423 2580 490 2614 Aug.
502 2586 530 2608 et
545 2581 624 2614 liupr.
642 2581 707 2614 Quoe
716 2581 825 2616 eolliqit‚

43 2611 106 2652 ⁸¹9⁵·
121 2619 160 2642 o..
177 2611 320 2644 mendose;
333 2612 463 2648 colligitur
470 2615 541 2642 enim
553 2616 696 2643 multitudo
704 2623 826 2644 comittu-

43 2653 125 2674 ntotto
139 2644 323 2673 Eucltnristiae.
412 2662 413 2666 ,
547 2674 553 2677 ³
582 2667 583 2671 ,

80 2679 149 2708 Ibid.
176 2678 239 2707 Filii
264 2681 353 2708 matris
367 2682 421 2717 eju
434 2690 468 2711 ex
481 2683 558 2720 vulg.
583 2684 681 2718 Patrit,
705 2686 828 2722 August..

90 2716 273 2751 &mugitum
288 2715 382 2745 Garat..
456 2728 459 2735 ¹
480 2734 482 2736 v
508 2728 511 2731 ¹
639 2739 641 2741 -

43 2721 78 2744 11
657 2735 659 2741 ,

45 2788 76 2819 ,ι
81 2749 642 2822 ῗὲςῗιῗιηῖ’ἳέῖξῗῖἷῧῖῗ”ὶιῖἳῖᾚῗίῗ
651 2763 697 2786 “·
705 2757 830 2794 '‘W''

57 68 75 96 ¹1
428 61 654 97 QUAEsTtoNtts
673 61 707 90 ΙΝ
727 59 808 89 VET.
826 58 976 91 result.
990 76 1026 86 -·
1038 60 1072 90 tu
1090 59 1245 91 Genesis.

50 123 99 152 ⁷¹0.
119 122 154 150 Et
167 122 199 150 de
210 121 364 157 pinquedine
377 125 460 153 terrae,
483 121 533 148 hoe
547 124 598 154 est,
619 120 653 146 de
665 125 810 154 congrega·
821 117 848 148 Δ
861 125 982 152 carnem,
991 120 1075 153 idest,
1085 119 1184 154 populo
1199 119 1291 152 lsrael,
1304 121 1331 146 et
1342 117 1438 154 patria,
1450 118 1476 146 id
1487 118 1660 152 est,.lcroso-

863 165 945 200 lyme,
955 166 1111 194 etomnibus
1118 165 1270 200 regionibus
1280 164 1389 197 Judaeae,
1396 163 1462 191 abiit
1472 164 1498 191 in
1510 169 1606 199 gentes
1614 171 1660 191 ao-

862 211 885 237 ci
890 211 965 245 piens
972 211 1092 239 sibiinde
1100 211 1257 244 Ecclesiam,
1268 215 1295 238 ut
1310 210 1466 246 impleretur
1476 209 1546 245 quod
1559 209 1660 238 dietum

862 261 904 284 est
919 266 924 283 z
944 256 1045 284 Vocobo
1060 257 1156 292 plebem
1170 264 1252 283 nteam
1267 264 1318 283 non
1332 255 1428 290 plebem
1449 263 1541 290 viteam,
1562 259 1585 282 et
1609 262 1661 282 mn

862 302 982 330 dilectam
998 304 1094 339 plebem
1109 302 1238 330 dilectam.
1255 301 1288 329 Et
1311 303 1359 329 erit
1382 301 1410 328 t‘n
1429 302 1486 329 loco
1499 301 1542 328 ubi
1565 301 1662 328 dietum

863 352 899 374 est
913 355 922 374 .·
939 347 965 374 Ν
968 356 1001 375 on
1017 348 1087 382 plebs
1099 355 1156 375 mea
1169 355 1224 380 voe,
1239 346 1274 373 ibi
1288 346 1445 373 vocabuntur
1457 346 1506 380 filii
1519 345 1569 373 Dei
1583 346 1644 374 trivi.

1147 414 1260 443 CAPUT
1280 413 1378 441 xxiv.

974 462 1014 490 De
1035 462 1108 490 acala
1130 470 1207 497 quam
1221 462 1250 489 in
1269 461 1365 489 visione
1377 460 1441 488 vidit
1463 460 1556 488 Jacob.

901 521 928 548 1.
948 520 1067 559 Pergens
1087 523 1178 547 autem
1193 517 1278 546 Jacob
1293 517 1320 545 in
1335 516 1567 551 Mesopotamiam,
1590 514 1663 543 venit

865 568 892 595 in
905 567 995 595 locum
1011 566 1055 593 ubi
1069 573 1140 593 nunc
1153 564 1309 592 Bethlehem
1322 568 1446 597 vocatur,
1468 567 1496 590 et
1510 561 1600 597 posuit
1609 561 1662 590 sub

865 613 952 648 eapite
966 620 1017 640 suo
1033 612 1147 647 lapidem
1167 618 1305 646 magnum.
1324 610 1357 637 Et
1382 609 1520 637 dormiens
1531 607 1594 635 vidit
1607 614 1664 635 sca-

866 659 918 686 lam
947 658 1103 690 subnixam,
1132 657 1290 684 innitentem
1320 656 1400 690 coelo‚
1427 659 1455 682 et
1481 654 1592 688 angelos
1619 652 1666 681 Dei

866 705 1042 732 ascendentes
1057 709 1085 731 et
1105 703 1312 731 descendentes.
1338 702 1395 730 lloc
1417 701 1493 733 viso,
1519 700 1665 734 evigilavit,

866 750 994 784 unxitque
1016 750 1142 783 lapidem.
1167 749 1278 777 diceus:
1297 748 1363 775 Vere
1386 747 1427 773 hic
1439 747 1531 774 domus
1547 745 1594 773 Dei
1616 749 1666 778 est,

831 801 853 831 Β
867 802 889 825 ιι
902 802 976 832 porta
991 797 1058 824 coeli.
1072 797 1103 824 Et
1117 796 1158 823 liis
1172 794 1250 823 dictis
1264 794 1388 822 discessit
1401 800 1522 821 somnus.

904 842 932 869 Ξ.
953 842 1069 870 Somnus
1093 841 1143 868 iste
1159 841 1252 872 Jacob,
1270 847 1353 874 mors,
1379 839 1438 866 sive
1465 837 1553 872 passio
1567 835 1667 863 Christi

869 895 920 917 est.
934 889 1014 923 Lapis
1025 888 1058 915 ad
1071 892 1150 922 caput
1162 887 1230 922 ejus,
1243 887 1288 922 qni
1299 886 1458 914 nominatim
1470 883 1668 920 quodammodo

870 935 957 962 dictus
981 938 1024 961 est
1048 934 1129 961 etiam
1150 938 1254 965 unctus,
1271 932 1407 959 Christum
1424 931 1573 966 significat:
1590 933 1669 963 caput

870 980 943 1008 enim
960 980 1008 1007 viri
1023 979 1146 1006 Christus
1157 983 1208 1006 est.
1224 977 1289 1011 Quis
1303 978 1374 1005 enim
1387 976 1470 1004 nescit
1486 975 1620 1003 Christum
1635 974 1669 1001 ab

872 1027 997 1054 unctione
1012 1025 1163 1060 appellari?
1177 1025 1276 1051 Domus
1291 1029 1378 1050 autem
1394 1023 1452 1054 Dei,
1465 1022 1526 1057 quia
1542 1021 1577 1048 ibi
1591 1025 1670 1048 natus

871 1077 912 1098 est
923 1071 1047 1098 Christus
1061 1072 1086 1097 in
1104 1070 1271 1097 Bethlehem.
1290 1070 1368 1097 Porta
1385 1076 1449 1096 vero
1468 1068 1540 1099 coeli,
1557 1068 1618 1101 quia
1631 1066 1669 1094 ibi

872 1117 898 1144 in
914 1121 1011 1144 terram
1024 1116 1181 1144 descendit:
1198 1115 1260 1142 inde
1272 1115 1368 1141 iterum
1383 1113 1417 1140 ad
1428 1114 1526 1141 coelum
1538 1111 1670 1140 ascendit.

873 1162 981 1189 Erectio
996 1166 1084 1189 autem
1100 1161 1196 1195 lapidis
1211 1160 1373 1187 resurrectio
1386 1158 1485 1186 Christi
1499 1163 1550 1185 est.

907 1209 934 1236 5.
956 1208 1041 1236 Porro
1054 1208 1124 1235 scala
1138 1207 1261 1233 Christus
1285 1211 1336 1238 est,
1361 1205 1406 1240 qui
1431 1204 1496 1232 dixit
1513 1212 1520 1230 z
1538 1202 1593 1238 qu
1614 1209 1670 1229 sum

872 1256 923 1281 via.
941 1255 992 1282 Per
1012 1255 1080 1281 hanc
1106 1254 1264 1284 ascendunt,
1290 1257 1317 1279 et
1345 1251 1512 1278 descendunt
1527 1249 1627 1282 angeli,
1643 1247 1670 1276 in

873 1300 972 1335 qtiibus
987 1299 1128 1334 sigtulieati
1154 1303 1218 1325 sunt
1239 1297 1420 1331 evangelistae,
1438 1300 1464 1322 et
1479 1294 1670 1329 praedit-atores

871 1346 982 1372 Christi.
997 1344 1182 1372 Ascendentes
1205 1342 1307 1377 utique,
1338 1349 1398 1368 eum
1418 1341 1450 1367 ad
1467 1339 1667 1374 intelligendam

871 1391 930 1425 ejus
945 1389 1270 1424 supereminentissimam
1282 1387 1448 1415 divinitatem
1462 1386 1596 1413 excedunt
1610 1385 1669 1412 uni-

871 1444 975 1464 versam
991 1441 1152 1467 creaturam,
1166 1439 1195 1461 ut
1205 1442 1265 1461 cum
1278 1432 1448 1460 inveniantin
1459 1431 1591 1466 principio
1607 1437 1670 1458 vcr-

832 1492 856 1525 C
872 1482 947 1515 bum,
963 1482 1045 1509 Deum
1061 1480 1130 1515 apud
1146 1480 1242 1513 Deum,
1253 1487 1301 1514 per
1312 1487 1391 1514 quent
1407 1477 1475 1505 l'acta
1490 1481 1554 1504 sunt
1565 1476 1665 1504 omnia.

907 1538 935 1564 4.
958 1536 1158 1563 Descendentes
1174 1539 1274 1566 autern,
1290 1538 1318 1560 ut
1338 1540 1399 1560 eum
1423 1532 1559 1559 inveniant
1573 1531 1670 1558 lactum

873 1590 905 1610 ex
931 1581 1054 1613 muliere,
1080 1581 1180 1607 tat-tum
1204 1580 1254 1606 sub
1282 1579 1351 1612 lege,
1374 1584 1403 1605 ut
1424 1585 1470 1604 eos
1485 1577 1529 1612 qui
1544 1576 1595 1604 sub
1614 1576 1673 1610 lego

873 1632 951 1657 erant
975 1627 1129 1655 redimeret.
1155 1626 1183 1653 ln
1211 1625 1255 1652 illa
1279 1624 1349 1651 enim
1377 1623 1457 1658 323
1477 1622 1548 1649 scala
1569 1629 1584 1648 a
1600 1626 1672 1648 terra

873 1682 957 1709 usque
972 1674 997 1700 in
1013 1673 1122 1703 coelum.
1142 1679 1156 1698 a
1169 1678 1250 1698 carne
1264 1677 1348 1704 usque
1358 1670 1392 1695 ad
1404 1668 1538 1703 spiritum.
1550 1666 1673 1694 carnales

873 1719 1052 1754 proficiendo,
1076 1718 1149 1744 velut
1163 1714 1346 1747 ascendendo,
1371 1713 1523 1747 spirituales
1535 1713 1616 1744 liunt;
1637 1710 1671 1738 ad

873 1773 942 1801 quos
958 1765 1027 1792 lacte
1043 1762 1203 1791 nutriendos
1218 1762 1300 1789 etiam
1317 1760 1366 1794 ipsi
1390 1759 1545 1794 spirituales
1559 1758 1672 1786 descen-

873 1812 940 1839 dunt
953 1809 1163 1846 quodammodo,
1178 1815 1239 1835 cum
1253 1807 1294 1834 eis
1309 1813 1361 1832 non
1377 1808 1489 1839 possunt
1499 1803 1582 1838 loqui,
1595 1801 1671 1838 quasi

873 1855 1071 1892 spiritualibus,
1084 1855 1131 1881 sed
1143 1853 1219 1888 quasi
1243 1850 1406 1879 carnalibus.

909 1901 936 1928 5.
948 1899 1007 1933 lpse
1027 1904 1068 1927 est
1083 1905 1189 1925 sursum
1204 1897 1231 1923 in
1245 1897 1332 1931 eapite
1343 1902 1410 1928 suo3
1428 1895 1484 1927 ipse
1499 1893 1624 1922 deorsum
1642 1892 1670 1920 in

874 1954 989 1980 corpore
1004 1953 1063 1977 su0,
1080 1943 1150 1978 quod
1166 1947 1208 1969 est
1223 1941 1354 1969 Ecclesia.
1377 1940 1464 1974 lpsum
1480 1947 1544 1974 ergo
1570 1938 1668 1966 scalam

876 1992 1059 2025 intelligimus,
1073 1990 1134 2023 quia
1149 1989 1207 2023 ipse
1218 1987 1288 2014 dixit
1301 1995 1309 2013 t
1325 1985 1382 2020 qu
1392 1994 1448 2012 sum
1461 1985 1512 2012 via.
1530 1984 1569 2011 Ad
1584 1984 1670 2018 ipsum

860 2029 863 2031 Δ
877 2045 941 2072 ergo
955 2036 1116 2068 ascenditur,
1134 2039 1161 2061 ut
1183 2034 1208 2061 in
1221 2032 1336 2060 excelsis
1348 2031 1521 2065 intelligatur.
1539 2030 1571 2057 Et
1583 2029 1617 2057 ad
1632 2030 1672 2065 ip·

876 2091 935 2111 sum
959 2081 1140 2114 descenditur,
1156 2080 1227 2107 utin
1243 2078 1370 2107 membris
1393 2078 1450 2104 suis
1472 2076 1597 2111 parvulus
1623 2082 1672 2103 nu-

878 2131 981 2157 triatur.
1000 2129 1032 2155 Et
1049 2126 1183 2162 perillum
1202 2133 1231 2153 se
1244 2126 1362 2160 erigunt,
1385 2130 1412 2151 ut
1433 2131 1495 2151 eum
1519 2123 1673 2151 sublimiter

33 2178 121 2202 autem
145 2174 221 2202 dolos
246 2175 350 2210 lugiens
382 2175 472 2203 fratris
483 2196 492 2208 ‚
519 2177 599 2212 322
626 2177 715 2203 relicta
743 2176 823 2203 domo
835 2181 864 2212 ῃ
877 2180 1009 2210 spectent.
1024 2174 1074 2202 Per
1088 2174 1174 2207 ipsum
1188 2173 1268 2200 etiam
1283 2179 1312 2199 se
1327 2170 1480 2204 humiliant,
1494 2174 1524 2197 ut
1544 2177 1606 2198 eunt
1626 2177 1673 2197 su-

876 2222 995 2250 blimiter
1009 2229 1040 2249 ae
1056 2223 1236 2254 temperanter
1251 2218 1421 2246 annuntient.

913 2270 939 2298 6.
955 2268 1018 2297 Post
1032 2269 1099 2295 banc
1113 2267 1241 2295 visionem
1255 2265 1317 2293 inde
1327 2265 1410 2293 Jacob
1424 2264 1475 2292 iter
1491 2263 1593 2291 taciens
1606 2262 1674 2290 vidit

876 2324 951 2350 oves,
969 2318 997 2343 et
1009 2319 1139 2350 pastores.
1156 2318 1183 2341 et
1196 2316 1304 2347 puteum
1320 2318 1396 2346 aquae
1411 2310 1490 2342 vivae,
1505 2313 1533 2336 et
1554 2306 1671 2342 lapidem

914 2405 982 2433 ttici.
1001 2404 1138 2439 Repetente
1159 2402 1268 2437 ntajore,
1293 2407 1326 2428 ex
1350 2400 1464 2434 August.
1490 2399 1520 2424 et
1543 2395 1672 2430 lmpress.

879 2441 996 2470 Petente.
1011 2440 1075 2467 Mss.
1090 2438 1187 2465 Gnnt„
1553 2464 1559 2471 ι

915 2477 958 2503 ¹2.
980 2475 1033 2503 Sed
1047 2481 1126 2508 neque
1138 2472 1272 2506 mojorem,
1287 2475 1371 2504 usque
1382 2467 1415 2495 ad
1425 2467 1510 2494 salvus
1524 2468 1582 2498 ent,
1591 2463 1674 2493 νεὼ·

878 2516 940 2540 sunt
954 2510 1119 2543 Hieronymi,
1140 2507 1207 2533 ibid.
1227 2505 1323 2533 Gttut..
1470 2537 1476 2543 ι
1653 2533 1660 2540 ·

914 2547 957 2588 l}-
978 2546 1073 2572 serm
1095 2542 1185 2578 populi
1209 2539 1326 2573 minoris,
1340 2537 1390 2570 al„
1410 2544 1503 2564 sert-m
1515 2534 1674 2570 reputent·-

879 2579 1080 2647 n⁰¹l¹i.cft'ri;l.‚
1105 2611 1254 2646 mendose,
1278 2617 1330 2638 non
1353 2607 1438 2637 totum
1465 2605 1577 2634 omno
1600 2603 1675 2640 poti—

881 2652 1079 2715 ῠνιᾶἒιξξῖν.
1105 2683 1137 2711 N.
1161 2683 1189 2724 ᾖ.
1214 2682 1327 2710 Somnus
1349 2680 1396 2721 iste
1421 2677 1513 2711 Jacob,
1610 2661 1674 2704 ond

878 2722 1227 2791 'zffmt'ts‘zfflsxst'tt‘at
1241 2717 1366 2788 ''xm“
1356 2714 1583 2785 ¹¹55:ssng
1591 2714 1691 2776 Ἢ,

882 2794 974 2830 bique.
989 2791 1087 2821 Gutta.
1637 2798 1662 2807 .-

1661 2818 1709 2861 Ἀ
