1832 3016
438 75 664 112 QUAESTIONES
683 75 716 102 ΙΝ
737 74 817 102 VET.
837 73 1034 102 TESTAM.—-
1048 73 1081 102 lN
1100 74 1256 103 GENESlN.
1621 77 1673 108 220

63 137 145 166 lentis
165 143 226 165 esse
240 136 290 164 sub
309 134 404 171 gratia,
426 133 474 161 sed
495 133 545 160 sub
566 132 635 166 lege.
652 135 680 159 ut
698 135 772 159 esset
789 130 824 158 ab
836 130 862 160 A
877 138 911 158 ne
925 131 1117 167 etiaim-regno
1131 135 1241 160 terreno
1258 132 1362 166 perdito
1376 153 1383 166 ‚
1409 133 1459 161 ista
1474 133 1572 162 visibili
1587 139 1674 164 morte

81 185 147 214 lesia
162 184 328 215 maledictus,
343 182 368 209 id
381 185 432 214 est,
449 184 478 207 ut
492 178 647 207 ostenderet
660 186 720 205 eum
734 177 824 204 Eccle-

41 232 66 261 ia
97 229 278 260 maledictum,
304 226 461 254 testificante
492 223 622 258 Apostolo
635 231 642 249 ε
675 223 827 258 Quicunque

17 277 96 304 ‘enim
108 283 140 303 ex
153 273 270 309 operibus
284 271 346 305 teqis
359 275 429 303 sune,
448 268 495 296 sub
511 268 645 295 maledicto
661 268 724 304 leqis
737 272 807 294 sant.

63 322 90 350 9.
107 320 218 353 Deinde,
234 324 293 345 cum
305 316 430 344 dixisset:
443 314 596 342 Maledictus
611 319 638 340 lu
652 323 668 340 a
680 319 759 346 terra,
771 321 828 348 quoe

62 368 128 396 eruit
139 375 167 394 or
178 372 251 393 suum
261 363 376 397 accipere
387 362 538 397 sanquinem
552 361 641 395 [ratris
655 360 691 387 tui
707 360 739 386 de
749 367 826 386 manu

28 423 86 448 -ιια,
99 421 151 442 non
162 411 228 440 dixit
241 410 367 445 quoniam
380 407 535 444 operaberis
550 415 621 440 eam,
633 407 680 434 sed
696 407 744 440 ait,
762 413 825 441 quo-

18 459 100 487 nniam
124 455 277 492 operaberis
300 459 418 487 terram,
440 458 467 481 et
487 459 540 480 non
563 451 673 487 adjiciet
700 452 826 479 virtutem

19 511 105 533 uuam
120 503 185 531 dare
201 500 259 529 tibi.

65 551 109 579 10.
117 550 193 579 Unde
202 557 255 577 non
269 553 311 577 est
323 547 588 583 necesseintelligere
594 547 715 575 eamdem
727 550 826 575 terram

20 597 134 634 coperari
141 596 217 628 Cain,
228 603 288 630 quae
295 595 398 629 aperuit
405 602 436 622 os
443 594 564 628 accipere
572 593 729 629 sanguinem
737 593 828 622 fratris

21 645 64 674 fle
78 651 158 672 manu
168 643 236 678 ejus.
248 642 301 670 Sed
318 641 377 670 ideo
392 641 550 669 maledictus
560 640 719 675 intelligitur
732 640 765 667 ab
778 640 828 667 hac

21 697 110 724 «erra,
137 689 262 725 quoniam
274 693 400 723 operatur
421 691 531 721 terram,
547 695 606 722 quae
621 686 740 714 nondum
762 686 828 721 adji-

20 736 82 766 :ciet
99 736 226 764 virtutem
248 742 324 762 suam
344 734 408 762 dare
430 734 479 761 illi.
496 733 524 761 ld
547 738 599 766 est,
620 733 681 760 ideo
700 733 828 767 populum

20 784 180 814 ”udaeorum
194 783 365 810 maledictum
380 781 510 816 agnoscit,
527 785 554 808 et
570 780 688 808 ostendit
698 779 827 812 Ecclesia,

23 877 272 910 (circumcisionem,
289 880 424 903 terrenum
442 875 601 907 Sabbatum,
616 878 752 902 terrenum
767 882 829 909 azy-

25 932 114 959 mum,
137 929 272 951 terrenum
294 922 403 957 pascha,
429 921 491 956 quia
506 921 595 949 omnis
611 925 716 948 terrena
733 927 828 955 opera-

24 973 69 1001 =tio
108 972 188 1000 habet
221 971 352 999 occultam
376 970 501 997 virtutem
527 969 706 1004 intelligendae
737 969 830 1003 gratiae

22 1018 141 1051 *Christh
156 1025 215 1053 quae
242 1024 294 1044 non
317 1017 395 1043 datur
410 1016 511 1044 Judaeis
523 1016 550 1043 in
578 1016 714 1050 impietate
738 1019 765 1042 et
786 1014 830 1041 in-

23 1064 161 1092 fidelitate
182 1062 397 1098 perdurantibus,
421 1062 483 1097 quia
498 1061 572 1089 Novo
595 1061 768 1089 Testamento
785 1067 830 1087 re-

25 1113 121 1140 ··velata
135 1116 186 1139 est.

68 1159 113 1186 11.
134 1157 197 1184 Cum
208 1160 326 1192 operatus
342 1156 535 1191 lanistarum,
548 1162 598 1181 non
619 1154 690 1181 dabit
709 1153 754 1180 tibi
772 1154 830 1189 sru-

0 1224 3 1229 .
33 1207 90 1232 eim
103 1212 181 1236 ruos;
196 1203 221 1230 in
237 1203 291 1237 ipsa
303 1203 374 1230 enim
388 1206 460 1229 terra
475 1209 555 1235 quam
570 1200 693 1228 Christus
705 1200 829 1235 portavit,

25 1249 61 1278 id
72 1254 124 1282 est,
140 1250 167 1277 in
190 1248 249 1283 ejus
263 1256 354 1281 carne,
379 1247 427 1282 ipsi
452 1247 553 1282 operati
568 1251 631 1273 sunt
649 1247 761 1274 salutem
783 1254 832 1273 no-

0 1294 3 1301 '
30 1299 131 1327 stram,
143 1294 322 1328 crucifigendo
333 1293 477 1325 Christum,
487 1291 531 1326 qui
542 1297 663 1318 mortuus
671 1296 712 1319 est
722 1297 832 1326 propter

25 1341 130 1369 delicta
149 1345 248 1367 nostra.
263 1338 318 1366 Nec
330 1343 418 1365 tamen
440 1339 478 1364 eis
492 1337 566 1364 dedit
579 1337 671 1363 eadem
694 1341 764 1364 terra
776 1336 831 1364 vir-

25 1391 117 1415 «tutem
129 1394 214 1419 suam,
234 1385 277 1420 qui
293 1392 345 1412 non
368 1384 507 1419 justificati
521 1383 620 1410 suntin
633 1383 730 1409 virtute
742 1390 832 1410 resur·

29 1433 164 1462 :rectionis
178 1432 236 1467 ejus
255 1432 300 1467 qui
313 1431 461 1459 resurrexit
483 1435 591 1465 propter
611 1429 831 1463 justificationem

25 1485 164 1514 nostram,
177 1479 237 1514 quia
261 1478 311 1506 etsi
326 1478 467 1506 crucitixus
484 1480 527 1504 est
547 1484 580 1503 ex
598 1476 752 1503 infirmitate
773 1483 833 1503 car-

26 1527 88 1562 mis,
103 1526 149 1554 sed
163 1526 227 1554 vivit
239 1526 264 1553 in
279 1526 375 1553 virtute
390 1524 437 1552 Dei

73 1571 115 1600 ¹2.
130 1572 192 1600 llaec
206 1575 248 1599 est
261 1579 325 1605 ergo
340 1571 425 1598 virtus
436 1575 515 1597 terrae
531 1569 612 1601 illius,
628 1577 706 1604 quam
722 1577 775 1597 non
787 1577 832 1598 os-

27 1619 121 1648 itendit
136 1618 224 1654 impiis
245 1622 272 1645 et
296 1617 451 1645 incredulis.
470 1616 544 1644 Unde
565 1624 615 1644 nec
636 1624 780 1651 resurgens
795 1617 833 1645 eis

27 1671 52 1691 -a
62 1665 157 1700 quibus
171 1668 226 1691 erat
241 1664 385 1691 crucifixus
399 1664 522 1698 apparuit
538 1668 664 1697 tanquam
681 1662 747 1690 Cain
768 1671 834 1698 ope-

28 1709 106 1737 «tanti
121 1714 227 1743 terram,
242 1714 267 1736 ut
282 1716 394 1743 granum
414 1709 479 1736 illud
505 1708 691 1735 seminaretur.
708 1709 797 1742 Vaaur
809 1714 833 1735 ει

28 1755 163 1791 iprosuqas
177 1755 247 1787 erim
266 1755 333 1787 sive,
351 1755 416 1781 utin
436 1753 609 1789 Septuaginta
628 1755 756 1789 scriptum
781 1759 832 1789 est,

29 1810 140 1838 *gemens
155 1807 176 1828 et
189 1807 295 1829 tremens
309 1802 358 1828 eris
372 1809 447 1837 super
461 1806 563 1828 terram.

79 1848 159 1884 281
179 1847 222 1875 15.
250 1847 326 1874 Nunc
341 1854 403 1874 ecce
423 1848 483 1881 quis
497 1855 549 1874 non
566 1847 674 1881 videat,
699 1848 759 1882 quis
780 1855 832 1874 non

0 1886 7 1897 ”
46 1898 185 1931 agnoscat,
201 1895 227 1921 in
242 1898 296 1921 tota
311 1898 391 1926 terra,
410 1901 569 1928 quacunque
581 1894 718 1928 dispersus
732 1898 775 1922 est
789 1894 833 1922 ille

2 1940 6 1952 '
46 1941 171 1976 populus.
189 1940 323 1974 quomodo
346 1940 381 1967 sit
395 1947 477 1974 vagus
492 1940 518 1967 in
533 1940 673 1975 gentibus,
701 1945 728 1967 et
743 1941 833 1975 proru-

32 1993 95 2022 igus
121 1993 135 2012 a
159 1985 329 2013 Jerusalem?
344 1985 478 2019 quomodo
495 1990 584 2020 gemat
600 1993 718 2012 moerore
742 1986 833 2012 amissi

0 2028 6 2058 ¹.
32 2031 130 2066 mesni,
148 2035 174 2058 et
190 2035 287 2058 tremat
300 2035 417 2058 tremore
431 2030 480 2057 sub
497 2030 736 2059 innumerabilibus
749 2039 833 2065 popu-

0 2074 6 2080 '
32 2075 76 2104 ῐΙὶε
85 2075 266 2103 Christianis?
282 2076 395 2110 ideoque
410 2075 622 2109 responditCain
630 2075 834 2111 dicenszMaJ'or

0 2129 2 2137 '
45 2127 83 2150 ut
94 2122 213 2157 iniquitas
228 2130 284 2148 mea
297 2130 374 2157 quam
390 2126 416 2148 ul
432 2122 529 2148 ueniam
546 2130 654 2148 merear.
672 2121 737 2148 Ecce
761 2123 834 2157 ejicis

33 2177 84 2197 ·me
99 2169 199 2196 hodiea
213 2169 279 2204 facie
294 2174 379 2201 terroe.
406 2174 429 2195 el
443 2178 459 2195 a
475 2169 541 2203 [acie
557 2173 601 2195 tua
624 2164 781 2200 abscondar,
810 2174 834 2196 et

0 2282 8 2291 .
47 2263 143 2291 venuit
155 2271 205 2297 me,
221 2263 317 2290 occidet
331 2270 380 2290 me.

80 2309 125 2338 tt.
141 2310 211 2338 Vere
225 2310 287 2338 inde
299 2317 380 2346 vagus
395 2314 423 2338 et
443 2310 571 2346 profugus
581 2311 667 2346 gemit
681 2315 708 2338 et
722 2311 831 2344 tremit,

81 2374 109 2402 9.
125 2373 223 2402 Deinde
233 2383 290 2402 cum
301 2376 415 2408 dixisset,
435 2383 519 2411 usque
533 2376 566 2403 ad
584 2376 693 2403 revelata
706 2381 758 2410 ert,
773 2378 842 2406 male

48 2409 146 2438 absunt
157 2417 172 2436 a
181 2411 315 2438 veteribus
327 2411 435 2438 lib.Val.
447 2415 474 2438 et
486 2411 592 2445 comp„
603 2419 664 2438 cnm
674 2412 727 2438 sint
738 2414 841 2448 Augus-

48 2443 96 2473 ti‘ni
110 2449 137 2472 et
148 2444 267 2479 legantur
282 2446 308 2472 in
324 2445 436 2473 excusis
447 2451 474 2474 et
488 2447 598 2482 reliquis
611 2447 658 2474 Ms.
670 2447 766 2475 Gtttu..

85 2479 130 2520 ¹:⁷²·
145 2477 234 2519 '⁴¹5⁰’ss
241 2484 277 2507 ent
286 2481 406 2515 iniquitat
419 2490 475 2508 mea
488 2490 514 2525 q.
531 2490 558 2509 u.
572 2491 596 2509 υ.
612 2490 646 2509 m.
659 2483 751 2510 Mirum
765 2503 774 2517 ,
786 2491 838 2511 non

48 2514 149 2543 vidisse
162 2533 170 2545 ‚
191 2515 312 2549 quisquis
323 2517 455 2551 vulgatam
477 2517 627 2545 editionem
642 2518 764 2551 suffecit,
784 2526 837 2547 non

0 2564 7 2572 -
49 2550 188 2578 eohoerere
203 2556 261 2582 tuta
274 2555 420 2585 sequuntur
428 2552 510 2579 verba
525 2560 531 2578 :
548 2552 625 2580 Hanc
642 2553 702 2580 dicit
715 2555 837 2589 majorem

51 2592 165 2612 cautam.
179 2583 333 2619 Legendurn
347 2592 411 2619 ergo
424 2594 432 2612 ε
447 2585 535 2622 Major
554 2592 590 2614 at
606 2596 686 2615 causa
700 2597 756 2615 mea
769 2611 776 2622 ,
801 2597 834 2617 ex

51 2619 124 2648 Lxx
133 2623 161 2647 et
173 2619 331 2659 Augustino.
341 2619 415 2647 idem
425 2621 502 2654 paulo
513 2626 572 2656 post
581 2623 718 2658 conjunxit
735 2628 836 2651 utram-

0 2670 2 2675 >
48 2660 106 2691 ‚que
123 2655 368 2688 interpretationem
380 2674 389 2687 ‚
402 2662 465 2682 curn
483 2656 551 2684 dicit
566 2666 573 2683 ι
595 2657 658 2686 Vere
678 2658 739 2685 inde
757 2666 835 2694 unqua

51 2690 211 2752 ‘psaffo
223 2690 300 2731 gennit
319 2693 344 2716 et
357 2689 440 2717 tremit
451 2709 460 2722 .
474 2697 535 2731 eum
548 2691 712 2728 Augustinus
731 2697 835 2722 tantum

82 2755 87 2760 ,
122 2759 128 2766 ¹
146 2723 168 2753 b
194 2723 218 2752 Χ
230 2728 405 2766 niterpretum
418 2724 555 2753 retulerit:
570 2726 635 2754 Vere
646 2727 705 2755 inda
724 2729 836 2763 ςιηιὶισι

73 2807 80 2823 ,
106 2763 484 2837 032.”12,'1120”‘'2322‘3÷'3‘W‘”‘”ss
491 2761 757 2831 affimat...
759 2805 793 2826 η.
805 2803 834 2828 .ι

186 2834 260 2860 noue
269 2831 455 2867 ωνιιιὶιιιιιω
465 2836 652 2871 argumentum
661 2832 834 2870 constituitur

27 2930 86 3016 ,i

0 2838 11 2870 G

28 2828 38 2867 n-

7 2953 11 3016 Ι

879 177 1026 204 occidatur.
1043 177 1118 205 lianc
1131 177 1196 205 dicit
1209 177 1340 211 majorem
1359 186 1466 206 causam
1479 199 1488 212 ,
1507 187 1587 214 quam
1601 180 1672 207 illam

879 222 951 257 quod
965 227 1037 250 terra
1053 228 1144 251 nostra
1160 231 1213 250 non
1231 223 1278 251 dat
1293 225 1420 253 virtutem
1436 233 1512 252 suam
1523 246 1531 259 ,
1547 233 1580 253 ne
1594 226 1674 260 spiri-

881 267 988 295 tualiter
1002 269 1141 295 moriatur.
1155 267 1308 297 Carnaliter
1320 270 1392 297 enim
1404 271 1483 304 sapit,
1497 275 1524 298 et
1534 271 1676 299 abscondit

879 320 909 341 se
921 320 937 340 a
951 313 1019 341 facie
1033 313 1093 347 Dei,
1110 314 1135 341 id
1147 319 1200 346 est.
1209 314 1307 342 iratum
1319 314 1420 342 habere
1432 315 1517 342 Deum
1530 324 1611 350 grave
1622 323 1675 344 non

879 362 966 392 putat,
989 358 1036 385 sed
1060 358 1114 385 hoc
1127 359 1222 391 timet,
1249 367 1284 386 ne
1306 359 1460 386 inveniatur
1483 364 1511 387 et
1527 361 1676 392 occidatur.

879 402 1028 429 Can-naliter
1056 403 1129 431 eitin:
1152 403 1242 437 sapit,
1261 408 1388 439 tanquam
1416 412 1533 439 operans
1558 410 1655 432 terram
1668 426 1677 441 ,

880 448 958 482 cujus
973 447 1098 474 virtutem
1115 455 1168 475 non
1185 448 1295 482 accipit.

917 493 962 521 15.
984 494 1087 529 Sapere
1110 500 1198 521 autem
1224 495 1373 522 secundum
1396 502 1505 524 tarnem
1530 505 1602 524 mors
1617 503 1675 532 est;

882 546 961 574 quam
975 546 1027 566 non
1044 539 1198 575 intelligens
1214 536 1275 574 ille,
1297 540 1398 568 amisso
1414 549 1508 576 regno,
1524 543 1623 577 gemit,
1651 550 1678 572 et.

880 585 1048 620 corporalem
1080 589 1195 612 mortem
1223 587 1322 613 tremit.
1348 586 1401 614 Sed
1417 588 1480 622 quid
1497 588 1521 616 ei
1540 590 1678 624 respondit

880 631 1029 658 Dominus?
1056 630 1229 666 Nequaquam
1249 632 1287 658 ita
1302 633 1369 666 fiet;
1396 634 1441 660 sed
1456 635 1538 661 οηιηίε
1553 636 1596 670 qui
1612 638 1679 663 occi-

880 678 948 704 derit
963 677 1039 709 Cain,
1055 677 1201 713 septuplum
1216 678 1337 712 punietur
1348 675 1365 711 ;'
1373 679 1442 713 sive,
1458 684 1487 707 ut
1502 680 1677 716 Septuaginta

881 723 1084 756 transtulerunt,
1100 727 1195 759 septem
1210 724 1340 751 vindictas
1355 727 1466 753 exsolvet
1473 734 1483 758 ,·
1500 726 1526 753 id
1543 731 1601 760 est,
1618 735 1674 754 non

880 770 935 802 sic,
957 769 1093 804 quomodo
1108 769 1194 802 dicis,
1219 777 1272 796 non
1298 771 1432 804 corporali
1447 776 1535 799 morte
1559 772 1679 800 interibit

23 831 165 867 quoniam,
185 829 275 857 occiso
291 828 410 862 Christo,
435 827 524 855 adhuc
546 831 672 861 operatur
693 831 827 853 terrenam
845 829 866 858 Β
881 823 965 851 genus
978 815 1090 850 implum
1105 814 1253 842 eilrnfllissffl
1269 814 1436 844 ludaeorum.

920 861 965 889 16.
982 861 1140 896 Quicunque
1151 869 1200 889 eos
1213 862 1248 888 ita
1264 862 1420 896 perdiderit,
1436 868 1539 898 septem
1547 864 1677 894 vindictas

882 907 1026 940 exsolvet,
1043 907 1070 934 id
1085 912 1144 940 est,
1169 907 1274 935 auferet
1296 908 1330 935 ab
1344 909 1383 935 els
1401 914 1506 944 septem
1522 910 1656 939 vindictas
1669 932 1676 944 ,

882 954 979 989 quihus
990 954 1093 988 alligati
1108 959 1170 982 sunt
1184 959 1294 990 propter
1308 959 1412 982 reatum
1427 956 1510 984 occisi
1522 956 1635 989 Christi,
1647 961 1678 984 ut

882 1000 934 1028 hoc
950 1005 1005 1028 toto
1029 1004 1163 1034 ternpore,
1178 1000 1250 1035 quod
1266 1002 1421 1034 septenario
1436 1001 1542 1029 dierum
1561 1010 1675 1030 numero

882 1046 999 1073 volvitur
1009 1067 1016 1080 ,
1035 1046 1121 1081 magis
1136 1046 1198 1080 qnia
1222 1053 1275 1073 non
1290 1047 1395 1074 interiit
1406 1054 1490 1081 genus
1506 1047 1658 1076 Judaeorum
1670 1070 1678 1083 ,

882 1092 951 1118 satis
967 1096 1098 1126 appareat
1114 1091 1238 1118 fidelibus
1260 1091 1440 1124 Christianis,
1463 1092 1509 1119 sed
1524 1093 1608 1119 solam
1624 1093 1680 1120 dis-

884 1137 1037 1171 persionem
1050 1136 1207 1171 meruerint,
1218 1137 1382 1172 282juxta
1393 1137 1465 1172 quod
1477 1137 1515 1164 ait
1523 1138 1678 1172 Scriptura:

884 1183 927 1210 Ne
942 1184 1067 1210 occideris
1088 1192 1131 1210 eos
1144 1204 1152 1217 ,
1175 1184 1309 1218 nequando
1323 1183 1508 1210 obliviscantur
1524 1185 1614 1219 populi
1628 1186 1678 1212 mei

883 1230 948 1265 legis
964 1235 1035 1261 tuae,·
1059 1230 1176 1264 disperqe
1196 1229 1255 1256 illos
1269 1230 1294 1255 in
1308 1229 1399 1256 virtute
1412 1234 1456 1256 tua
1468 1248 1475 1262 ,
1490 1233 1514 1256 ec
1527 1230 1625 1264 depone
1639 1239 1680 1258 eor

885 1275 999 1311 (Psalm.
1017 1284 1094 1308 cviii,
1114 1275 1167 1310 te).

920 1322 964 1349 17.
980 1322 1071 1349 Posuit
1087 1321 1216 1348 Dominus
1239 1322 1265 1348 in
1290 1321 1354 1348 Cain
1377 1322 1479 1357 signum
1493 1342 1501 1355 ‚
1515 1327 1542 1349 ul
1556 1331 1607 1350 non
1622 1332 1680 1350 cum

882 1367 1035 1402 interficeret
1052 1367 1135 1393 omnis
1149 1367 1193 1400 qui
1218 1366 1351 1393 invenisset
1366 1374 1434 1394 eum.
1451 1367 1509 1394 Hoc
1522 1375 1616 1396 revera
1630 1369 1681 1396 nti-

886 1414 971 1441 rabile
985 1418 1028 1441 est
1040 1435 1047 1448 ‚
1062 1413 1289 1448 quemadmodum
1305 1421 1399 1442 omnes
1415 1419 1508 1450 gentes
1523 1423 1584 1451 quae
1597 1423 1612 1443 a
1627 1416 1680 1444 Ro-

884 1460 970 1487 manis
981 1459 1131 1495 subjugatae
1146 1465 1219 1493 sunt,
1242 1460 1268 1487 in
1284 1460 1365 1487 ritum
1383 1460 1567 1489 Romanorum
1583 1469 1680 1490 sacro-

844 1522 868 1553 Ο
885 1514 944 1534 rum
961 1506 1125 1538 transierint,
1144 1513 1230 1541 eaque
1245 1505 1386 1541 sacrilegia
1397 1507 1579 1541 observanda,
1595 1513 1622 1536 et
1635 1515 1679 1536 ce-

887 1553 1015 1580 lebranda
1038 1554 1222 1586 susceperint;
1248 1560 1315 1587 gens
1338 1557 1426 1580 autem
1451 1553 1605 1581 ludaeorum
1623 1554 1680 1583 sive

885 1599 936 1626 sub
953 1598 1063 1633 paganis
1081 1599 1199 1634 regibus,
1219 1598 1275 1625 sive
1291 1598 1341 1625 sub
1357 1598 1527 1631 Christianis,
1543 1607 1596 1627 non
1613 1601 1679 1628 ami-

885 1646 951 1673 serit
965 1646 1069 1680 signum
1084 1646 1162 1681 legis,
1178 1646 1432 1680 etrcircumcisionis
1448 1654 1515 1680 suae,
1531 1654 1585 1682 quo
1598 1654 1613 1675 a
1625 1654 1679 1676 cae·

886 1692 950 1719 teris
964 1691 1090 1726 gentihus
1106 1691 1264 1726 populisque
1281 1691 1463 1726 distinguitur.

921 1738 966 1766 18.
980 1738 1034 1766 Sed
1049 1743 1074 1766 et
1087 1738 1176 1765 omnis
1190 1738 1349 1773 imperator,
1375 1739 1416 1765 vel
1431 1746 1477 1766 rex
1491 1759 1499 1772 ‚
1520 1739 1565 1774 qui
1582 1747 1628 1767 eos
1651 1740 1678 1768 in

885 1792 933 1812 suo
949 1791 1035 1819 regno
1050 1784 1172 1816 invenit,
1197 1791 1256 1810 cum
1272 1783 1331 1817 ipso
1353 1784 1428 1819 signo
1449 1791 1496 1811 eos
1513 1784 1631 1819 invenit.
1653 1791 1681 1815 et

886 1839 940 1859 non
958 1831 1076 1863 occidit;
1106 1831 1130 1857 id
1146 1835 1203 1862 cst,
1231 1838 1284 1857 non
1306 1830 1388 1858 efficit
1410 1836 1440 1858 ut
1454 1839 1509 1859 non
1524 1833 1579 1859 sint
1593 1832 1679 1862 Judaei

886 1882 961 1906 certo
981 1878 1097 1912 quodam
1113 1881 1139 1904 ct
1153 1877 1264 1911 proprio
1280 1884 1336 1903 suae
1356 1877 1554 1905 observationis
1574 1879 1652 1914 signo
1665 1887 1680 1907 a

885 1929 1046 1952 caeterarum
1062 1924 1183 1959 gentium
1199 1924 1389 1951 communione
1403 1923 1529 1957 discreti,
1555 1926 1607 1953 nisi
1622 1927 1681 1961 qui-

885 1978 991 2004 cunque
1011 1977 1104 1996 eorum
1128 1969 1161 1996 ad
1183 1968 1321 1996 Christum
1346 1970 1492 2003 transierit,
1510 1971 1604 2005 utiam
1628 1979 1681 2000 non

885 2017 1039 2044 inveniatur
1051 2016 1128 2049 Cain,
1145 2023 1232 2051 neque
1245 2020 1325 2044 exeat
1345 2023 1359 2043 a
1375 2016 1442 2044 facie
1454 2016 1513 2052 Dei,
1531 2025 1619 2053 neque
1631 2018 1680 2046 ha-

887 2063 954 2091 bitet
969 2064 995 2091 in
1015 2067 1086 2091 terra
1099 2063 1178 2090 Naid.

922 2121 966 2148 19.
985 2120 1054 2147 Exiit
1070 2128 1131 2156 erqo
1145 2129 1161 2147 a
1172 2120 1239 2155 {acie
1252 2119 1376 2154 Domini,
1395 2124 1418 2147 et
1433 2121 1557 2148 habitavit
1570 2121 1597 2148 in
1611 2125 1681 2149 terra

887 2165 969 2199 Nam,
985 2166 1057 2202 quod
1071 2166 1170 2194 dicitur
1183 2166 1388 2201 interpretatum
1405 2167 1555 2200 commotio,
1569 2167 1626 2196 sive
1640 2168 1681 2196 in-

0 2239 2 2249 ,
32 2224 87 2245 «ιω
100 2225 177 2253 vagus
196 2221 220 2244 et
235 2219 359 2252 profugus
386 2217 412 2243 in
427 2221 505 2243 terra.
527 2215 613 2251 Igitur
626 2217 708 2243 omnis
733 2217 778 2251 qui
791 2217 833 2244 in·
848 2213 876 2244 D
889 2213 1005 2247 stabilis,
1021 2218 1047 2240 et
1063 2212 1207 2248 fluctuans,
1223 2219 1251 2242 et
1265 2214 1340 2242 sedis
1353 2215 1475 2243 incertoe.
1488 2215 1589 2243 Contra
1610 2217 1681 2250 quod

889 2261 990 2288 malum
1006 2261 1076 2288 Deus
1093 2265 1202 2296 rogatur
1223 2261 1249 2288 in
1265 2262 1388 2296 psalmo:
1411 2261 1452 2289 Ne
1467 2262 1567 2290 dederis
1582 2262 1610 2288 in
1623 2269 1681 2289 mo-

888 2311 942 2334 tum
956 2307 1032 2342 pedes
1045 2314 1114 2334 meon
1127 2306 1240 2342 (Psatm.
1253 2308 1315 2343 txv)
1328 2316 1336 2341 ;
1350 2312 1377 2335 et
1389 2316 1397 2335 ι
1414 2307 1510 2334 Mamas
1520 2311 1682 2342 peccatorum

893 2377 927 2405 ad
934 2376 1073 2404 veritatem
1081 2375 1218 2410 religionis
1229 2375 1388 2402 Christianae
1398 2374 1583 2402 astruendam.
1593 2375 1680 2402 Ancv.

929 2412 974 2439 15.
990 2411 1090 2438 Amisso
1104 2418 1193 2444 reque,
1207 2411 1283 2445 qemit
1298 2415 1321 2436 et
1340 2410 1499 2444 corporalem
1513 2413 1620 2436 mortem
1632 2415 1682 2438 tre-

892 2449 949 2475 mit.
964 2446 1088 2480 Oportuit
1111 2445 1267 2472 mendacem
1295 2452 1442 2472 memorem
1456 2452 1525 2472 esse.
1547 2445 1680 2478 Quorsum

891 2484 963 2511 enim
979 2481 1056 2517 yemit
1067 2485 1089 2507 et
1110 2480 1215 2507 tremit?
1227 2481 1249 2506 si
1273 2479 1331 2507 haec
1343 2480 1421 2507 verba
1437 2479 1596 2514 explicanda
1612 2488 1682 2508 nuc-

890 2525 970 2581 ssuatln
999 2516 1049 2557 sibi
1077 2515 1237 2578 igolposuiti
1266 2515 1294 2542 ld
1327 2519 1416 2542 tamen
1445 2515 1582 2550 provisum
1609 2517 1681 2551 apud

957 2560 965 2579 ι
984 2559 1064 2579 rium.
1105 2559 1121 2578 n
1133 2559 1179 2578 At..

914 2560 996 2615 υῗὸᾰῗί.
1010 2587 1080 2618 Sive,
1096 2591 1123 2614 al
1138 2585 1210 2614 Lxx
1223 2586 1419 2614 transtulerum.
1436 2586 1493 2614 flue
1507 2590 1596 2618 recte3
1613 2586 1681 2616 vidit

891 2624 962 2652 enim
978 2631 1031 2650 non
1055 2622 1219 2657 respondere
1231 2621 1334 2656 reliqua
1349 2621 1438 2649 verbis
1457 2621 1532 2656 Vulg.
1548 2621 1599 2650 tut.
1616 2621 1678 2650 vie.

890 2660 1095 2694 ttieronymum.
1111 2657 1192 2691 epist.
1208 2656 1270 2689 ¹25.
1285 2657 1318 2683 ad
1332 2657 1452 2689 Dnmac..
1466 2665 1495 2692 q.
1507 2660 1534 2686 Ι.
1545 2657 1643 2686 Gnm..

926 2695 969 2723 16.
988 2695 1014 2720 ln
1031 2692 1160 2726 Vulgata:
1177 2691 1219 2719 Ne
1229 2693 1332 2719 occidas
1343 2700 1398 2719 eae.
1413 2693 1501 2721 Anu.

926 2730 970 2758 ¹8.
987 2728 1121 2762 Breulius,
1137 2727 1170 2755 ad
1186 2735 1284 2762 marg„
1296 2731 1372 2755 notat
1385 2735 1473 2763 neque
1485 2727 1515 2756 in
1530 2729 1598 2757 Cod.
1610 2735 1677 2763 ttts..

887 2773 981 2829 25⁹3ss
992 2761 1396 2830 ⁵30?⁹‘t:22'109‘23.⁰22¹3.¹1⁵v{?i
1405 2763 1498 2828 ”2¹:2²3
1511 2763 1571 2794 ¹²⁸⁰
1581 2765 1677 2804 '‘⁸‘’
