1832 3016
157 199 209 230 2-25

157 305 218 333 dam
233 303 301 330 viam
316 300 378 335 ligni
393 299 462 329 vitae.
480 297 641 331 temporales
654 303 740 331 poenoe
756 294 948 328 intelliguntur.

156 349 239 377 Nemo
253 347 324 373 enim
335 348 421 379 potest
434 341 573 378 pervenire
588 342 620 369 ad
639 341 762 368 arborem
770 341 840 373 vitae,
849 339 898 367 nisi
912 347 958 374 per

156 394 205 421 has
215 393 279 419 duas
288 398 339 421 res.
351 389 519 417 tolerantiam
530 388 633 415 scilicet
644 387 826 415 molestiarum
836 391 863 414 et
871 386 958 413 scien-

156 437 199 463 tize
209 435 412 470 plenitudinem,
422 433 449 461 id
457 438 507 465 est,
517 432 728 467 percharitutem
737 432 783 459 Dei
794 437 821 459 et
832 431 956 466 proximi.

156 480 296 508 Plenitudo
313 480 382 508 enim
398 478 464 513 legis
484 477 602 504 charitas
617 482 657 504 est
676 477 766 513 (Rom.
781 485 837 511 xm,
853 477 908 512 10).

463 523 577 551 CAPUT
609 523 653 550 vt.

275 572 311 599 De
331 570 395 598 Cain
414 574 439 597 et
459 568 532 601 Abel,
554 577 691 602 eorumque
710 569 839 605 progenie.

193 621 217 647 l.
238 620 322 646 Adam
334 626 398 646 vero
409 618 537 652 cognovit
553 617 652 644 {levam
666 624 779 645 uxorem
796 624 882 648 suam,
899 624 958 651 quae

155 665 287 698 concepit,
303 667 329 691 et
341 663 445 697 peperit
458 662 533 689 Cain.
550 662 720 696 ttursumque
733 662 835 696 peperit
847 662 958 688 fratrem

155 710 212 744 ejus
228 709 304 737 Abel.
320 709 480 737 Nativitates
504 709 585 744 278
604 708 717 735 duorum
739 708 854 734 liliorum
874 707 957 734 Adam

155 757 355 784 similitudinem
380 756 479 783 habent
503 756 618 782 duorum
631 755 802 789 populorum,
817 754 861 788 qui
883 758 960 781 erant

156 802 268 830 diversis
289 802 453 837 temporibus
468 801 501 827 ad
528 801 606 828 tidem
621 800 738 833 venturi,
750 800 807 834 pari
826 806 918 833 opere,
932 803 960 825 et

157 849 280 876 dissimili
294 849 423 876 charitate
437 853 499 875 ante
516 848 610 875 Deum.
627 847 690 874 Fuit
704 851 793 874 autem
816 845 883 873 Abel
900 852 959 879 pas-

157 901 199 923 tor
214 897 317 928 ovium,
330 900 358 923 et
370 895 434 922 Cain
450 894 577 930 agricola.

672 192 700 220 S.
723 189 848 219 isloottt
868 187 1090 219 ntsPALtchts
1112 186 1258 218 Et‘tscopl

157 264 286 296 pretatur.
297 258 405 285 Fratnea
417 259 481 281 vero
495 251 636 285 versatilis,
649 252 735 286 posita
746 250 778 277 ad
791 241 947 277 eustodienss
961 250 987 280 Α
999 250 1076 282 mine,
1087 250 1205 277 miserere
1211 250 1271 282 mei,·
1279 257 1342 276 sana
1356 256 1467 276 oninium
1476 246 1636 282 meam,qm‘a
1650 247 1770 283 peccavit

1007 294 1094 331 (Psal.
1107 303 1152 327 xz,
1165 294 1213 330 5);
1233 294 1373 328 eidemque
1389 297 1509 328 peccato,
1533 292 1649 327 quandiu
1661 292 1687 319 in
1712 299 1777 320 eoru
1792 326 1795 327 ⁷

1007 348 1121 375 corpore
1136 346 1208 368 esset
1230 340 1318 368 adhuc
1332 340 1446 373 mortali,
1463 347 1510 374 per
1531 346 1606 374 spem
1621 338 1713 373 gratiae
1728 328 1805 368 liberi

1008 386 1220 414 dominarentur.
1792 380 1794 386 '
1815 407 1821 411 ,

1046 432 1071 459 4.
1092 432 1167 460 Nunc
1182 436 1271 460 autem
1293 431 1448 466 ignorantes
1468 431 1513 459 Dei
1527 431 1671 466 justitiam,
1686 433 1714 459 et
1732 436 1806 459 suam

1009 479 1130 507 volentes
1143 479 1317 512 constituere,
1332 478 1396 506 elati
1407 478 1442 506 de
1457 478 1582 513 operibus
1597 477 1676 512 legis,
1692 484 1745 505 non
1755 475 1822 505 ltu-G

1009 526 1103 554 miliati
1119 526 1152 553 de
1167 526 1284 560 peccatis
1304 526 1372 558 suis,
1388 532 1440 552 non
1462 526 1640 559 quieverunt3
1656 524 1703 551 sed
1722 522 1796 552 offen

1009 572 1107 600 derunt
1120 571 1145 598 in
1161 571 1275 605 lapidem
1293 570 1460 602 ostensionis,
1479 574 1507 597 et
1524 573 1683 597 exarserunt
1703 558 1827 596 iracun-o‘

1010 620 1052 646 dia
1066 619 1197 646 adversus
1211 618 1358 650 Christum,
1370 616 1447 652 cujus
1462 624 1542 650 opera
1559 616 1679 644 videntes
1700 622 1781 650 accep

1011 665 1066 692 Deo
1081 672 1150 696 esse,
1164 664 1317 691 doluerunt.

1047 710 1072 737 5.
1095 710 1184 744 ltaque
1209 714 1268 744 post
1284 709 1342 736 hoec
1363 708 1494 735 occiditur
1519 707 1585 736 Abel
1601 707 1688 734 minor
1709 712 1774 735 natu

1012 757 1092 784 fratre
1105 756 1171 783 Cain
1185 755 1286 790 majore
1302 759 1373 782 natu.
1385 754 1522 782 occiditur
1537 753 1659 781 Christus
1670 757 1751 788 caput
1763 759 1827 788 pon*

1012 803 1064 837 puli
1081 803 1191 829 minoris
1206 807 1267 829 natu
1284 810 1298 828 a
1317 801 1414 835 populo
1435 800 1590 828 ludaeorum
1611 800 1713 835 majore
1738 803 1800 827 natu

1012 850 1056 877 ille
1068 850 1093 876 in
1110 857 1215 883 campo,
1233 849 1283 876 iste
1299 849 1324 875 in
1337 848 1466 875 Calvariae
1479 848 1549 876 loco.

1007 924 1011 927 ,
1048 895 1075 922 G.
1088 895 1235 929 lnterrogat
1247 895 1316 922 Deus
1327 895 1402 926 Cain,
1419 901 1471 921 non
1487 898 1613 929 tanquam
1628 894 1735 929 ignarus
1750 895 1832 922 eum?

191 942 218 968 Ξ.
240 942 291 970 Sed
307 942 376 969 sicut
397 941 462 969 Cain
486 940 647 968 sacrificium
669 946 702 966 ex
726 943 805 966 terrae
827 938 957 965 fructibus
973 936 997 967 B
1011 950 1025 969 a
1040 949 1093 976 quo
1108 942 1203 974 discat,
1220 942 1265 968 sed
1283 946 1407 976 tanquam
1421 941 1506 975 judex
1522 949 1598 968 reum
1615 949 1694 975 quem
1711 940 1823 976 puniat„

156 992 316 1025 reprobatur
331 1010 339 1022 ,
362 989 428 1016 Abel
453 993 542 1016 autem
574 987 734 1015 sacrificium
756 994 789 1013 ex
814 985 908 1012 ovibus
931 989 958 1012 et

158 1043 250 1064 earum
265 1036 343 1070 adipe
357 1035 510 1070 suscipitur,
526 1035 561 1061 ita
584 1034 649 1061 Novi
665 1032 831 1060 Testamenti
845 1031 909 1057 fides
924 1038 957 1058 ex

158 1080 310 1108 innocentia
330 1085 404 1115 grata
427 1080 509 1107 Deum
535 1079 647 1105 laudans
668 1077 772 1104 Veteris
793 1075 958 1103 Testamenti

110 1148 122 1160 ,
159 1126 273 1154 terrenis
293 1125 419 1159 operibus
442 1124 623 1158 anteponitur.
648 1122 719 1149 Dixit
742 1122 810 1148 Deus
829 1121 863 1148 ad
883 1120 958 1155 Cain,

159 1173 181 1199 si
196 1177 262 1199 recte
276 1172 380 1206 offeras,
393 1177 461 1199 recte
475 1176 560 1198 autem
574 1179 624 1197 non
639 1169 750 1200 dividas,
766 1168 885 1202 peccasti.
902 1166 960 1194 Uti-

160 1226 213 1253 que
232 1218 292 1253 quia
308 1217 356 1245 etsi
371 1217 456 1245 Judaei
479 1221 555 1244 antea
577 1220 650 1243 recte
666 1215 710 1241 illa
727 1214 859 1244 fecerunt,
876 1213 902 1239 in
927 1219 959 1240 eo

164 1269 251 1291 tamen
274 1264 436 1291 infidelitatis
462 1264 499 1291 rei
525 1268 596 1296 sunt,
611 1263 682 1297 quia,
699 1261 806 1289 Christo
822 1261 958 1294 veniente,

163 1310 219 1345 Jam
235 1315 339 1344 tempus
353 1309 418 1337 Novi
433 1309 597 1337 Testamenti
612 1316 626 1335 a
642 1313 762 1343 tempore
775 1307 878 1334 Veteris
891 1307 958 1334 Tes-

163 1356 275 1382 tamenti
290 1363 343 1383 non
360 1356 552 1383 distinxerunt.

197 1401 304 1435 5.Quod
318 1403 340 1430 si
352 1403 563 1437 obtemperasset
572 1403 626 1429 Deo
636 1402 702 1430 Cain
714 1402 828 1429 dicenti:
842 1402 957 1435 Quiesce,

162 1448 206 1475 sub
220 1453 242 1475 te
253 1449 301 1476 erit
311 1450 440 1482 appetitus
461 1453 530 1481 tuus,
546 1454 570 1476 et
592 1454 619 1475 tu
637 1448 808 1475 dominaberis
830 1448 911 1480 illias,
927 1448 959 1474 ad

162 1501 191 1521 se
204 1494 380 1522 convertisset
392 1499 531 1529 peceatum
554 1502 644 1527 suum,
659 1495 709 1521 sibi
724 1496 774 1521 hoc
790 1495 921 1526 tribuens,
934 1498 961 1521 et

163 1541 293 1568 confitens
306 1541 377 1574 Deo,
390 1548 421 1568 ac
434 1542 472 1568 sic
487 1541 594 1575 adjutus
618 1540 792 1575 indulgentiae
806 1540 890 1574 gratia
905 1540 961 1574 ipse

164 1591 272 1620 peccato
285 1594 335 1614 suo
347 1588 539 1619 dominaretur,
555 1594 608 1614 non
621 1586 665 1614 illo
675 1586 725 1613 sibi
737 1586 893 1613 dominante
905 1593 962 1612 ser—

164 1638 211 1658 vus
224 1636 295 1659 esset
309 1632 421 1667 peccati,
435 1639 484 1659 nec
500 1632 607 1659 iratrem
622 1631 765 1659 occidisset
777 1631 958 1663 innocentem,
975 1622 997 1652 C

164 1677 202 1704 sic
222 1677 364 1711 et-Judaei,
384 1678 409 1705 in
433 1685 544 1712 quorum
570 1677 627 1705 haec
651 1677 732 1712 figura
754 1677 926 1712 gerebantur,
938 1676 962 1703 si

165 1723 331 1756 quiescerent
354 1731 367 1748 a
390 1730 439 1750 sua
456 1722 668 1756 perturbatione,
685 1726 727 1754 et,
746 1727 850 1756 tempus
867 1721 962 1748 salutis

166 1768 330 1802 pergratiam
343 1769 369 1794 in
382 1768 566 1795 remissionem
580 1768 661 1802 279
670 1771 841 1801 peccatorum
848 1774 963 1801 cognos-

167 1817 269 1846 centes,
283 1813 406 1840 audirent
418 1813 553 1840 Christum
565 1813 699 1840 dicentem
711 1822 717 1840 ε
731 1813 793 1840 Non
803 1816 859 1842 veni
875 1822 965 1842 vocare

168 1858 260 1893 justos,
276 1858 320 1884 sed
333 1862 474 1892 peccatores
489 1858 522 1885 ad
536 1859 718 1892 paenitentiam,
732 1863 794 1887 tunc
809 1860 842 1887 ad
857 1868 886 1888 se
900 1868 964 1888 con-

169 1906 303 1930 verterent
326 1909 463 1938 peccatum
494 1912 570 1931 suum
592 1905 618 1932 in
644 1905 821 1939 confessione,
845 1907 913 1934 sicut
937 1907 963 1934 in

168 1946 275 1976 Psalmo
285 1956 318 1976 xi.
325 1950 452 1984 scriptum
459 1955 509 1982 est,
518 1951 622 1978 medico
629 1951 748 1980 dicentes
758 1961 764 1979 τ
776 1952 832 1987 qu
841 1954 904 1985 dixi,
914 1953 965 1981 Do-

206 2015 269 2043 cte.
283 2023 319 2042 vt.
343 2015 375 2043 N.
393 2016 419 2043 1.
437 2015 592 2044 Nativitates
613 2019 722 2045 duorum
743 2019 864 2052 filiorum,
879 2027 963 2052 usque

169 2050 203 2078 ad
229 2052 357 2085 plantatas
372 2052 517 2085 paradisus,
533 2053 672 2087 desumpta
689 2059 751 2081 sunt
764 2056 853 2081 omnia
864 2062 896 2082 ex
910 2056 963 2082 Αιι-

169 2087 267 2120 gustini
283 2094 319 2114 ιιι
336 2091 427 2114 contra
447 2087 966 2124 Faustum,cap.9.etquau=0rsequen-

171 2122 252 2154 (ihm,
264 2122 335 2148 uude
349 2126 412 2148 sunt
423 2123 544 2156 quaedam
559 2125 710 2150 emendata.
728 2125 823 2151 GtttAti.

206 2157 233 2183 5.
257 2155 296 2183 Ex
320 2157 464 2183 innocentia
477 2162 560 2191 qrata.
577 2157 674 2186 Gratioe
689 2160 850 2193 Augustinus
877 2167 907 2186 ea:
928 2159 968 2186 in-

171 2191 293 2218 nocentia·
302 2192 394 2225 qratia,
407 2192 531 2225 impress.
547 2192 642 2220 Gttttt„

1011 994 1038 1016 et
1048 989 1126 1016 dicit:
1141 989 1189 1016 Ubi
1200 990 1231 1015 sit
1245 989 1324 1022 frater
1343 989 1420 1023 ejus?
1435 988 1479 1015 ille
1494 988 1635 1022 respondit
1650 987 1754 1015 nescire
1774 994 1828 1020 sc..

1011 1043 1060 1062 nec
1081 1035 1138 1068 ejus
1155 1042 1185 1061 se
1206 1042 1266 1061 esse
1283 1034 1432 1061 custodem.
1451 1033 1540 1068 Usque
1562 1041 1631 1060 nunc
1654 1033 1717 1067 quid
1738 1032 1832 1060 nobi..

1013 1081 1175 1115 respondent
1187 1080 1285 1111 Judaei,
1303 1088 1363 1107 cum
1385 1088 1432 1107 eos
1446 1085 1598 1107 sanctarum
1615 1080 1824 1113 scripturarum

1011 1134 1076 1154 voce
1092 1127 1287 1161 interrogamus
1309 1126 1342 1153 de
1355 1125 1487 1153 Christo?
1515 1126 1554 1152 llli
1568 1125 1673 1153 nescire
1689 1133 1719 1153 se
1738 1125 1822 1153 Chri-

1011 1177 1081 1200 stum
1097 1172 1269 1206 respondent.
1284 1171 1376 1198 Fallax
1390 1171 1460 1198 enim
1472 1171 1537 1198 Cain
1552 1171 1693 1206 ignoratio,
1703 1171 1824 1199 ludaeo-

1012 1225 1071 1244 rum
1088 1221 1129 1243 est
1144 1216 1210 1243 salsa
1222 1216 1335 1251 negatio.

1048 1263 1073 1289 7.
1092 1263 1190 1289 Essent
1205 1267 1294 1289 autem
1309 1262 1423 1297 quodam
1439 1262 1519 1290 modo
1530 1262 1630 1289 Christi
1647 1262 1784 1298 custodes,
1792 1259 1824 1290 ss

1012 1309 1188 1337 Christianam
1206 1308 1284 1335 [idem
1304 1308 1426 1342 accipere
1447 1316 1476 1336 ac
1497 1308 1631 1336 custodire
1656 1308 1822 1337 votuissent„

1013 1355 1085 1382 Dixit
1102 1355 1168 1381 Deus
1183 1356 1216 1381 ad
1229 1354 1291 1381 Cain
1305 1363 1314 1382 .·
1326 1354 1394 1386 Quia
1406 1355 1507 1389 fecisti?
1519 1363 1568 1382 vox
1579 1355 1714 1391 sanquim's
1728 1355 1823 1390 [ναίὴ.

1012 1401 1048 1427 tui
1063 1401 1156 1427 clamat
1181 1400 1215 1426 nd
1238 1408 1276 1426 me
1298 1400 1329 1426 de
1349 1405 1425 1426 terra.
1443 1399 1489 1427 Sic
1506 1401 1595 1435 arguit
1619 1402 1645 1427 in
1670 1401 1823 1436 Scripturist

1012 1448 1112 1476 sanctis
1129 1456 1181 1475 vox
1197 1447 1287 1474 divina
1301 1446 1419 1474 Judoeos.
1438 1447 1524 1474 llztbet
1546 1447 1615 1474 enim
1632 1455 1754 1482 magnam
1770 1455 1824 1475 vo·-

1011 1502 1069 1522 cem
1085 1494 1183 1521 Christi
1198 1494 1308 1529 sanguis
1321 1494 1347 1520 in
1364 1498 1433 1520 terra
1449 1501 1528 1526 ;cum
1549 1494 1632 1526 enim,
1649 1500 1823 1522 sacramento·

1012 1547 1134 1576 accepto,
1147 1542 1180 1568 al)
1195 1541 1318 1568 omnibus
1331 1541 1454 1575 gentihus
1466 1541 1643 1575 respondetur
1655 1541 1746 1574 Amen,
1760 1542 1822 1569 haee·

1013 1593 1054 1615 est
1065 1595 1115 1614 vox
1131 1588 1213 1619 clara,
1235 1595 1287 1615 vox
1313 1587 1460 1622 sanguinis,
1483 1595 1563 1622 quam
1588 1588 1696 1622 sanguis
1711 1588 1760 1615 iste
1770 1595 1821 1615 ex-

1015 1634 1104 1670 primit
1114 1642 1147 1661 ex
1160 1642 1207 1660 ore
1220 1634 1336 1661 fidelium
1349 1634 1443 1661 eodem
1460 1634 1590 1668 sanguine
1605 1634 1822 1667 redemptorum„

1050 1680 1075 1706 8.
1099 1679 1169 1706 Dixit
1183 1679 1252 1706 Deus
1267 1679 1300 1706 ad
1321 1679 1385 1706 Cain
1399 1687 1408 1706 .·
1428 1678 1462 1705 Et
1484 1687 1550 1705 nuuc
1565 1678 1718 1706 maledictas
1732 1679 1782 1706 erit
1801 1686 1824 1706 a

1014 1730 1092 1758 terra,
1104 1733 1161 1760 quoe
1170 1726 1251 1760 280
1264 1725 1364 1758 aperuit
1378 1733 1406 1751 os
1420 1729 1537 1757 suum,et
1547 1725 1657 1758 suscepit
1666 1725 1824 1760 sanquinem

1016 1771 1104 1805 fratris
1129 1771 1166 1796 tui
1181 1770 1213 1796 de
1237 1778 1315 1796 manu
1329 1773 1384 1796 tua.
1411 1769 1569 1796 Maledictus
1584 1774 1624 1796 est
1640 1769 1710 1797 enim
1734 1776 1824 1804 popu-

1017 1816 1057 1843 lus
1071 1815 1222 1843 Judaeorutn
1244 1814 1359 1842 infidelis
1378 1822 1394 1841 a
1418 1819 1500 1848 terra,
1517 1814 1542 1841 id
1561 1818 1612 1846 est,
1629 1814 1662 1842 ab
1683 1813 1823 1848 Ecclesia..

1017 1868 1076 1896 quae
1091 1860 1196 1895 aperuit
1211 1867 1240 1886 os
1256 1867 1333 1886 suum
1346 1860 1372 1886 in
1383 1859 1552 1887 consessione
1565 1863 1735 1894 peccatorum
1747 1859 1824 1887 acci-

1019 1914 1081 1940 pere
1104 1906 1259 1939 sanguinein
1281 1905 1396 1938 Christi,
1420 1904 1464 1939 qui
1489 1904 1591 1932 effusus
1615 1909 1656 1933 est
1679 1905 1705 1932 in
1723 1904 1823 1932 retnis-

1018 1953 1119 1979 sionem
1135 1956 1305 1986 peccatorum
1325 1951 1442 1979 omnium
1465 1951 1499 1979 de
1513 1959 1593 1979 manu
1619 1951 1822 1987 persecutoris„

1015 2019 1084 2045 nitur
1098 2018 1155 2045 hoec
1167 2018 1242 2044 addit
1255 2026 1260 2043 :
1275 2018 1406 2051 Quoerieur
1421 2022 1504 2045 autem
1526 2025 1571 2044 cur
1584 2018 1652 2045 Deus
1662 2019 1827 2053 sacrificium·

1018 2054 1078 2080 Abel
1092 2054 1211 2087 suscepit,
1227 2057 1249 2078 et
1263 2062 1278 2079 a
1292 2054 1417 2087 sacrificio
1444 2052 1508 2080 Cain
1524 2054 1611 2081 oculos
1631 2061 1691 2081 suos
1715 2055 1815 2091 avertit,

1019 2090 1067 2115 nisi
1078 2090 1136 2123 quia
1152 2097 1202 2115 non
1217 2089 1265 2123 fait
1278 2088 1390 2114 charitas
1405 2090 1432 2115 in
1455 2088 1530 2121 Cain,
1545 2093 1569 2115 et
1583 2089 1634 2115 nisi
1648 2093 1713 2116 esset
1727 2088 1814 2116 chari-

1020 2128 1057 2150 tas
1068 2125 1094 2150 in
1105 2124 1176 2155 Abel,
1195 2132 1246 2150 non
1261 2124 1387 2158 acciperet
1409 2124 1476 2150 Deus
1495 2124 1650 2158 sacrificium
1667 2126 1732 2158 ejtta.
1753 2123 1824 2151 Canta

1022 2160 1090 2185 enim
1111 2159 1185 2185 ambo
1199 2159 1359 2190 obtulissent,
1370 2159 1414 2186 itte
1435 2160 1466 2185 de
1481 2159 1606 2193 [ructibus
1621 2163 1706 2191 terrae,
1731 2159 1775 2186 itte
1787 2159 1827 2187 det

1022 2194 1143 2228 [ructibus
1158 2195 1251 2225 ovium.
1279 2202 1352 2220 nemo
1374 2198 1444 2229 putet
1457 2194 1518 2229 quia
1544 2193 1610 2221 Deus
1625 2194 1723 2229 fructus
1743 2199 1826 2222 terroe·

207 2224 277 2251 thid.
303 2226 481 2258 Anteponitur.
512 2226 574 2254 Post
597 2229 653 2254 haec
673 2228 751 2255 verba
772 2229 968 2263 interjiciuntur
982 2229 1138 2263 IonquIext't,
1157 2234 1179 2255 et
1200 2230 1266 2264 [etus
1278 2230 1361 2255 ovium
1377 2230 1462 2264 elegit.
1484 2229 1544 2255 Nem
1565 2229 1672 2256 intendit
1692 2229 1762 2256 Deus
1783 2229 1825 2256 aa·

172 2260 292 2296 qnaedam
309 2259 334 2287 in
351 2259 441 2288 Codic.
458 2260 516 2287 Val.
533 2265 561 2288 et
576 2262 694 2296 CompI..
718 2271 777 2295 quae
792 2265 878 2290 aliena
894 2271 963 2296 esse,

172 2295 248 2323 locus
259 2294 402 2330 Augustini
417 2296 592 2330 interruptus,
619 2302 646 2324 et
660 2297 703 2324 alii
721 2297 781 2324 libri
799 2306 862 2325 mss.
879 2304 905 2325 ct
917 2299 965 2325 itn-

173 2330 270 2371 pressi,
283 2337 298 2356 a
310 2330 406 2365 quibus
424 2331 532 2364 absunt,
552 2333 618 2359 satis
632 2331 781 2359 ostendunt
795 2341 801 2364 ;
829 2338 855 2359 et
869 2334 890 2359 si
903 2333 965 2367 qnid

172 2366 198 2393 iu
215 2371 255 2392 ets
270 2366 326 2392 sani
342 2370 394 2397 est,
416 2365 494 2400 paulo
515 2371 575 2398 post
591 2368 728 2400 repetitur.
741 2366 804 2400 Qum
821 2371 908 2394 tamen
924 2369 967 2395 hie

172 2400 266 2428 reterri
278 2400 343 2428 nihil
355 2401 484 2428 obfuerit:
497 2399 551 2428 Iste
560 2407 645 2429 autem
653 2402 722 2436 filius
732 2401 804 2434 Cain,
812 2403 856 2436 qui
866 2408 968 2429 uocatur

173 2435 273 2467 Enoch,
286 2436 312 2462 in
322 2436 396 2471 cujus
407 2436 510 2463 nomine
522 2437 624 2464 condita
633 2443 669 2464 eet
678 2438 775 2471 civitas,
785 2437 967 2474 t’nterpretattag¹

173 2471 318 2503 dedicatio,-
331 2471 468 2506 impt'orum
478 2471 545 2498 enim
559 2473 685 2499 dedicatio
697 2473 725 2499 in
739 2472 787 2498 hac
801 2472 853 2499 vita
860 2473 968 2507 fundata

173 2511 219 2533 est.
237 2504 326 2533 Enoch
337 2511 421 2534 autem
429 2508 517 2542 justas
536 2507 567 2534 ab
583 2508 666 2535 Adam
682 2510 802 2541 septimus
818 2513 840 2534 et
859 2507 914 2540 ipse
925 2507 970 2534 de-

174 2541 268 2568 dicatio
277 2542 336 2568 item
350 2542 455 2569 dicitur.
480 2540 534 2568 Sed
548 2543 686 2570 translatae
704 2542 811 2570 ostendit
819 2543 904 2578 justos
914 2542 970 2578 (per

174 2577 242 2611 quod
262 2577 316 2610 ipse
328 2582 366 2604 eet
384 2577 552 2612 septimania
568 2579 619 2612 fine
628 2598 635 2609 ‚
645 2579 693 2605 hoo
702 2578 774 2605 estin
794 2579 900 2613 septimo
909 2577 969 2605 mil-

175 2612 262 2638 lesimo
273 2619 400 2639 annorum
411 2613 443 2639 ab
454 2614 502 2639 hac
512 2612 672 2641 dedicatione
682 2618 789 2641 terreuoe
805 2613 913 2640 cit-team
922 2612 970 2640 ab·

175 2645 265 2687 ituros.
280 2646 318 2674 De
327 2655 379 2683 qua
393 2650 527 2677 sententia
538 2650 615 2684 paulo
631 2652 702 2683 post,
717 2649 770 2676 hoe
787 2648 882 2676 eodem
894 2655 966 2683 cap.,

176 2685 240 2722 etin
257 2683 469 2723 erpositionibus
484 2685 569 2712 Exod.
595 2691 620 2712 c.
635 2690 709 2716 xxix,
723 2684 875 2717 importune
893 2691 971 2718 repe—

176 2719 235 2750 uta,
247 2717 309 2750 qutd
324 2718 480 2752 sentiamus.
493 2727 556 2748 mox
571 2719 699 2748 dicemus.
714 2718 810 2747 Gaui..

211 2749 280 2778 ma.
296 2751 322 2779 ln
331 2752 451 2788 vulgata:
469 2755 563 2784 Nonne
576 2755 599 2783 σι’
613 2754 676 2782 bene
689 2754 779 2790 egerit,
795 2753 972 2788 recipientia

177 2789 260 2828 utitem
273 2787 349 2819 male,
356 2789 443 2816 statim
454 2791 482 2818 in
499 2791 595 2826 sorim·
607 2794 740 2826 peccatum
751 2788 852 2817 atterit?
861 2789 915 2818 sna
925 2789 973 2816 sub

179 2823 204 2860 ις
216 2826 262 2848 ent
276 2823 402 2857 appetitus
415 2825 471 2860 ejtu
479 2846 487 2859 ,
501 2830 524 2853 et
535 2829 564 2853 ιιι
577 2825 749 2863 dominaberis
765 2823 846 2855 tettan,
858 2823 900 2861 119
913 2831 974 2852 vet·-

179 2860 256 2882 ⁸¹⁰¹¹0
272 2862 351 2890 ‘itum
371 2859 645 2893 seqnitur'tsttlorun.
665 2858 728 2889 vide
744 2862 920 2888 comittantur.
939 2859 974 2887 ad

180 2887 363 2924 Pmdenllum·
377 2899 437 2928 m.
447 2893 510 2923 ⁴05.
525 2894 616 2924 codex
630 2895 748 2924 Floreat.
761 2895 788 2927 1.
797 2899 858 2932 post
869 2898 975 2932 antepo-

1020 2272 1122 2295 titanas,
1135 2265 1179 2290 ned
1193 2265 1218 2290 in
1240 2264 1315 2290 corde
1326 2264 1398 2296 vidit,
1416 2271 1439 2290 ct
1453 2272 1528 2298 quem
1549 2263 1611 2290 vidit
1622 2272 1680 2291 cum
1697 2265 1827 2292 charitasa

1018 2299 1124 2331 offerre.
1135 2299 1214 2332 ipsius
1225 2299 1379 2331 sacrificium
1391 2299 1502 2332 respexit
1513 2307 1519 2328 ,·
1535 2306 1610 2332 quem
1623 2300 1687 2326 vidit
1701 2307 1758 2326 cum
1771 2300 1824 2326 inm

1019 2332 1088 2359 vidia
1100 2333 1201 2367 offerre,
1211 2334 1240 2359 ab
1249 2333 1330 2367 ipsius
1343 2333 1469 2366 sacrificio
1478 2333 1563 2359 ocutos
1572 2335 1670 2361 avertit.
1680 2333 1750 2368 Alia,
1759 2342 1825 2370 quta·

1019 2368 1069 2395 hoc
1092 2369 1150 2396 loco
1174 2368 1250 2395 affert
1274 2367 1389 2394 Grialius
1412 2375 1446 2394 ex
1472 2367 1523 2396 Ms.
1540 2367 1595 2394 Val.
1612 2373 1639 2395 et
1656 2368 1771 2404 compl„
1790 2369 1826 2398 in·

1019 2402 1093 2464 glor.
1115 2404 1127 2430 1
1152 2406 1257 2430 exstant
1281 2410 1354 2429 num.
1376 2401 1422 2436 22,
1447 2402 1492 2429 ubi
1523 2402 1556 2430 de
1588 2403 1695 2432 ssenoch
1720 2405 1815 2439 agitur.

1045 2445 1106 2464 nav.

1019 2508 1028 2535 1
1055 2472 1081 2498 5.
1097 2472 1237 2535 Εὲιιηιᾳαι
1249 2477 1362 2508 peccato.
1380 2471 1540 2508 Eidemque.
1558 2474 1731 2509 Augustinus,
1745 2474 1826 2504 faciit

1029 2515 1105 2542 apsu.
1133 2508 1218 2535 'nmn

1056 2542 1125 2570 Ibid.
1143 2543 1206 2570 Post
1219 2543 1328 2570 verbum
1353 2543 1488 2577 dicentem,
1502 2543 1547 2571 alii
1561 2543 1662 2572 addunt
1673 2553 1684 2577 ι,
1704 2543 1766 2572 Non
1778 2549 1817 2573 eet

1021 2586 1084 2614 opus
1098 2578 1166 2606 sanis
1180 2579 1302 2606 meatem.
1314 2578 1347 2605 Ec
1362 2579 1451 2606 iterum
1462 2587 1472 2606 ,-
1488 2578 1577 2606 Omnis
1591 2579 1634 2614 qui
1647 2578 1709 2615 [αι-11
1722 2587 1814 2615 pecca-

1021 2618 1179 2646 tam,sert*tas
1189 2617 1227 2640 est
1238 2614 1343 2647 peccati.
1360 2613 1393 2641 Et
1403 2615 1510 2642 iterum:
1524 2614 1556 2642 Si
1569 2623 1612 2642 twa
1620 2610 1709 2642 Fili-s
1724 2614 1816 2642 libera·

1021 2649 1094 2682 verit,
1108 2656 1164 2676 vere
1176 2649 1247 2676 tiberi
1262 2647 1383 2676 eruimEt
1396 2650 1504 2678 iterum.-
1515 2647 1578 2678 Noa
1590 2649 1656 2679 oeni.
1670 2649 1758 2682 Διιεν.
1777 2647 1794 2682 ’,

1022 2721 1042 2748 Α
1057 2684 1084 2711 7.
1100 2683 1162 2724 Cam
1172 2685 1249 2717 enim,
1273 2689 1430 2712 sacramento
1441 2690 1555 2721 accepto.
1567 2683 1640 2717 Cum.
1653 2691 1684 2712 eo
1696 2689 1811 2721 accepto,

1046 2727 1063 2747 u
1082 2725 1195 2748 ustinus.
1209 2721 1293 2747 Gntn.
1782 2741 1794 2747 .»

1075 2754 1128 2782 bid.
1138 2754 1313 2790 Reiponaeaur
1320 2755 1412 2783 Amen.
1423 2755 1459 2784 lta
1465 2743 1710 2791 respondebatnr'in
1715 2742 1828 2785 ιιιιὶῆὸι·

1023 2790 1400 2854 semetpsis-2⁹·
1415 2789 1644 2854 ”etQ-‘¹⁹⁶-
1662 2788 1832 2853 mag:

1025 2861 1108 2924 duffii·
1119 2834 1463 2932 mz'figcfflvffif
1470 2824 1832 2900 ᾱῖοδᾞῶυώὥυξ

1573 2890 1580 2897 “
