1832 3016
183 125 236 155 303

218 182 262 209 78.
283 181 376 208 Omma
392 178 537 206 mediocria
553 178 637 212 utilia,
659 178 748 204 omnia
771 177 798 204 in
823 183 873 203 suo
889 175 970 203 modo
982 175 1008 207 Α

182 228 313 263 perrecta;
328 233 385 260 quae
399 233 458 251 curn
472 226 648 259 temperantia
666 225 743 256 liunt,
759 223 878 250 salubria
894 227 967 250 sunt.

181 274 252 300 Boua
264 276 353 298 autern
378 270 554 297 immoderato
569 278 619 298 usu
645 271 722 296 noxia
738 270 902 297 efficiuntur.
928 269 970 296 Ni-

180 319 273 345 mietas
289 317 358 343 enim
374 316 461 343 omnis
477 316 503 343 in
521 316 584 343 vitio
603 317 764 351 deputatur;
781 323 860 343 omne
879 319 967 343 autem

178 362 247 397 quod
262 369 326 388 cum·
346 361 528 388 moderatione
554 360 583 387 lit
606 361 748 388 salubriter
769 360 808 393 fit,
831 368 890 395 quae
907 367 967 387 cum

178 408 353 442 temperantia
366 407 431 433 liunt
445 407 560 434 salubria
572 413 643 434 sunt.
656 407 787 441 Tempera
798 412 892 434 cuncta
904 415 968 441 pru-

177 453 281 486 denter,
304 461 337 480 nc
353 453 385 480 de
411 453 481 480 bono
510 453 554 480 liat
580 454 695 487 malum,
712 454 834 488 perspice
859 462 967 490 quoque

177 500 240 533 quid
255 499 296 526 eui
313 504 403 533 aptum
419 499 454 526 sit
469 500 594 534 tempori,
612 500 674 535 quid
691 500 748 534 ubi,
763 501 880 535 quando,
902 509 967 536 qua-

175 546 246 577 liter,
260 545 375 580 quaudiu
391 544 478 572 faeere
494 545 602 573 debeas.

211 591 254 622 79.
276 590 376 617 Causas
401 599 489 618 terum
513 597 540 618 et
557 597 704 627 temporum
722 594 827 628 regulas
852 594 964 626 inspice,

173 636 337 670 singulorum
354 644 466 671 operum
490 638 680 666 discretionem
698 647 832 674 agnosce;
850 640 965 675 diligen-

175 686 214 709 ter
228 682 362 716 distingue
377 684 464 710 omnia
485 692 544 718 quae
559 685 633 719 agis;
659 685 774 719 qualiter
788 685 885 712 bouum
901 686 966 712 inci-

174 730 241 764 pias,
259 731 371 764 qualiter
387 739 509 765 peragas,
528 732 605 758 scito.
631 731 659 758 ln
685 732 757 759 omni
781 734 887 760 actione
906 739 966 760 tene

175 775 384 809 discretionem,
416 777 442 803 in
473 778 544 804 nulla
574 786 603 805 re
628 778 788 806 indiscretus
823 787 963 814 appareas.

175 823 251 850 Servi
269 823 410 857 unicuique
421 824 512 850 virtuti
523 831 549 849 >-
563 831 707 860 congr-ue,·t
721 826 746 852 in
769 830 889 860 tempore
900 833 963 859 suo;

175 877 235 896 cum
251 869 319 896 bene
333 869 487 897 distinxeris
507 878 574 905 opus
588 875 673 903 tuum,
688 877 714 898 >⁴
736 872 836 906 optime
849 878 865 900 *i
880 872 969 906 justus
984 870 1008 899 B

174 915 382 949 eris.Quidquid
405 915 468 942 boni
493 923 552 943 cum
567 916 728 944 discretione
752 918 858 949 leceris,
880 918 963 945 virtus

173 966 230 993 est3
247 961 373 995 quidquid
398 962 455 989 sine
472 962 633 990 discretione
655 964 781 997 gesseris,
804 964 896 990 vitium
911 968 961 991 est.

208 1008 251 1035 80.
277 1008 366 1035 Virtus
392 1008 462 1035 enim
492 1009 634 1036 indiscreta
658 1018 705 1044 pro
727 1010 791 1037 vitio
810 1010 962 1044 deputatur,

171 1054 257 1081 virtus
272 1055 329 1081 siue
354 1055 517 1083 discretione
538 1057 593 1083 vitii
619 1057 722 1084 obtinet
747 1057 855 1090 locum;
880 1059 962 1085 multa

170 1105 233 1128 sunt
248 1102 442 1129 consuetudine
458 1102 560 1136 vitiata,
575 1104 658 1130 multa
674 1111 756 1138 pravo
771 1111 821 1131 usu
834 1112 961 1138 praesum-

170 1151 225 1181 pta,
250 1147 330 1174 multa
354 1153 446 1175 contra
470 1149 579 1182 pudicos
595 1157 683 1176 mores
705 1149 797 1176 illicite
812 1155 958 1184 usurpata;

169 1194 258 1220 adime
273 1194 504 1227 consuetudinem,
519 1203 597 1222 serva
613 1196 718 1230 legem3
734 1204 798 1223 usus
809 1197 961 1223 auctoritati

172 1239 259 1270 cedat,
277 1247 387 1273 pravum
405 1249 479 1267 usum
497 1241 539 1268 lex
561 1247 586 1268 et
603 1242 670 1268 ratio
685 1243 781 1269 vincat.

208 1286 289 1321 518
300 1287 343 1312 81.
365 1287 440 1318 Quod
465 1288 510 1314 tibi
526 1288 584 1315 lieri
601 1289 651 1322 vis,
666 1289 706 1315 sac
720 1290 797 1316 alteri
812 1299 818 1322 ;
836 1290 906 1325 quod
922 1291 962 1317 vis

172 1335 201 1357 ut
224 1330 302 1358 saciat
317 1331 384 1358 alius
400 1333 456 1365 tibi,
478 1333 528 1359 hoc
543 1337 570 1360 et
599 1340 624 1360 tu
649 1335 727 1362 facito
750 1335 788 1361 illi
803 1343 809 1361 ε
827 1336 886 1363 talis
901 1340 962 1364 esto

169 1376 229 1403 aliis
243 1377 334 1411 quales
348 1385 407 1404 esse
423 1382 499 1412 optas
515 1379 585 1406 circa
599 1385 624 1406 te
640 1380 715 1406 alios.
733 1381 898 1409 Testimonio
916 1386 961 1408 tuo

170 1421 236 1449 nulli
252 1429 362 1455 noceas,
387 1423 419 1449 ad
443 1424 539 1451 nullius
555 1425 701 1458 periculum
719 1434 811 1453 vocem
836 1428 960 1455 testifica-

168 1468 248 1495 tionis
263 1468 401 1495 adltibeas.
418 1469 514 1496 Sermo
531 1474 591 1497 tuus
612 1478 661 1498 nec
676 1472 773 1498 animae
788 1472 956 1507 cujusquam,

166 1521 215 1541 nec
234 1514 313 1541 rebus
334 1519 438 1544 noceat.
455 1515 531 1549 Quod
560 1523 611 1543 non
637 1517 677 1543 vis
693 1518 758 1552 pati,
781 1527 832 1545 non
857 1519 956 1551 sacias;

166 1560 236 1594 quod
251 1567 303 1586 non
325 1561 366 1587 vis
382 1561 439 1588 fieri
452 1562 508 1593 tibi,
526 1562 601 1589 alteri
627 1570 762 1597 nunquam
777 1564 879 1594 facias:
903 1574 955 1593 non
972 1559 994 1590 C

167 1607 267 1634 inseras
281 1608 326 1634 alii
338 1608 418 1639 titula,
435 1615 469 1634 ne
482 1609 589 1642 patiaris
605 1609 710 1635 similia.
727 1609 754 1636 ln
769 1615 794 1636 te
810 1618 887 1637 serva
904 1619 957 1638 mo-

167 1653 293 1685 destiam,
311 1655 335 1681 in
361 1653 420 1680 aliis
434 1661 511 1680 serva
524 1654 667 1688 justitiam,
683 1659 743 1682 tene
756 1656 824 1689 juris
843 1657 956 1691 acquita-

164 1703 228 1732 tem,
246 1707 359 1734 sequere
377 1701 518 1726 veritatem
533 1700 702 1733 judiciorum.

199 1747 245 1774 82.
265 1746 370 1773 Nullum
386 1751 477 1773 contra
493 1747 632 1774 veritatem
649 1747 795 1780 del'endas;
813 1748 956 1784 dumjudi-

162 1800 219 1827 cas,
235 1793 332 1820 nullius
349 1800 470 1827 personae
484 1793 580 1820 affeetu
596 1794 748 1822 deflectaris
767 1803 780 1821 a
799 1802 872 1823 vero.
889 1796 952 1823 Pau-

167 1846 214 1873 per
232 1846 266 1866 an
287 1839 362 1865 dives
386 1839 431 1871 sit,
451 1847 556 1866 causam
573 1840 705 1875 perspice,
730 1848 782 1868 non
800 1849 952 1875 personam.

166 1886 194 1912 ln
217 1885 341 1912 omnibus
361 1886 502 1912 veritatem
517 1887 634 1919 custodi,
651 1886 722 1914 nulla
747 1888 896 1915 ambitione
913 1890 954 1916 vel

164 1933 250 1968 pretio
275 1932 420 1959 movearis.
446 1932 549 1966 Sperne
572 1933 652 1960 etiam
675 1941 781 1966 munus,
803 1942 836 1961 ne
858 1942 905 1969 per
929 1935 954 1962 id

160 1979 261 2014 justitia
274 1983 478 2012 corrumpatur3
495 1985 605 2005 munera
621 1986 729 2013 semper
741 1980 879 2008 veritatem
892 1989 954 2016 prae-

161 2026 288 2052 varicant.
305 2024 365 2051 Cito
385 2027 457 2052 enim
478 2025 592 2052 violatur
610 2034 676 2053 auro
689 2027 802 2061 justitia,
825 2029 880 2055 cito
895 2036 955 2055 cor-

160 2071 292 2105 rumpitur
303 2079 430 2103 munere;
447 2071 481 2099 de
496 2071 568 2107 justo
583 2072 686 2107 judicio
707 2075 863 2108 temporalia
878 2074 951 2101 lucra

161 2124 215 2142 non
237 2122 360 2150 appetas,
378 2124 425 2150 pro
444 2117 547 2151 justitia
573 2118 675 2145 nullum
698 2120 788 2146 saecuti
813 2121 951 2155 praemium

159 2167 274 2195 quaeras.
298 2162 433 2189 Justitiam
461 2169 508 2196 pro
536 2163 594 2190 sola
617 2167 717 2191 aeterna
737 2166 952 2194 remuneratione

160 2207 300 2234 distribue.

196 2254 242 2281 83.
259 2253 309 2287 Qui
330 2253 401 2281 euim
429 2254 571 2288 praesentia
592 2255 661 2282 dona
684 2256 803 2288 affectat,
832 2259 948 2286 futuram
964 2245 992 2276 D

160 2300 270 2335 gloriam
293 2307 346 2327 non
372 2304 481 2334 sperat;
496 2300 541 2335 qui
557 2301 624 2328 bona
647 2301 690 2327 liic
715 2302 819 2335 recipit,
837 2304 951 2331 ulterius

159 2346 228 2381 quod
245 2350 381 2381 exspectet
396 2346 535 2381 praemium
557 2354 611 2373 nou
626 2346 716 2374 habet.
737 2347 804 2375 Dum
822 2349 892 2376 enim
907 2349 950 2383 ju-

193 2428 237 2455 78.
259 2427 313 2462 At„
334 2427 430 2461 respice
441 2436 451 2461 ‚·
464 2428 510 2459 al..
527 2436 652 2464 prospice,
672 2437 720 2463 pro
739 2433 863 2466 perspice.
878 2432 951 2462 Man:

194 2464 237 2491 80.
270 2463 336 2490 Usus
363 2465 510 2491 auctoritati
538 2465 622 2492 cedat.
646 2463 799 2497 Gratianus,
827 2468 888 2494 dist.
905 2469 950 2502 tt,

157 2506 217 2533 cap.
240 2499 266 2531 Ι,
292 2499 363 2526 bunc
384 2499 470 2526 iocum
490 2500 516 2526 in
543 2506 620 2526 suum
641 2499 778 2528 decretum
803 2503 949 2537 transtulit,

157 2540 247 2568 atque,
266 2534 324 2568 ejus
347 2534 508 2562 auctoritate
531 2535 654 2568 permoti,
677 2535 789 2563 alteram
806 2537 949 2566 lectionem

133 2586 135 2589 -
157 2570 310 2603 reiecimus,
321 2577 381 2603 quae
393 2570 509 2604 plurium
523 2569 652 2597 Codicum
666 2575 736 2604 erat,
751 2572 778 2598 in
792 2573 889 2607 quibus
901 2581 950 2607 pro

159 2605 210 2632 iltis
224 2605 322 2638 verbis,
334 2613 395 2632 usus
405 2606 551 2632 auctoritati
562 2605 644 2639 cedat,
658 2606 795 2640 tegebatur
811 2608 884 2635 cedat
893 2616 950 2636 con-

157 2639 264 2666 suetudo
276 2641 432 2668 auctoritati.
451 2640 570 2668 Tametsi
586 2642 789 2676 suspicabamur
810 2647 952 2678 utrumque

158 2675 298 2710 legendnm
304 2682 367 2703 esse
377 2675 427 2703 ltoe
433 2676 537 2708 ordine,
544 2676 618 2703 cedat
626 2677 783 2705 conmenta
791 2679 950 2712 auctoritati,

158 2717 218 2736 urus
228 2711 373 2737 auctoritati·
384 2711 473 2745 cedat,·
481 2719 542 2739 cum
555 2710 612 2739 baec
623 2713 658 2739 sit
671 2713 712 2740 vis
722 2712 951 2749 Synonymornm,

159 2749 189 2771 ut
209 2745 302 2772 eadem
317 2747 450 2774 sententia
464 2746 588 2782 pluribus
601 2747 694 2775 verbis
707 2753 855 2784 repetatur.
875 2748 953 2783 Quod

160 2786 224 2806 vero
243 2781 334 2808 statim
356 2781 402 2810 ubi
427 2782 534 2817 tegitur,
558 2782 636 2810 flutio
660 2783 758 2816 vincat,
774 2783 951 2820 niori-tenuta,
977 2793 980 2796 ·

161 2814 292 2842 meditatio
305 2816 400 2849 vincae,
414 2815 615 2852 Guadntupous.
633 2822 661 2846 et
674 2818 872 2848 numu-nus
882 2819 953 2847 atter

163 2849 303 2876 »moderatio
315 2851 402 2886 ⁴vineat
414 2855 526 2887 ponmit.
548 2857 676 2889 tanquam
689 2853 802 2883 vitiosos
820 2853 952 2884 lectiones

695 121 724 148 S.
745 118 869 147 tStnottt
889 117 1111 147 tttsrALssNsts
1131 120 1281 150 Ertscot’t

1761 128 1815 159 8⁰}

1022 175 1106 210 dicas,
1129 186 1178 213 pro
1201 179 1290 207 {utura
1310 180 1434 209 mercede
1452 181 1562 216 judica;
1589 190 1623 212 ne
1642 191 1746 219 quteras
1770 194 1813 215 re-

1022 223 1103 257 pendi
1118 225 1165 252 tibi
1178 226 1248 260 quod
1264 226 1313 254 tibi
1329 227 1357 254 in
1382 228 1473 256 tuturo
1496 229 1619 257 debetur.
1636 230 1738 259 Excute
1756 239 1813 260 rna-

1021 277 1071 298 nus
1085 275 1143 299 tuas
1164 273 1196 299 ab
1211 274 1283 300 omni
1308 282 1430 308 munere,
1462 275 1486 303 si
1509 277 1535 303 in
1551 277 1664 305 excelsis
1680 278 1722 306 vis
1738 278 1812 307 liabi-

1022 321 1089 344 tare.
1116 319 1143 346 ln
1157 319 1259 354 judicio
1277 325 1365 348 autem
1391 323 1449 350 s1ne
1473 323 1655 351 misericordia
1677 332 1812 360 nunquam

1020 363 1126 390 sedeas.
1142 363 1252 392 Custodi
1276 366 1463 395 discretionem
1483 368 1612 402 justitiae;
1634 370 1687 396 noli
1699 377 1758 398 esse
1770 370 1813 407 iu-

1021 412 1078 435 stus
1102 409 1241 444 plusquam
1264 411 1366 446 justum
1397 418 1438 441 est
1460 413 1560 448 (Recte.
1582 422 1628 448 vu,
1653 414 1710 450 ¹7).
1726 415 1812 444 Omne

1020 455 1091 482 enim
1107 456 1176 490 quod
1193 457 1303 485 nimium
1317 463 1367 492 est,
1383 459 1475 486 vitium
1491 464 1543 487 est.
1558 460 1639 494 impia
1651 460 1755 495 justitia
1769 465 1811 489 est

1019 502 1142 529 hunianae
1155 503 1291 539 fragilitati
1315 513 1367 532 non
1391 506 1541 540 ignoscere.
1559 507 1616 534 Non
1633 507 1714 542 igitur
1735 515 1811 537 alites

1020 548 1157 581 damnare,
1172 549 1219 576 scd
1234 550 1378 578 emendare
1397 551 1495 586 potius,
1512 557 1541 579 et
1554 553 1698 587 corrigere.

1055 606 1100 633 84.
1122 607 1196 635 Tene
1209 615 1273 642 ergo
1290 608 1404 642 rigorem
1419 608 1445 635 in
1460 609 1627 638 discussione
1646 611 1767 645 justitiae,
1781 611 1811 640 iu

1019 651 1176 680 delinitione
1192 653 1334 680 sententiae
1347 654 1560 682 misericordiam
1575 664 1582 688 ;
1597 655 1688 690 judicii
1698 664 1810 686 examen

1019 705 1145 734 sequatur
1161 700 1256 734 pietas,
1273 701 1450 729 districtionis
1464 709 1605 730 censuram
1623 706 1810 737 temperet-ic-

1020 745 1164 779 dulgentia.
1183 747 1220 773 lta
1243 747 1362 774 clemens
1374 752 1431 775 esto
1450 749 1476 775 in
1496 748 1592 776 alienis
1609 749 1722 783 delictis,
1741 751 1810 780 sicut

1021 791 1046 817 in
1060 791 1121 824 tuis,
1137 784 1186 819 noc
1208 800 1366 827 quemquam
1389 794 1535 821 districtius
1552 802 1630 829 quam
1650 800 1674 822 te
1686 796 1808 832 judices;

1021 845 1069 864 nec
1084 838 1162 865 aliter
1177 844 1214 871 te,
1231 839 1308 866 aliter
1321 839 1387 866 alios
1404 847 1508 873 penses.
1532 840 1575 867 Sic
1589 841 1761 875 aliosjudica‚
1782 847 1809 871 ut

1021 883 1079 917 ipse
1093 884 1207 918 judicari
1222 886 1307 919 cupis.
1336 885 1401 912 Dum
1419 886 1489 912 enim
1512 886 1631 920 indulges
1646 887 1732 914 alieno
1748 896 1809 922 pec-

1017 935 1087 962 cato,
1101 931 1147 957 tibi
1160 931 1303 958 misereris.
1314 931 1526 967 Qno519jurc
1541 932 1567 959 in
1578 932 1659 960 alium
1671 935 1806 968 statueris,

1015 983 1047 1005 eu
1070 976 1130 1011 jure
1155 977 1299 1004 teneberis.
1326 979 1383 1010 Qua
1414 979 1471 1013 lege
1497 984 1523 1005 et
1549 987 1634 1013 poenae
1656 981 1807 1009 conditione

1015 1023 1167 1057 quempiam
1188 1023 1362 1057 judicaveris,
1387 1025 1478 1051 eadem
1508 1029 1534 1051 et
1567 1026 1623 1059 ipse
1648 1026 1807 1058 judicandus

1017 1068 1079 1095 eris.
1094 1069 1148 1095 Lex
1163 1073 1206 1095 tua
1223 1074 1249 1096 te
1262 1070 1430 1103 constringit.

1051 1125 1095 1151 85.
1116 1125 1250 1152 ,Iudicium
1273 1126 1343 1160 quod
1369 1126 1428 1154 aliis
1454 1127 1578 1162 imponis,
1597 1128 1653 1163 ipse
1674 1129 1803 1163 portabis;

1017 1179 1042 1198 ,n
1067 1179 1120 1206 quo
1143 1172 1213 1198 enim
1231 1172 1345 1205 judicas,
1374 1173 1430 1207 ipse
1456 1173 1620 1201 damnandus
1640 1182 1680 1206 es,
1704 1180 1730 1202 et
1754 1183 1804 1210 qua

1018 1225 1140 1244 mensura
1163 1226 1270 1246 mensus
1287 1218 1377 1251 tueris,
1404 1220 1558 1247 remetietur
1579 1220 1742 1255 tibi(Mattli.
1757 1229 1804 1255 vu,

1014 1263 1053 1297 ⁹2).
1070 1264 1164 1290 Omnia
1191 1269 1278 1291 autem
1303 1265 1417 1299 primum
1439 1265 1553 1299 inquire,
1581 1271 1609 1293 et
1628 1273 1687 1293 cum
1701 1266 1804 1301 justitia

1013 1310 1137 1337 definies.
1155 1310 1262 1337 Nullum
1285 1311 1447 1338 condemnes
1472 1316 1533 1338 ante
1546 1311 1686 1346 judicium,
1702 1314 1802 1340 nullum

1011 1355 1117 1389 judices
1142 1357 1303 1390 suspicionis
1318 1357 1440 1390 arbitrie,
1463 1362 1524 1384 ante
1540 1358 1631 1392 proba,
1658 1363 1684 1385 et
1709 1359 1801 1394 sieju-

1012 1401 1085 1433 dica;
1102 1408 1154 1427 non
1171 1402 1241 1428 enim
1257 1402 1302 1436 qui
1325 1407 1477 1435 accusatur,
1495 1404 1542 1430 sed
1563 1404 1608 1438 qui
1622 1405 1799 1438 convincitur,

1011 1456 1072 1474 reus
1088 1453 1138 1474 est.
1156 1448 1339 1475 Periculosum
1355 1453 1398 1476 est
1418 1449 1452 1476 de
1465 1451 1635 1484 suspectione
1649 1451 1800 1486 quempiam

1008 1493 1138 1527 iudicare.

1046 1552 1090 1578 86.
1112 1552 1139 1578 ln
1167 1551 1296 1586 ambiguis
1324 1551 1369 1578 Dei
1396 1552 1496 1586 judicto
1519 1559 1595 1580 serva
1619 1554 1798 1588 sententiam,

1010 1598 1080 1633 quod
1096 1598 1165 1625 nosti
1182 1603 1236 1631 tuo,
1265 1598 1336 1633 quod
1360 1599 1448 1626 nescis
1462 1599 1551 1627 divino
1575 1601 1712 1628 committe
1729 1601 1800 1636 judi-

1010 1645 1067 1677 cio;
1086 1653 1138 1671 non
1158 1649 1245 1680 potest
1259 1646 1430 1672 condemnari
1451 1646 1567 1673 humano
1580 1654 1703 1675 examine
1719 1655 1798 1683 quem

1010 1692 1079 1718 Deus
1091 1699 1138 1718 suo
1150 1692 1249 1725 judicio
1263 1692 1427 1725 reservavit.
1445 1693 1547 1719 lncerta
1569 1701 1621 1720 non
1633 1692 1795 1728 judicemus,

1009 1745 1148 1772 quousque
1164 1737 1254 1764 veniat
1278 1737 1417 1770 Dominus,
1442 1738 1487 1772 qui
1503 1738 1612 1765 latentia
1633 1739 1755 1774 producit
1770 1741 1797 1768 iu

1009 1784 1105 1816 lucem,
1127 1783 1170 1818 qui
1186 1784 1346 1810 illuminabit
1370 1784 1524 1811 abscondita
1551 1784 1731 1819 tenebrarum,
1753 1786 1797 1820 qui

1009 1829 1187 1856 manifestabit
1201 1830 1311 1856 consilia
1334 1829 1451 1856 cordium
1465 1829 1490 1864 (Ι
1505 1829 1565 1856 Cor.
1583 1838 1617 1862 tv,
1633 1829 1679 1863 2y:
1701 1837 1796 1864 quaut-

1009 1877 1050 1903 vis
1066 1883 1126 1903 vera
1142 1876 1207 1908 sint,
1223 1875 1355 1902 credenda
1368 1883 1421 1902 non
1437 1881 1508 1908 sunt,
1522 1876 1572 1903 nisi
1583 1883 1641 1911 quie
1654 1877 1736 1904 certis
1752 1878 1797 1904 in-

1007 1922 1086 1949 diciis
1110 1922 1326 1956 comprobantur,
1349 1922 1398 1948 nisi
1422 1929 1481 1955 quae
1505 1920 1646 1948 manifesto
1672 1922 1796 1950 examine

1006 1970 1226 2000 convincuntur,
1256 1968 1306 1995 nisi
1335 1976 1394 2003 quae
1421 1968 1516 1995 ordine
1540 1968 1683 2002 judiciario
1712 1968 1797 2002 publi·

1007 2020 1112 2043 cantur.

1042 2073 1087 2100 87.
1109 2073 1203 2105 ttomo,
1231 2072 1256 2099 in
1273 2078 1377 2099 summo
1391 2070 1492 2098 honore
1512 2077 1616 2098 summa
1636 2071 1671 2098 sit
1687 2070 1732 2098 tibi
1749 2071 1798 2098 hu-

1006 2119 1116 2152 militas,
1131 2118 1253 2154 quamvis
1267 2118 1304 2145 sis
1327 2118 1354 2144 in
1373 2124 1476 2144 summo
1492 2116 1603 2150 honore,
1619 2115 1795 2144 humilitatem

1006 2170 1066 2193 tene
1081 2171 1108 2192 ἰν·
1120 2184 1127 2191 .
1143 2165 1173 2192 Si
1190 2163 1367 2191 bumilitatem
1387 2163 1516 2195 tenueris,
1531 2162 1642 2189 habebis
1665 2162 1794 2196 gloriam;

1006 2215 1107 2246 quanto
1122 2212 1194 2238 enim
1215 2210 1343 2237 humilior
1357 2208 1451 2240 t'ueris,
1467 2212 1541 2235 tanto
1555 2212 1581 2235 te
1596 2211 1723 2243 sequetur
1737 2207 1797 2235 alti-

1006 2257 1069 2284 tudo
1089 2257 1191 2292 gloriae.
1207 2260 1223 2285 *t
1250 2255 1379 2289 Quamvis
1404 2254 1526 2281 sublimis
1554 2253 1696 2288 potestatis
1721 2253 1747 2280 iu
1771 2256 1798 2282 te

1005 2304 1134 2331 celsitudo
1151 2304 1195 2337 sit,
1213 2302 1366 2331 bumilitate
1379 2307 1438 2328 eam
1457 2300 1584 2334 reprime,
1597 2307 1650 2327 non
1667 2305 1694 2327 te
1707 2300 1797 2327 extol-

1005 2350 1044 2377 lat
1061 2351 1156 2382 bonor,
1183 2355 1274 2384 preme
1300 2347 1450 2374 humilitate
1475 2344 1796 2380 culnten·sublitnitatis;

1007 2441 1037 2461 re
1057 2431 1216 2460 udiavtmus.
1233 2429 1304 2457 Μιιι.
1814 2459 1815 2462 ¹

1039 2441 1084 2494 32.
1104 2467 1160 2498 At„
1177 2466 1238 2492 dum
1249 2464 1364 2500 judicos.
1385 2470 1446 2490 caue
1470 2470 1501 2489 ne
1531 2469 1628 2490 crsonoe
1639 2461 1742 2497 affectu.
1762 2461 1811 2490 Et:

1002 2503 1132 2530 veritatem
1141 2501 1301 2537 judiciorum
1312 2499 1489 2538 proetiaricant.
1531 2505 1575 2526 Au.
1611 2533 1618 2539 .
1703 2531 1710 2538 ·

1038 2537 1108 2564 Jtiid.
1122 2537 1151 2563 ln
1166 2535 1288 2562 Editione
1300 2533 1391 2561 Grialii
1405 2534 1492 2561 minus
1511 2533 1579 2560 bene
1596 2539 1636 2560 stc
1649 2532 1796 2567 distmgue-

1002 2573 1081 2600 batur
1094 2581 1100 2598 :
1113 2571 1170 2599 Cito
1180 2571 1248 2598 enim
1260 2571 1370 2598 violatur
1385 2577 1458 2602 auro,
1470 2568 1574 2604 jsstitio
1587 2568 1638 2596 cito
1651 2567 1793 2602 corrumpi-

1003 2612 1055 2635 tur.
1074 2609 1159 2635 Ausv.

1040 2643 1085 2671 st.
1106 2642 1161 2674 At„
1177 2649 1251 2677 poena
1272 2648 1323 2676 pro
1338 2648 1428 2675 poettae.
1444 2639 1517 2668 Mau.
1699 2674 1705 2679 Ι

1039 2678 1085 2706 86.
1106 2677 1241 2705 Producit.
1257 2676 1359 2709 Melius,
1375 2675 1508 2712 producat,
1520 2677 1550 2702 ut
1562 2673 1727 2708 illuminabit,
1740 2680 1792 2700 mo·

1003 2713 1146 2749 nisestabit.
1171 2713 1304 2748 Bignaeus,
1326 2710 1455 2747 producit,
1476 2709 1615 2743 illuminat,
1636 2708 1793 2749 magniscam.

1001 2749 1089 2826 Α’ῗζῖ]
1105 2783 1161 2818 At„
1177 2783 1292 2826 qyamvt·
1306 2781 1424 2826 «attint-
1439 2781 1566 2819 numae
1577 2773 1626 2818 er.
1638 2778 1667 2807 tn
1680 2782 1704 2807 u
1721 2785 1757 2827 a·

1003 2818 1424 2883 ‘diarmit‘amsa
1430 2811 1786 2897 sumerem

1822 2474 1832 2518 ἰ

1808 2527 1815 2540 t

1769 2942 1783 2953 α
