1832 3016
163 127 213 154 ¹95

161 230 240 257 etiam
255 228 403 262 exemplum
415 224 567 260 quindecim
588 223 717 260 graduum
734 221 838 250 cantica
855 219 953 248 decan-

162 278 226 304 tavit
249 274 389 310 propheta,
417 280 464 307 per
489 279 555 306 qnos
575 279 588 298 a
613 270 726 298 terrenis
750 269 875 304 paulatim
894 275 954 296 cre-

160 321 258 349 scendo
273 327 355 354 usque
366 318 398 345 ad
412 317 539 352 templum
556 316 705 343 Jerusalem
721 323 836 350 superne
851 313 952 350 [Forte,

160 364 292 400 supernae]
307 363 503 391 conscenditur.
519 363 674 396 Quanquam
702 360 723 387 si
741 368 788 394 per
815 359 953 386 denarium

159 411 209 438 iste
233 416 360 436 numerus
384 412 552 442 computatus
571 412 723 440 consurgat,
750 410 855 438 centum
878 411 955 439 qutu-

160 456 286 491 quaginta
306 454 434 490 psalmoS,
461 461 527 488 quos
553 453 649 482 cecinit
675 452 816 486 Propheta,
843 451 954 477 demon-

159 507 237 530 strat.

195 547 239 575 80.
260 547 340 574 Certe
355 546 376 573 si
393 545 518 580 paulatim
538 546 571 572 ab
597 553 650 572 uno
675 552 758 578 usque
775 544 807 570 ad
822 551 852 570 so
867 544 953 577 ipsum

161 602 207 628 per
230 595 393 621 incrementa
415 597 569 627 consurgat,
585 600 633 619 cxx
652 591 744 619 fideles
759 591 889 626 designat,
907 598 953 617 su-

159 646 207 673 per
221 646 287 673 quos
302 638 402 665 inlusus
415 642 456 665 est
471 637 584 672 Spiritus
600 642 718 667 sanctus,
736 636 780 670 qui
793 640 820 662 et
840 643 887 670 per
910 643 954 662 so-

160 683 308 718 ptenarium
339 690 478 710 numerum
512 682 675 717 septiformis
708 682 817 716 spiritus
841 680 953 715 gratiani

159 735 332 764 acceperunt,
345 734 373 757 et
385 737 431 765 per
442 730 609 756 octonarium
623 736 762 756 numerum
776 732 884 754 aeternae
898 726 955 761 spei

160 776 271 811 gloriam
288 775 387 802 mundo
403 775 626 810 praedicaverunt.

196 821 240 848 81.
263 821 327 847 Sunt
341 821 421 848 etiam
442 821 568 856 pleraque
582 821 608 847 in
625 819 769 854 Scripturis
784 819 886 846 numeri
905 818 954 844 hu-

158 867 201 901 jus
225 867 356 902 exempla.
380 867 477 899 Quinta
499 866 602 893 decima
621 867 691 893 enim
715 866 758 893 die
771 865 955 892 solemnitates
969 862 994 893 B
1009 861 1088 888 finem
1105 861 1222 894 13618115,
1244 860 1364 895 Panibus
1378 861 1435 886 ⁸⁰5⁸
1450 861 1590 895 DlUS‘lfflffl
1606 860 1739 896 118ῐῖ801118
1753 861 1801 889 '1²⁴

160 913 291 948 incipiunt
309 914 422 946 Domini,
440 918 467 940 et
481 915 570 947 quinta
586 913 688 940 decima
710 913 752 939 die
767 912 865 939 mensis
881 911 954 938 sesti-

160 958 228 985 vitas
240 959 483 986 'tabernaculorum
505 963 556 991 est,
583 958 609 984 in
630 966 679 994 qua
704 958 751 984 lilii
768 958 847 984 lsrael
861 964 953 992 azyma

164 1004 280 1038 primum
301 1004 475 1031 comederunt
487 1005 512 1031 in
528 1012 628 1036 ereum,
645 1005 812 1038 fixeruntque
827 1003 950 1030 tentoria.

162 1050 298 1083 Siquidem
328 1055 355 1077 et
384 1050 514 1077 Ezechias
541 1050 659 1076 moriens
685 1048 835 1084 quindecim
869 1055 953 1075 annos

158 1100 337 1122 commeatum
353 1097 413 1122 vitae
427 1095 538 1129 recepit.
554 1095 673 1122 Altitudo
695 1096 774 1122 etiam
796 1095 886 1121 diluvii
902 1102 952 1121 ex-

160 1149 287 1168 crescens
302 1141 409 1168 totidem
424 1141 520 1168 cubitis
548 1142 677 1168 montium
701 1144 761 1175 juga
786 1141 950 1168 conscendit.

161 1185 357 1213 lucrementum
367 1191 454 1213 autem
465 1187 554 1221 quinta
566 1187 668 1213 decima
681 1186 740 1213 luna
754 1190 842 1219 tenet;
859 1186 951 1220 quinto

159 1231 264 1259 decimo
279 1240 349 1260 anno
361 1233 469 1260 indictio
479 1233 575 1260 solaris
589 1232 689 1259 finitur.

442 1278 554 1306 CAPUT
574 1278 655 1305 xvn.

346 1332 385 1360 De
405 1334 511 1360 denario
531 1335 631 1360 senarIo
652 1342 769 1361 numero.

194 1379 238 1407 82.
261 1379 386 1406 Deum-ius
400 1380 515 1406 senarius
527 1385 631 1407 constat
651 1389 683 1407 ex
699 1381 801 1407 duobus
814 1379 950 1414 perfectis,

161 1426 206 1461 qui
222 1431 310 1453 tamen
328 1427 367 1453 his
378 1427 498 1462 partibus
512 1429 674 1454 continetur.
700 1427 782 1453 llabet
803 1427 872 1453 enim
887 1433 950 1453 sex-

159 1476 212 1499 tam
224 1472 367 1506 decimam,
383 1473 452 1507 quod
469 1478 508 1500 est
523 1473 601 1509 241
616 1481 713 1505 unum;
732 1478 863 1504 octavam,
879 1473 950 1506 quod

158 1517 371 1552 du0;quarta1n,
386 1519 457 1553 quod
473 1524 588 1553 quatuor
599 1527 607 1551 ;
619 1518 756 1546 dimidiam
766 1539 773 1551 ‚
786 1518 857 1554 quod
870 1523 947 1551 octo;

157 1564 200 1598 qui
219 1564 319 1591 faciunt
334 1565 460 1592 wdecim.

190 1608 235 1635 85.
255 1609 303 1636 llic
321 1614 408 1636 tamen
426 1618 472 1644 per
487 1609 643 1645 mysterium
666 1610 805 1644 prophetis
828 1610 948 1637 creditur

154 1655 315 1689 assignatus.
333 1656 431 1682 Eorum
446 1657 518 1682 enim
543 1656 603 1682 libri
625 1656 741 1682 sedecim
757 1663 817 1682 esse
834 1657 949 1690 proban-

156 1704 208 1733 tur,
223 1701 247 1727 id
260 1706 309 1732 est,
328 1701 417 1735 lsaius,
433 1701 579 1735 Jeremias,
597 1702 732 1734 Ezechiel,
750 1702 852 1734 Daniel,
869 1703 948 1736 Osee,

154 1746 227 1779 Joel,
245 1747 325 1774 Amos
336 1769 343 1781 ,
360 1748 474 1780 Abdias‚
489 1747 570 1774 lonas
581 1767 588 1780 ‚
605 1748 729 1774 Michaeas
741 1768 748 1781 ,
764 1748 867 1775 Nabum
879 1770 885 1781 ‚
902 1750 948 1776 lla—

156 1794 250 1826 bacuc,
268 1794 428 1826 Malachias,
444 1794 610 1827 sophonias,
626 1794 739 1828 Aggasus
755 1801 780 1821 et
794 1794 947 1826 Zacharias,

155 1846 267 1872 quorum
290 1839 400 1873 liguram
426 1839 542 1866 sedecim
568 1839 646 1866 bases
670 1839 724 1866 ittae
748 1840 888 1874 gestabant
903 1847 948 1867 ar·-

156 1889 268 1919 genteae,
281 1886 306 1911 in
323 1885 418 1919 quibus
430 1886 670 1914 deauratoetabttlae
685 1886 892 1915 stabantcontra
908 1895 949 1915 oc-

158 1930 319 1958 cidentalem
337 1932 450 1966 plagam.

192 1976 236 2003 84.
258 1976 336 2004 Bases
359 1977 465 2011 quidem
490 1978 635 2012 prophetas
660 1980 844 2014 intelligimus,
868 1988 949 2015 super

156 2029 267 2056 quorum
281 2022 528 2057 splendidissimum
541 2024 659 2051 vaticinii
670 2025 873 2053 fundamentum
885 2033 949 2053 con-

157 2068 226 2095 sistit
240 2068 406 2103 amplissitna
422 2069 544 2096 doctrina
560 2070 754 2105 apostolorum.

440 2124 553 2152 CAPUT
574 2125 667 2153 xvtll.

350 2171 388 2198 De
403 2173 604 2200 duodevicesimo
624 2182 741 2203 numero.

193 2214 476 2244 85.Duo‹1evice⁶imus
488 2226 502 2244 a
514 2219 620 2246 senario
631 2227 679 2253 per
691 2220 830 2248 denarium
845 2222 882 2258 [F
883 2228 946 2256 orte,
965 2238 990 2267 D

158 2268 206 2295 per
231 2261 387 2297 ternarium]
414 2262 595 2297 adimpletur,
626 2265 671 2298 qui
696 2272 743 2292 sex
770 2271 861 2294 atatos
886 2274 948 2296 sunt

158 2307 261 2339 mundi,
274 2307 350 2341 cujus
361 2309 466 2334 senaria
482 2309 565 2336 series
579 2309 712 2343 tripertita
726 2310 830 2338 ratione
845 2317 948 2347 tempo-

157 2358 215 2378 rum
236 2351 417 2387 distribuitur,
438 2353 463 2380 id
480 2357 532 2386 est,
548 2358 612 2382 ante
626 2354 723 2389 legem,
740 2355 789 2383 suh
811 2356 881 2391 lege,
898 2359 948 2385 sub

156 2397 261 2431 gratia,
276 2397 302 2424 in
318 2405 369 2432 qua
391 2398 468 2425 tertia
483 2399 633 2427 ostenditur
647 2405 843 2429 sacramentum
864 2402 947 2436 fidei,

157 2442 226 2476 quod
241 2442 275 2469 ad
289 2443 403 2470 salutem
410 2443 559 2472 animarum
568 2445 738 2481 suscipimus.
747 2446 831 2481 ttujus
843 2449 947 2476 numeri

157 2489 313 2524 mysterium
328 2491 480 2525 evangelica
495 2491 593 2519 mulier
613 2492 658 2520 illa
670 2513 679 2527 ,
704 2497 796 2529 typum
819 2493 949 2522 Eoetesiae

155 2540 261 2568 gerens,
273 2535 416 2570 expressit,
429 2543 488 2571 quae
501 2543 516 2564 a
530 2536 645 2566 Domino
658 2541 718 2573 post
741 2543 802 2567 ueto
815 2543 842 2567 οι
855 2539 948 2568 deoem

157 2585 241 2607 annos
255 2585 344 2608 erecta
358 2585 438 2617 atque
452 2587 546 2611 sanata
562 2588 615 2612 eet.

195 2623 239 2652 86.
259 2625 422 2661 Redemptor
435 2627 507 2655 enim
523 2633 614 2657 noster
627 2633 703 2657 sexta
716 2634 796 2658 aetate
809 2631 948 2660 deseendit

158 2669 191 2697 ad
206 2670 319 2700 salutem
331 2676 462 2708 nostram,
477 2673 554 2709 cujus
567 2675 667 2703 senarii
681 2676 784 2704 numeri
796 2675 888 2704 forma
900 2676 946 2706 illa

193 2748 238 2781 81.
258 2750 309 2782 sss-
328 2751 418 2781 codex
431 2753 472 2783 sio
485 2753 623 2784 habebat·
639 2753 674 2784 Ιιι
691 2755 846 2786 elme-tum
863 2759 950 2784 mm

158 2782 246 2817 quinta
268 2786 368 2816 dacium
388 2787 450 2823 lano
464 2792 550 2824 tm,
564 2790 653 2826 quinto
665 2790 766 2825 decim
779 2791 951 2826 011101114Ψο

163 2818 254 2850 solaris
233 2819 367 2882 ἒπίιιιε.

282 2854 368 2884 meai
377 2857 513 2888 deman.
517 2847 651 2897 'intellige
660 2865 770 2896 mun.
782 2860 846 2891 Uo!
857 2858 951 2902 logep-

677 118 706 148 S.
726 116 851 146 tsmont
873 113 1092 144 lltSPALENSlS
1113 110 1264 142 EPlSCOPl

160 183 307 211 secundum
322 181 443 210 ordinem
456 177 615 206 meritorum
636 177 768 209 astabant,
785 175 818 203 ad
839 181 953 209 quorum
967 175 992 204 Α
1006 173 1075 200 ratio
1090 172 1194 207 adjecta
1207 193 1215 205 ‚
1231 175 1272 199 ter
1285 170 1343 198 seni
1356 169 1450 198 decem
1477 171 1505 197 et
1526 171 1588 197 octo
1610 166 1738 202 efficiunt,

1005 218 1114 254 explent
1129 218 1250 246 mulieris
1265 217 1387 252 ejusdem
1402 216 1519 252 typicum
1534 220 1744 244 sacramentum.-

1299 262 1411 290 CAPUT
1430 261 1502 289 xlx.

1219 310 1257 338 De
1271 310 1457 337 undevicesimo
1468 316 1583 336 numero.

1041 357 1086 384 87.
1109 356 1319 384 Undevicesimm
1334 363 1462 383 numerus
1476 354 1576 382 lunaris
1590 354 1659 390 cycli
1674 354 1751 382 enucl

1006 403 1058 430 tius
1085 403 1224 430 rationem*
1240 403 1395 437 perstringit
1410 411 1417 435 ;
1446 402 1561 437 denique
1586 402 1611 428 in
1637 401 1695 437 ejtts
1718 409 1780 430 curs

1006 448 1147 483 paschales
1161 453 1264 483 quartae
1277 449 1389 475 decimas
1404 448 1473 475 lnnae
1489 449 1515 475 in
1531 447 1650 475 omnium
1666 454 1770 475 annoru

1005 494 1171 522 revolutione
1193 494 1251 522 sine
1271 495 1322 521 ulla
1337 494 1511 528 ambiguitate
1526 498 1690 528 repetuntur,
1707 500 1753 521 rec

1006 546 1082 568 rente
1095 548 1202 575 semper
1216 541 1242 567 iu
1257 548 1318 568 sese
1333 541 1454 573 ejusdem
1472 540 1566 568 decern
1581 540 1718 568 novenalis
1731 547 1780 575 eye

1006 595 1097 620 cursu,
1114 588 1156 621 qui
1171 586 1234 613 dum
1249 593 1332 620 usque
1346 586 1379 613 ad
1396 586 1476 612 linem
1498 586 1625 613 circuitus
1638 586 1679 618 sui
1699 593 1779 621 perag

1007 637 1060 665 tur,
1072 638 1165 659 rursus
1180 631 1282 658 eisdem
1297 630 1374 658 lineis
1386 650 1394 663 ,
1417 631 1515 665 quibus
1529 638 1544 657 a
1558 631 1690 666 principio
1706 621 1789 666 coepit

1006 678 1161 706 revolvitur.

1258 721 1338 757 242
1352 721 1467 749 CAPUT
1488 721 1547 749 XX.
1803 739 1811 762 ἦ

1306 768 1345 795 De
1364 769 1500 795 vicenario.

1043 815 1087 842 88.
1113 814 1254 842 Vicesimus
1275 821 1382 849 quoque
1406 821 1547 848 numerus,
1570 814 1680 842 secundi
1708 821 1807 844 versus.

1007 910 1095 937 betur.
1113 908 1161 935 llic
1176 912 1265 935 autem
1280 915 1313 934 ex
1327 907 1427 941 duplici
1450 907 1579 943 decalogo
1593 912 1719 936 constans
1730 929 1738 942 ,
1753 908 1802 936 de-

1006 955 1044 989 sig
1049 960 1094 981 nat
1113 955 1247 989 geminam
1271 954 1338 988 legis
1358 954 1516 987 scientiam,
1542 955 1619 989 quasi
1638 960 1758 989 apertum
1773 957 1802 983 et
1820 954 1832 1004 ⁴

1006 1000 1210 1033 absconditum,
1228 1000 1340 1034 simplex
1356 1005 1383 1027 et
1398 1001 1551 1035 mysticum.
1576 1001 1696 1029 Pertinet
1710 1006 1807 1030 autem
1820 1010 1832 1056 1

1006 1048 1038 1074 ad
1054 1047 1219 1074 tabernaculi
1236 1046 1362 1073 dominici
1385 1052 1594 1075 sacramentum.

1041 1092 1086 1120 89.
1108 1093 1146 1120 lbi
1162 1101 1277 1127 namque
1299 1094 1332 1121 ad
1355 1095 1499 1120 austratem
1520 1098 1547 1121 et
1561 1093 1832 1129 septentrionalem
1820 1102 1832 1116 ·

1005 1140 1109 1175 plagam
1131 1140 1170 1168 bis
1186 1141 1262 1168 denae
1282 1141 1380 1167 tabula:
1401 1148 1481 1174 super
1493 1140 1572 1168 bases
1585 1140 1691 1168 stabant
1705 1147 1801 1175 argen-

1005 1193 1077 1220 teas:
1100 1193 1126 1215 et
1150 1188 1177 1215 in
1198 1188 1318 1221 templo,
1339 1187 1410 1222 quod
1433 1187 1561 1215 Salomon
1577 1187 1734 1220 aedilieavit.
1749 1187 1800 1215 alo
1820 1202 1832 1228 .-

1004 1236 1118 1261 duorum
1144 1234 1274 1262 cherubin
1302 1242 1334 1261 xx
1361 1234 1511 1261 cubitorum
1533 1242 1657 1262 mensura
1667 1234 1800 1262 diffunde·
1827 1252 1832 1255 <

1004 1280 1110 1307 bantur.
1138 1279 1221 1306 Datur
1245 1279 1325 1306 etiam
1347 1284 1374 1306 et
1397 1279 1439 1306 hic
1463 1287 1591 1307 numerus
1607 1279 1686 1307 lsrael
1719 1285 1800 1314 atque
1823 1275 1832 1290 ²

1004 1325 1083 1357 Levi;
1101 1326 1192 1360 viginti
1219 1326 1289 1352 enim
1310 1332 1442 1351 annorum
1457 1326 1489 1351 ad
1506 1325 1597 1359 praelia
1611 1325 1756 1360 eliguntur,
1772 1327 1801 1353 et
1820 1323 1832 1352 1

1005 1378 1041 1396 xx
1051 1377 1182 1397 annorum
1197 1369 1371 1397 tabernaculo
1388 1369 1526 1397 deservire
1535 1370 1708 1398 mandantur.

1298 1424 1413 1453 CAPUT
1432 1425 1504 1453 xxt.

1825 1440 1832 1457 1

1197 1480 1236 1508 De
1250 1481 1368 1508 vicesimo
1382 1487 1473 1516 quarto
1487 1490 1602 1510 numero.

1038 1527 1083 1555 90.
1107 1527 1227 1555 vicesimi
1251 1529 1337 1563 quarti
1360 1535 1463 1555 summa
1492 1530 1576 1557 multa
1601 1529 1628 1558 in
1652 1530 1797 1566 semetipsa
1820 1501 1832 1567 ¹

1001 1574 1201 1607 Scripturarum
1215 1576 1336 1601 continet
1351 1579 1534 1608 sacramenta3
1552 1576 1622 1604 unde
1633 1581 1661 1605 et
1676 1581 1798 1606 sacratus
1820 1581 1832 1594 ¹

1002 1620 1205 1660 eommendatur
1229 1621 1272 1647 hic
1288 1628 1427 1648 numerus.
1453 1621 1554 1657 Viginti
1582 1623 1655 1651 enim
1684 1629 1798 1658 quatuor

1001 1670 1064 1692 sunt
1076 1666 1136 1692 libri
1153 1666 1219 1700 legis
1227 1671 1253 1693 et
1266 1667 1468 1701 prophetarum.
1482 1669 1576 1695 Patres
1587 1676 1694 1704 quoque
1704 1669 1797 1704 viginti

1001 1716 1027 1738 et
1051 1716 1165 1747 quatuor
1186 1716 1259 1738 sunt.
1282 1706 1428 1740 Duodecim
1443 1714 1578 1749 apostoli,
1595 1719 1621 1742 et
1635 1716 1796 1750 patriarchae

1001 1757 1122 1784 totidem.
1144 1756 1244 1791 Viginti
1268 1762 1382 1792 quatuor
1400 1759 1481 1786 etiam
1505 1759 1606 1788 classes
1625 1761 1795 1790 sacerdotum

1000 1803 1110 1830 fuerunt
1122 1803 1156 1829 ab
1175 1803 1249 1830 initio
1265 1803 1331 1837 legis
1347 1804 1373 1830 in
1390 1804 1487 1839 populo
1502 1805 1667 1840 Judaeorum,
1683 1815 1743 1843 quse
1757 1809 1798 1836 vi-

1001 1851 1090 1878 cissim
1108 1851 1132 1877 in
1151 1851 1248 1885 templo
1261 1851 1363 1879 hostias
1375 1853 1560 1882 immolabant.

1036 1897 1081 1923 91.
1110 1896 1226 1931 singulte
1249 1898 1350 1925 classes
1371 1898 1491 1933 singulos
1515 1898 1654 1934 pontifices
1678 1907 1808 1929 summos·

1001 1941 1145 1975 habebant,
1162 1950 1275 1977 quorum
1290 1943 1442 1970 nominibus
1453 1944 1553 1972 classes
1565 1946 1797 1981 nuncupabantur.

1000 1988 1076 2022 Apud
1091 1987 1219 2015 Joannetu
1235 1996 1341 2023 quoque
1362 1988 1455 2016 sedilia
1478 1990 1571 2026 viginti
1592 1995 1705 2026 quatuor
1721 1984 1811 2028 sunu?

1000 2038 1028 2061 et
1041 2034 1131 2068 viginti
1143 2039 1256 2069 quatuor
1268 2035 1387 2063 seniores
1400 2040 1520 2064 tenentes
1533 2036 1651 2064 citharas
1677 2040 1704 2064 et
1717 2037 1810 2073 phia-··

1001 2081 1050 2113 las,
1066 2085 1093 2107 et
1106 2081 1247 2108 adorantes
1263 2082 1366 2116 Agnum
1377 2101 1385 2115 ,
1397 2089 1493 2117 nempe
1506 2086 1534 2110 et
1548 2086 1661 2118 quatuor
1671 2081 1796 2111 animalia

1001 2133 1066 2152 xxiv
1081 2126 1137 2153 alas
1149 2126 1293 2154 habebant.
1311 2126 1369 2161 lpse
1383 2132 1472 2155 autem
1485 2128 1576 2163 viginti
1587 2132 1700 2163 quatuor
1709 2128 1798 2156 senio-

1002 2178 1061 2197 tum
1082 2179 1217 2205 numerus,
1234 2173 1256 2199 si
1276 2172 1310 2199 ab
1326 2180 1378 2200 nno
1390 2173 1522 2208 incipiens
1535 2173 1660 2208 paulatim
1674 2173 1796 2201 addendo

1003 2216 1129 2250 usquead
1146 2217 1300 2245 vicesimum
1314 2223 1438 2252 quartum
1454 2219 1606 2253 pervenias,
1618 2220 1729 2247 trecenti
1738 2218 1797 2247 elli·

1003 2261 1118 2296 ciuntur,
1135 2271 1181 2297 per
1196 2271 1263 2298 quus
1277 2265 1414 2298 longitudo
1427 2272 1507 2298 arcae.
1520 2265 1546 2292 id
1556 2269 1608 2298 est,
1619 2265 1686 2293 fides
1700 2265 1795 2293 Eccle-

1004 2310 1051 2336 siae
1065 2310 1238 2345 significatur.
1253 2311 1279 2337 in
1292 2318 1344 2345 qua
1357 2310 1460 2338 infinita
1478 2314 1633 2339 sanctorum
1655 2311 1777 2339 multitud

1003 2356 1123 2383 omnium
1136 2356 1299 2383 continetur.

1039 2402 1084 2430 92.
1100 2402 1232 2430 Praeterea
1243 2409 1276 2429 ex
1286 2401 1389 2430 duobus
1403 2401 1534 2429 duodenis
1546 2402 1665 2430 nurneris
1676 2402 1785 2431 vieosim

1003 2448 1090 2481 quarti
1111 2448 1215 2475 numeri
1231 2447 1311 2484 243
1325 2455 1429 2475 summa
1444 2448 1604 2483 completur,
1616 2457 1666 2484 per
1677 2457 1745 2484 quos
1758 2449 1783 2478 si

1002 2493 1146 2527 gnificatur
1156 2493 1275 2521 Ecclesia
1289 2497 1318 2521 et
1331 2498 1365 2521 ex
1376 2494 1581 2523 circumcisione
1592 2501 1619 2523 et
1629 2502 1663 2523 es
1672 2495 1782 2530 ganutun

1001 2545 1172 2575 congregata.
1195 2539 1323 2575 ltaqueet
1335 2541 1358 2568 si
1383 2545 1493 2569 octavus
1506 2549 1634 2570 ιιιιιιιοιιιιι
1658 2540 1754 2577 triptici

1002 2589 1189 2621 computatur,
1213 2586 1240 2613 iu
1255 2593 1308 2621 quo
1322 2593 1393 2614 vero
1415 2591 1444 2615 et
1462 2592 1564 2616 nnete
1584 2587 1782 2620 &nouitio-i

1002 2631 1138 2667 figuraest,
1153 2631 1311 2660 vicesimum
1325 2637 1449 2668 quartum
1461 2641 1604 2663 numerum
1616 2634 1688 2667 iacit,
1703 2634 1732 2662 in
1741 2641 1778 2669 qu

1001 2676 1150 2713 figuraliter
1163 2677 1319 2713 edoeemur,
1327 2675 1543 2714 inas-putam
1550 2678 1676 2720 Μ
1685 2678 1750 2708 Μ

1002 2756 1066 2785 dnm
1083 2757 1189 2790 videtur
1200 2759 1244 2795 ιιιιί
1255 2758 1354 2796 hicme
1365 2758 1520 2796 Μ·
1563 2797 1566 2800 .

1003 2791 1351 2874 ιιιιιιιιίιἸιι13ιιιιιίιῗιἓιίἷίἷιιῖυΜ
1362 2790 1456 2833 ma!
1472 2798 1569 2870 με

1554 2900 1586 2915 kd

1430 2907 1522 2920 :ma-v
