1832 3016
175 253 227 283 per
246 242 380 273 cochleam
398 237 571 267 descendere.
586 236 662 271 Quod
680 243 726 263 aer
741 236 810 263 ictus
825 235 851 262 in
874 234 962 262 circu·
977 235 1003 267 Α

176 291 233 321 lum
247 291 390 321 orbemque
406 289 554 313 moveatur.

212 335 255 362 56.
272 334 362 365 Genae,
389 339 403 358 a
418 329 530 365 genibus
544 329 632 356 dictte.
648 327 714 360 Quia
736 326 944 361 complicatum
938 333 964 352 ιιι

175 385 252 408 utero
263 378 333 413 gigni
351 376 512 410 formarique
526 374 660 401 hominem
684 372 768 404 aiunt,
786 373 822 399 ita
838 378 966 406 ut·genua

176 431 281 452 sursum
295 423 359 456 sint,
375 422 470 457 quibus
493 419 565 447 oculi
588 419 744 450 formentur,
761 423 790 445 ut
805 418 864 445 cavi
880 425 911 444 ac
925 424 967 443 re-

176 468 277 497 conditi
291 468 364 494 liant.
381 466 494 500 Ideoque
509 470 535 492 et
548 465 592 499 qui
602 464 715 498 alicujus
726 465 859 497 lacrymas
871 463 967 490 elicere

177 515 298 548 cupiunt,
313 519 398 547 genua
413 515 533 545 tangunt,
546 517 576 537 ac
592 517 638 543 per
650 517 681 536 ea
696 509 881 541 deprecantur,
897 507 967 541 quod

177 560 206 587 in
220 563 295 587 utero
308 556 479 585 formaverint
494 556 595 588 oculos.
622 560 700 589 atque
716 554 885 581 enutrierint.
909 553 968 585 lpse

177 611 304 640 genarum
320 607 407 630 tumor
435 602 519 629 instar
539 601 646 630 collium
664 600 759 627 leniter
774 606 920 633 exsurgens
936 599 969 624 ab

177 650 249 677 omni
266 653 340 684 parte
364 651 456 675 contra
478 646 648 674 imminentes
670 646 747 678 ictus,
772 644 864 672 oculos
888 642 970 671 eflicit

178 701 261 724 tutos.

215 741 260 768 57.
275 740 357 767 Nares
365 739 453 771 dictae,
468 738 538 773 quod
551 745 597 771 per
607 743 653 764 eas
663 744 720 769 aer,
737 732 778 762 vel
788 735 897 769 spiritus
906 741 971 760 nare

179 793 233 814 non
248 785 354 813 desinit.
370 785 397 811 ln
414 784 544 812 his.enim
561 783 610 809 tria
624 787 684 808 sunt
699 780 787 807 officia
801 788 807 807 :
824 787 905 807 unum
920 780 970 805 du-

180 832 258 860 cendi
271 831 390 865 spiritus,
406 831 518 856 alterum
531 827 653 862 capiendi
671 827 771 859 odoris,
789 825 895 853 tertium
911 832 973 858 pur-

181 881 303 911 gamenta
328 875 430 902 cerebri
458 873 605 901 delluendi.
633 872 669 899 Os
696 872 797 899 dictum
821 876 872 903 cst,
897 870 972 904 quasi

181 925 300 959 corporis
322 924 429 950 ostium.
453 921 534 956 Cujus
558 920 662 954 species
688 920 713 945 in
739 919 843 946 duobus
867 922 971 945 constat
987 925 1010 954 B

181 971 298 998 officiis:
314 969 435 997 sumendi
452 969 560 999 victum,
583 971 609 993 et
625 966 748 1000 loquendi
763 965 860 998 lingua.

218 1016 261 1043 58.
282 1016 362 1042 Labia
379 1022 393 1040 a
414 1012 554 1040 lambendo
570 1012 713 1038 nominata.
734 1011 810 1043 Quod
826 1014 914 1036 autem
930 1016 973 1035 su-

182 1063 272 1096 perius
284 1066 325 1088 est
335 1061 432 1087 labium
441 1059 566 1089 dicimus;
576 1058 645 1092 quod
658 1056 901 1089 inl‘erius‚l.1brum.
914 1055 974 1082 Lin-

183 1115 241 1141 guae
255 1113 352 1132 nomen
362 1113 376 1131 a
397 1104 502 1138 ligando
512 1103 572 1128 cibo
594 1103 758 1135 impositum.
769 1102 831 1128 liaec
842 1101 974 1134 interpres

183 1151 280 1177 auimae
290 1156 382 1176 vocem
394 1148 509 1175 motibus
521 1146 577 1172 suis
591 1146 618 1172 iu
630 1147 708 1173 verba
724 1145 869 1178 distinguit,
886 1144 927 1170 vel
939 1144 972 1170 il-

183 1195 278 1222 lisione
287 1194 377 1229 palati,
388 1201 419 1220 ae
428 1192 555 1225 dentium,
570 1192 611 1218 vel
620 1192 820 1225 compressione
831 1189 972 1216 labiorum.

221 1239 265 1266 59.
279 1239 376 1265 Dentes
393 1238 468 1270 dicti,
482 1239 556 1272 quasi
578 1238 651 1264 cibos
667 1237 826 1263 dividentes.
839 1234 974 1269 Siquidem

186 1291 275 1312 escam
289 1284 440 1310 inciduntet
448 1283 642 1315 comminuunt,
652 1282 828 1316 opportunius
839 1281 937 1315 gutturi
949 1285 976 1307 et

186 1331 325 1358 stomacho
336 1330 452 1357 tradunt.
469 1330 567 1356 Horum
583 1330 698 1364 prioreS,
716 1329 760 1363 qui
776 1329 863 1355 cibum
880 1328 976 1362 praeci-

187 1377 264 1409 dunt,
277 1376 380 1402 adversi
392 1375 486 1402 dentes
496 1375 636 1406 dicuntur;
651 1374 765 1400 molares
779 1373 927 1406 intimi‚qui
939 1372 976 1399 ci-

187 1422 236 1449 bos
243 1422 379 1456 subigunt3
389 1421 485 1453 canini,
494 1420 765 1455 quivigesimoaetutis
773 1418 975 1445 annoexistunt.

223 1467 332 1502 9060.
347 1466 464 1502 Gingivae
482 1473 497 1493 a
518 1466 655 1501 gignendis
673 1465 797 1492 dentibus
822 1464 976 1495 nominatae,

189 1520 249 1547 quae
274 1520 395 1547 magnam
422 1511 648 1546 pulchritudinem
675 1511 715 1537 ori
740 1508 892 1541 conserunt,
914 1509 976 1535 dum

188 1557 334 1585 nuditatem
345 1558 463 1585 dentium
474 1562 574 1592 tegunt.
583 1557 686 1583 Fauces
696 1560 757 1582 sunt
769 1560 889 1589 angustae
902 1555 976 1580 listu-

188 1603 231 1634 lae,
246 1603 320 1637 quasi
343 1603 425 1634 foces,
445 1609 491 1636 per
511 1609 577 1636 quas
593 1601 691 1628 vocalis
708 1600 820 1635 spiritus
832 1599 867 1626 ab
882 1599 977 1626 intimo
991 1609 1016 1642 C

187 1652 297 1682 pectore
318 1647 430 1674 exiliens
447 1654 540 1674 sonum
562 1646 635 1673 vocis
647 1646 754 1673 emittit.

225 1694 268 1720 61.
297 1693 455 1720 Mandibulae
484 1693 650 1720 maxillarum
679 1697 769 1727 partes
798 1696 860 1719 sunt
884 1691 980 1726 quibus

189 1738 350 1765 mandimus.
373 1738 447 1765 Dicta
468 1742 559 1765 autem
577 1738 685 1764 maxilla
702 1745 748 1772 per
763 1737 979 1769 diminutionem,

189 1783 259 1811 sicut
289 1783 403 1817 paxillus
429 1790 443 1808 a
467 1783 538 1816 palo.
562 1781 667 1809 Collum
693 1782 726 1809 ad
748 1783 833 1809 instar
847 1782 980 1809 columnae

190 1832 325 1855 vocatum.
342 1829 390 1855 Est
402 1830 473 1856 enim
487 1829 599 1864 rigidum
616 1834 643 1856 et
656 1829 810 1856 rotundum.
828 1830 892 1856 Duae
918 1834 982 1856 sunt

191 1873 220 1899 in
234 1880 267 1900 eo
282 1873 376 1900 fistulae
394 1882 401 1899 ι
417 1881 467 1900 una
482 1874 617 1906 ciborum,
628 1874 711 1901 altera
727 1874 808 1901 aeris.
823 1874 921 1901 Harum
937 1882 982 1901 su-

192 1919 281 1953 perior
292 1926 386 1946 rumen
400 1923 520 1953 vocatur,
535 1927 587 1954 qua
599 1919 675 1946 cibus
694 1924 722 1947 et
733 1920 806 1954 polio
821 1919 981 1952 devoratum

192 1964 263 1992 unde
277 1965 370 1992 bestiae
386 1974 445 2000 quae
456 1966 545 1994 cibum
563 1973 691 1995 revocant
704 1974 735 1994 ac
750 1967 911 1994 remandunt
935 1975 982 1993 ru-

193 2009 295 2037 minare
311 2010 461 2038 dicunturz
488 2012 571 2039 altera
597 2012 707 2039 inferior
730 2016 839 2039 vocatur
862 2011 983 2046 gurgulio

194 2061 229 2080 ex
244 2055 348 2082 ossibus
364 2061 515 2090 compacta,
533 2062 560 2084 et
574 2057 773 2084 cohaerentibus
794 2062 821 2084 et
839 2057 982 2090 flexuosis;

194 2098 252 2125 haee
262 2107 276 2125 a
286 2100 396 2127 naribus
409 2101 442 2127 ad
455 2102 608 2134 pulmonem
623 2106 716 2136 patens
728 2103 763 2128 ob
775 2106 983 2129 transmeantem

196 2143 328 2176 spiritum.
338 2145 419 2179 Cujus
433 2146 588 2180 operculum
604 2147 783 2181 sublinguium
796 2148 984 2182 dicitur,quasi

197 2196 280 2223 parva
293 2190 392 2225 lingua,
409 2199 468 2225 quae
489 2192 607 2219 soi-amen
628 2193 685 2226 ejus
702 2193 814 2219 recludit
838 2198 866 2220 et
889 2193 984 2227 aperit,

197 2241 232 2261 ne
249 2241 294 2268 per
307 2239 397 2269 partes
409 2236 500 2270 juncta
519 2237 607 2263 listula
624 2238 726 2271 impetu
747 2237 868 2269 veniens,
885 2238 988 2264 violeu-

198 2284 240 2307 ter
253 2287 299 2307 aer
314 2280 417 2307 interna
443 2286 607 2315 corrumpat.

233 2324 279 2351 62.
294 2325 387 2352 Manus
412 2325 490 2352 dictae
513 2333 546 2353 eo
566 2326 637 2360 quod
651 2333 748 2353 munus
771 2327 824 2353 sint
840 2328 912 2353 omni
927 2334 986 2354 cor-

198 2370 302 2404 pori,.et
312 2370 381 2405 quod
397 2371 430 2398 ab
450 2371 516 2405 ipsis
537 2372 696 2399 mandimus.
712 2373 804 2399 Palma
828 2380 922 2400 manus
946 2378 988 2401 est

197 2415 330 2451 dispansis
353 2417 442 2452 digitis
452 2438 460 2451 ,
487 2418 557 2445 sicut
581 2423 608 2446 et
629 2419 708 2446 arbor
734 2419 868 2454 dispansis
892 2420 986 2448 ramis.

199 2459 275 2493 item,
292 2461 362 2488 sicut
385 2462 528 2489 contractis
555 2462 657 2498 digitis,
677 2471 791 2498 pugnus.

233 2505 278 2532 65.
295 2505 444 2541 Digitorum
462 2515 569 2541 quoque
590 2515 717 2536 numerus
743 2509 876 2543 perlectus
891 2514 942 2544 est,
961 2514 989 2537 et

201 2550 267 2578 ordo
279 2551 497 2581 decentissimus.
513 2554 554 2581 Ex
569 2554 611 2581 bis
631 2555 733 2589 primus
757 2561 847 2583 rector
869 2557 988 2584 omnium

201 2598 228 2621 ct
242 2594 394 2623 moderator
410 2596 497 2631 pollex
513 2604 640 2633 vocatur,
657 2606 690 2627 eo
704 2600 775 2634 quod
789 2601 935 2635 plurimum
949 2602 991 2629 in-

201 2642 243 2666 ter
255 2644 367 2669 caeteros
380 2641 488 2676 polleat,
497 2643 524 2671 id
538 2648 580 2671 est
590 2645 745 2679 praevaleat.
756 2645 895 2674 Secundus
909 2647 989 2674 index

201 2686 230 2712 et
243 2685 365 2714 salutaris
378 2693 500 2721 vocatur,
515 2690 578 2723 quia
593 2697 626 2718 eo
638 2689 699 2718 sere
720 2691 890 2719 ostendimus
907 2696 934 2719 et
945 2698 988 2719 sa-

198 2730 324 2761 lutamus.
338 2730 444 2764 Tertius
458 2736 564 2765 medius
575 2737 619 2766 vel
633 2738 794 2773 impudicus,
806 2742 917 2774 quartus
930 2746 988 2766 me-

203 2802 416 2866 dfkggrtasse
425 2805 567 2842 legendum
582 2811 751 2843 purgamenta
764 2804 984 2842 ωεὺήάιίιῦὶεη-

239 2868 285 2898 58.
295 2857 442 2908 Afiqaudo'.
457 2875 494 2905 lta
520 2877 600 2905 etiam
615 2876 642 2905 in
657 2868 844 2913 etymologiis.
857 2874 911 2905 Alii
933 2875 983 2904 ali-

702 173 1111 207 s.181uoR1fflsi>A1.ENSis
1132 173 1284 203 episcop}

1003 2302 1028 2330 D
1041 2293 1137 2318 ctores,
1151 2291 1177 2314 et
1189 2291 1292 2314 uterum
1306 2294 1354 2320 pro
1369 2286 1508 2320 utriusque
1518 2293 1598 2313 sexus
1609 2289 1701 2313 ventre
1715 2292 1784 2319 ponu

1015 233 1101 266 dicus,
1109 232 1180 267 quod
1193 238 1227 259 eo
1242 230 1336 258 tritum
1351 229 1491 265 collyrium
1508 236 1523 256 a
1539 228 1652 257 medicis
1660 228 1811 266 colligitur&¹

1016 278 1130 311 Quintus
1143 277 1313 309 auricularis,
1325 276 1396 311 quod
1407 283 1439 303 eo
1451 283 1543 303 aurem
1555 275 1712 310 scalpimus.

1052 324 1096 351 04.
1113 325 1195 351 Porro
1210 328 1303 358 pectus
1324 322 1440 349 hominis
1455 322 1488 349 ab
1503 326 1611 356 aspectu
1633 325 1765 349 vocatum.
1779 321 1812 353 in-

1017 369 1098 397 mutis
1116 369 1188 396 enim
1204 368 1382 395 animantibus
1410 367 1443 394 ad
1460 372 1558 394 terram
1577 374 1735 401 oppressum
1755 371 1832 403 estu:

1017 419 1097 448 atque
1110 414 1143 440 ab
1161 418 1270 447 aspectu
1285 412 1572 445 remotun13l10ntinis
1587 417 1676 439 autem
1691 405 1832 449 aspectult

1018 464 1111 492 patens
1124 464 1149 486 et
1163 463 1293 485 erectum.
1308 458 1418 486 Plenum
1429 459 1500 486 enim
1511 458 1617 486 ratione
1634 466 1686 486 non
1698 455 1832 494 decebat(

1019 513 1078 532 esse
1092 505 1178 532 latens
1197 509 1225 532 et
1249 504 1360 532 humile.

1056 552 1100 578 65.
1116 551 1226 585 Papillae
1254 555 1317 578 sunt
1342 558 1517 578 mammarum
1541 551 1664 585 capitula.
1689 536 1832 588 Mantineae

1021 603 1108 624 autem
1130 602 1249 624 tumores
1272 597 1390 631 pectoris
1412 596 1507 624 leviter
1527 601 1702 631 exsurgentes
1725 605 1731 622 :
1756 598 1832 629 haecr·

1020 648 1082 670 sunt
1114 643 1219 669 leminis
1248 642 1280 669 ad
1309 641 1435 668 alendum
1466 642 1549 669 letum
1579 642 1666 675 datae,
1694 641 1832 673 maritime

1021 689 1054 715 ad
1074 689 1159 715 solum
1184 688 1280 719 decus,
1298 695 1331 714 ne
1346 686 1461 714 informe
1476 691 1570 721 pectus
1584 693 1647 714 esse
1661 685 1832 716 videreturn'

1021 734 1113 768 Neque
1127 734 1199 761 enim
1215 733 1326 759 decebat
1341 733 1366 759 in
1388 732 1496 759 feminis
1513 732 1577 759 alibi
1592 739 1662 765 esse,
1688 740 1767 767 quant
1784 735 1825 761 uu

1022 779 1121 805 animal
1137 778 1290 812 intelligens
1303 785 1335 805 ex
1350 777 1432 805 corde
1446 777 1600 804 alimoniam
1613 782 1740 805 sumeret.

1058 823 1102 851 66.
1118 823 1201 850 Porro
1216 822 1356 849 umbilicus
1381 826 1422 849 est
1446 827 1507 849 nota
1524 822 1654 857 impressa
1680 830 1740 857 quae
1757 828 1832 850 nie-f

1023 870 1096 896 dium
1119 874 1238 896 ventrem
1254 869 1385 903 designat.
1405 869 1445 896 Ad
1462 869 1513 896 hoc
1531 869 1629 902 sactus,
1648 874 1680 907 ut>
1691 877 1738 903 per
1751 859 1832 906 eumn}

1024 919 1091 945 letus
1110 918 1172 944 dum
1194 922 1235 944 est
1254 917 1279 943 ιιι
1299 921 1375 943 utero
1390 917 1538 944 nutriatur.
1554 916 1660 950 Splenis
1685 921 1773 943 autem
1788 916 1832 953 ειη-ζ

1023 964 1121 998 jecoris
1134 965 1234 991 viscera
1250 963 1325 997 quasi
1343 971 1375 990 ex
1390 964 1551 990 conturbato
1570 963 1699 997 sanguine
1711 963 1763 998 91
1778 962 1832 995 vin}

1025 1008 1122 1035 dentur
1133 1015 1192 1035 esse
1204 1012 1338 1035 concreta.
1351 1006 1428 1034 Juxta
1440 1014 1487 1034 eos
1499 1011 1587 1033 autem
1601 1006 1688 1041 quide
1700 1000 1832 1043 physici*

1026 1054 1170 1088 disputant,
1185 1054 1349 1086 voluptatem
1361 1060 1483 1080 venereae
1495 1052 1718 1086 concupiscentiae
1728 1051 1832 1083 consi-e

1025 1104 1096 1126 stere
1111 1099 1204 1125 dicunt
1222 1099 1247 1124 in
1264 1098 1367 1132 jecore,
1384 1098 1508 1125 affectum
1523 1101 1612 1124 autem
1629 1097 1775 1124 iracundiae
1790 1097 1832 1129 im

1026 1144 1099 1176 selle,
1116 1143 1222 1178 pavoris
1235 1143 1261 1169 in
1277 1143 1368 1175 corde,
1386 1142 1412 1169 in
1428 1142 1521 1176 splene
1533 1142 1641 1169 laetitiae.
1652 1142 1680 1169 ln
1689 1141 1832 1177 pulmonii

1027 1191 1076 1218 bus
1091 1198 1154 1218 vero
1167 1197 1256 1217 aerem
1269 1189 1410 1221 contineri,
1422 1189 1468 1224 qui
1483 1197 1498 1215 a
1513 1189 1594 1216 corde
1605 1197 1653 1224 per
1664 1197 1745 1216 venas
1755 1189 1832 1226 qua*

1027 1237 1138 1263 arterias
1159 1240 1265 1268 vocant,
1278 1234 1443 1266 diffunditur,
1455 1240 1484 1261 ut
1498 1235 1624 1268 paulatim
1641 1235 1785 1269 inspirandi
1793 1236 1832 1266 e(

1028 1281 1176 1316 respirandi
1188 1285 1272 1308 tractu
1286 1285 1370 1307 totum
1383 1280 1483 1307 animet
1497 1287 1604 1315 corpuS.

1064 1328 1107 1354 67.
1125 1327 1152 1353 ln
1166 1326 1258 1361 jecore
1274 1326 1341 1360 ignis
1358 1326 1437 1353 habet
1451 1326 1555 1359 sedem,
1575 1326 1619 1360 qui
1634 1326 1707 1354 velut
1725 1326 1832 1354 subvtw

1028 1372 1085 1399 lare
1106 1371 1255 1398 ostenditur
1271 1370 1297 1397 in
1312 1370 1446 1398 excelsum
1460 1370 1565 1397 cerebri
1580 1370 1679 1404 locum,
1695 1372 1832 1409 tanquauq'

1028 1417 1054 1444 in
1075 1417 1171 1443 coelum
1192 1417 1312 1450 corporis
1340 1417 1436 1443 nostri.
1463 1415 1540 1443 Unde
1562 1420 1590 1443 et
1614 1417 1682 1443 radii
1703 1415 1832 1450 emicunq'

1029 1461 1185 1494 oculorum,
1204 1466 1230 1487 et
1243 1460 1276 1487 de
1291 1460 1366 1494 cujus
1379 1460 1479 1493 medio,
1502 1460 1574 1487 velut
1589 1466 1682 1487 centro
1695 1455 1832 1501 quodam&

1029 1508 1151 1542 quaedam
1167 1514 1219 1533 non
1231 1507 1317 1534 solum
1328 1506 1361 1532 ad
1374 1506 1475 1539 oculos,
1488 1507 1535 1533 sed
1545 1511 1657 1533 caeteros
1671 1513 1767 1533 sensus
1782 1509 1832 1533 teo-¹

1031 1561 1097 1581 nues
1110 1553 1204 1580 fistulae
1219 1552 1396 1579 deducuntur.
1412 1552 1547 1586 Siquidem
1567 1552 1594 1578 in
1612 1559 1645 1579 eo
1657 1552 1748 1579 volunt
1763 1559 1792 1579 es

1031 1599 1149 1626 officium
1161 1598 1316 1632 voluptatis,
1328 1603 1354 1625 et
1363 1598 1526 1625 decoctionis
1537 1598 1657 1625 ciborum
1669 1597 1832 1642 complexu*

1033 1650 1059 1673 et
1073 1646 1203 1673 calefactu
1225 1653 1273 1672 suo
1288 1645 1313 1672 in
1330 1645 1487 1679 sanguinem
1504 1645 1704 1672 mutandorum.

1068 1690 1324 1718 68.1ntesnnorum
1339 1695 1426 1718 autem
1449 1691 1540 1717 ratio:
1561 1690 1660 1718 idcirco
1674 1691 1761 1726 longis
1775 1697 1790 1718 3

1033 1735 1160 1763 tractibus
1189 1736 1216 1762 in
1238 1735 1398 1763 circulorum
1425 1736 1546 1763 ordinata
1574 1742 1635 1763 sunt
1657 1736 1776 1770 modum,

1033 1788 1171 1818 susceptos
1186 1783 1259 1810 cibos
1272 1782 1399 1817 paulatim
1414 1786 1535 1815 egerant,
1557 1785 1584 1809 et
1597 1789 1630 1808 ex
1645 1782 1710 1816 ipsis
1724 1789 1754 1809 ea
1767 1787 1801 1816 qu

1034 1830 1192 1856 intrinsecus
1207 1833 1280 1862 sunt,
1297 1828 1436 1855 humorem
1452 1828 1551 1855 sensim
1569 1828 1727 1862 suscipiant.
1743 1827 1793 1855 An·

1034 1877 1119 1904 dictus
1131 1885 1164 1904 eo
1175 1877 1244 1911 quod
1268 1877 1295 1902 in
1316 1883 1386 1909 eum,
1403 1875 1477 1909 quasi
1493 1875 1520 1902 in
1543 1875 1661 1908 alveum,
1676 1874 1764 1902 omnis
1778 1874 1794 1901 h

1035 1931 1093 1950 mor
1107 1923 1166 1950 cibo
1180 1922 1322 1957 permistus
1333 1921 1431 1949 delluat
1445 1928 1476 1948 ac
1496 1924 1632 1953 recurrat,
1647 1924 1674 1948 et
1691 1921 1798 1948 inenarr
1812 1919 1816 1921 “

1035 1969 1082 1996 hili
1100 1968 1178 1995 modo
1194 1968 1314 1994 ciborum
1335 1974 1415 1994 succo
1431 1967 1583 1994 universnm
1599 1973 1706 2000 corpus,
1723 1964 1799 1999 quasi

1035 2014 1121 2042 latere
1135 2013 1217 2040 valles
1233 2013 1333 2040 vicinas
1347 2012 1484 2047 irrigando
1496 2012 1651 2046 adimpleat.
1820 2046 1822 2050 ,

1072 2059 1117 2086 69.
1137 2059 1221 2086 Porro
1237 2058 1310 2085 alvus
1326 2062 1430 2090 venter,
1446 2062 1473 2084 et
1493 2061 1585 2084 uterus
1603 2056 1738 2084 differunt.
1755 2055 1777 2084 V

1038 2109 1079 2132 ter
1093 2104 1165 2132 enim
1180 2108 1221 2131 est
1235 2103 1281 2138 qui
1302 2108 1412 2138 apparet
1432 2103 1599 2130 extrinsecus
1610 2123 1616 2135 ‚
1630 2102 1802 2136 pertinetque>

1038 2155 1146 2184 pectore
1170 2150 1202 2176 ad
1220 2150 1329 2184 inguen.
1352 2150 1434 2176 Alvus
1455 2153 1496 2176 est
1510 2149 1621 2176 interior
1635 2155 1707 2182 pars,
1724 2156 1774 2183 qua

1037 2198 1086 2224 bus
1112 2197 1195 2231 recipi
1217 2201 1244 2223 et
1268 2196 1375 2230 purgari
1394 2195 1472 2223 solet.
1493 2196 1603 2223 Uterum
1618 2195 1682 2221 solae
1698 2194 1779 2221 mulie

1038 2242 1138 2269 habent
1150 2243 1177 2268 in
1189 2249 1240 2275 quo
1249 2240 1412 2275 concipiunt.
1425 2240 1597 2267 Consundunt
1609 2244 1696 2266 tamen
1711 2239 1768 2266 haec
1780 2237 1806 2266 α’

1075 2333 1119 2359 70.
1137 2332 1268 2359 Genitalia
1283 2336 1388 2363 autem,
1407 2332 1476 2358 sicut
1495 2331 1582 2364 ipsum
1602 2338 1698 2357 nomen
1714 2330 1803 2357 docel*

1040 2377 1173 2412 gignendo
1187 2376 1269 2403 dicta.
1290 2375 1395 2403 Narium
1414 2383 1477 2403 caro
1492 2376 1649 2409 conglobata
1663 2374 1773 2402 sedendi

1042 2423 1100 2450 licio
1120 2422 1188 2449 facta
1208 2426 1259 2456 est,
1276 2429 1320 2456 ne,
1336 2425 1474 2456 premente
1493 2420 1614 2455 corporis
1629 2421 1708 2453 mole,
1724 2421 1777 2448 ossi

1041 2468 1157 2495 cederet.
1182 2468 1292 2495 Femina
1317 2471 1379 2495 sunt
1401 2466 1532 2494 semorum
1558 2471 1666 2502 partes,
1683 2467 1780 2503 quibus

1041 2512 1184 2547 equitando
1201 2512 1280 2547 tergis
1295 2519 1423 2547 equorum
1439 2512 1618 2539 adhaeremus.
1630 2511 1706 2540 Unde
1719 2516 1746 2540 et
1759 2520 1776 2547 p

1042 2557 1151 2585 liatores
1167 2557 1308 2585 seminibus
1323 2564 1407 2592 equos
1421 2556 1560 2584 admisisse
1579 2556 1714 2585 dicuntur.

1077 2602 1121 2629 71.
1137 2602 1230 2630 Genua
1243 2610 1259 2629 a
1271 2602 1346 2637 genis
1369 2601 1449 2634 dicta,
1469 2608 1502 2629 eo
1516 2601 1586 2637 quod
1602 2602 1628 2629 in
1646 2606 1722 2629 utero
1735 2607 1768 2629 co

1041 2652 1127 2681 reant,
1135 2652 1164 2675 et
1171 2652 1282 2682 cognata
1290 2648 1345 2675 sint
1355 2647 1449 2675 oculis.
1457 2647 1532 2675 Unde
1545 2647 1660 2685 Ennius,
1667 2650 1765 2683 aenea*

1040 2693 1126 2728 primii
1135 2698 1191 2720 aria
1203 2701 1276 2729 gena.
1287 2692 1371 2720 Tibia:
1382 2693 1459 2720 diclae
1469 2696 1532 2720 sunt
1543 2691 1622 2728 qum
1631 2690 1712 2719 ωδε.
1727 2687 1759 2719 Pl
1767 2687 1774 2693 ’

1041 2746 1103 2767 vero
1115 2747 1130 2766 a
1146 2740 1254 2774 planitie
1273 2743 1442 2775 nuncupatae,
1457 2739 1520 2775 quia
1541 2745 1595 2767 non
1606 2732 1746 2778 rotunda,
1758 2742 1761 2743 ’

1038 2806 1194 2871 ιπῚδΑἳῗιζῖι
1203 2841 1375 2871 differentia·
1366 2849 1396 2872 ιιι
1410 2847 1466 2883 uno
1476 2811 1582 2883 {ebitum
1595 2836 1648 2882 Hr-
1661 2799 1773 2885 ΙΨΜ1
