1832 3016
77 143 81 149 .
98 119 166 150 ¹197

95 181 142 205 iiet
151 177 273 219 superbia
285 177 475 221 principatum,
509 183 613 224 roprire
623 188 763 219 potestatis
775 196 807 216 ac

95 213 204 243 ditionis
215 211 338 240 numanae
358 215 470 248 cupidus
494 221 541 243 uit.
559 217 591 244 Et
606 226 663 252 ipse
679 221 759 248 ticino
773 231 818 257 per

54 288 64 328 ι
92 282 288 313 affectationem
300 284 394 310 morbo
408 292 438 312 se
447 285 573 314 affectum
583 289 736 323 cupiditatis
750 295 879 323 ostendit.

58 329 65 334 -
93 316 131 346 De
143 317 267 355 superbia
282 326 342 346 nam
364 327 397 359 tie
411 325 557 349 nascuntur
581 323 707 359 baereses,
722 329 878 363 schismata,

57 336 66 385 i
91 353 280 385 detractiones,
295 354 348 381 invi
370 361 404 388 ia,
430 356 590 391 verbositas,
606 361 744 396 jactantia,
765 370 878 392 eonten-

51 417 54 420 ,
93 389 189 422 tiones,
213 389 410 423 animositates,
427 391 548 425 ambitio,
574 394 666 429 elatio,
695 402 877 438 praesumptio,

58 422 59 426 ’
91 425 206 455 vanitas,
227 425 393 460 inquietudo.
409 427 588 460 mendacium,
603 430 761 466 perjurium,
781 439 809 461 et
827 443 878 463 cae—

91 463 146 487 tera
163 459 323 493 hujusmodi.

125 495 150 522 6.
167 494 218 523 Sed
232 494 290 523 baec
304 496 362 531 quis
374 497 476 525 dubitet
491 506 522 526 ex
539 500 684 534 cupiditate
695 509 800 538 quoque
815 512 876 539 pro-

88 530 194 563 cedere,
207 538 267 558 cum
284 538 379 560 omnes
394 533 439 567 qui
455 533 554 561 fuerint
572 535 624 563 illis
636 538 761 565 omnibus
775 540 876 568 morbis

87 573 154 600 quos
168 566 302 594 nominavi
316 568 433 602 corrupti
450 568 599 597 habeantur
613 576 639 598 et
653 574 760 607 cupidi?
777 575 874 603 lterum

87 607 146 628 cum
159 602 276 634 gulosos,
292 601 511 638 intemperantes,
526 605 661 639 ebriosos,
676 609 779 643 avidos,
795 618 874 644 rapa—

86 642 140 668 ces,
154 636 233 698 Ψ
255 637 422 670 fornicarios,
441 639 589 674 adulteros,
607 646 784 678 stupratores,
800 646 873 674 ince-

85 675 150 704 stos,
197 671 323 707 agitiosos
345 674 476 708 cupiditas
493 676 604 710 reddat,
630 678 736 711 quaudo
761 687 873 714 possunt

84 706 141 734 siue
164 708 287 741 superbia
309 709 376 736 tales
392 709 460 742 fieri,
475 711 533 738 siue
548 719 597 746 qua
619 715 728 741 omnino
743 723 795 742 non
810 724 872 750 pos-

83 746 147 769 sunt
162 741 207 770 Dei
223 749 354 778 praecepta
369 746 516 779 contemni,
529 747 625 780 quibus
636 749 811 782 probibentur
825 752 870 779 illa

83 778 169 804 omnia
186 778 251 805 mala
272 786 331 813 quae
347 779 470 814 superius
495 783 706 815 comprehendi?
721 785 835 821 ideoque
847 788 870 814 si

83 813 204 840 volumus
216 820 404 842 consummare
418 818 502 843 nostri
518 818 672 846 certaminis
686 827 806 853 cursum,
822 830 868 849 ca-

80 882 133 909 duo
147 879 226 915 mala,
238 884 283 911 sed
296 893 388 918 uuum,
404 893 418 912 a
432 894 485 920 quo
498 887 607 915 trabunt
617 896 712 916 omnes
724 892 870 920 maliactus

80 917 194 945 initium.
212 917 277 946 Nam
293 920 352 947 sine
365 922 490 954 superbia
514 930 572 957 quae
588 930 698 957 possunt
719 926 813 954 saitem
830 928 870 954 iii—

79 953 170 980 clioari
195 959 314 988 peccata,
331 963 392 983 cuin
408 957 506 983 dicitur
521 966 527 985 ;
546 956 654 986 Initium
668 962 750 987 omnis
773 964 871 996 peccati

80 989 218 1024 superbla?
239 990 291 1018 Aut
305 991 363 1018 sine
377 991 522 1026 cupiditate
536 1001 595 1028 quae
618 999 659 1021 est
674 996 793 1023 omnium
811 1005 868 1025 iiia-

77 1023 164 1052 loruin
181 1024 265 1057 radix,
281 1033 339 1060 quae
373 1033 466 1054 ossunt
487 1028 542 1055 lieri
569 1029 650 1061 mala,
666 1038 726 1057 cum
750 1033 810 1059 siue
827 1041 869 1059 ra-

78 1059 137 1086 dice
149 1060 238 1087 omnia
252 1062 350 1088 aiitiiul
362 1069 377 1088 a
392 1067 558 1097 reputentur.
572 1068 618 1090 aut
628 1066 745 1092 mortua?
755 1066 866 1101 Deinde,

78 1095 101 1122 si
116 1095 253 1130 quodlibet
270 1103 406 1130 peccatum
430 1104 583 1132 perpetrare
606 1107 658 1126 nou
674 1108 781 1134 possum
794 1123 800 1134 ,
817 1103 868 1131 nisi

77 1137 144 1158 titeae
168 1130 337 1159 delectationi
357 1134 535 1166 consentiam,
562 1134 631 1168 quod
657 1136 812 1170 cupiditatis
827 1145 868 1166 est

76 1167 225 1200 proprium,
241 1171 267 1193 et
290 1166 337 1194 Dei
359 1173 491 1204 praecepta
504 1175 686 1203 contemnam,
707 1173 776 1205 quod
789 1179 830 1200 est
846 1175 866 1207 ⁸,

75 1207 107 1228 ex
123 1201 260 1236 superbia,
274 1210 333 1236 quae
347 1203 448 1230 initium
464 1204 550 1232 omnis
564 1205 666 1239 peceati
681 1205 787 1241 dicitur,
805 1217 866 1243 pro-

74 1236 144 1263 cedit
158 1244 237 1263 oiiiiie
253 1243 399 1271 peccatum.

111 1271 137 1298 7.
154 1272 271 1304 invidus,
287 1273 330 1306 qui
349 1274 464 1300 alienum
488 1274 586 1302 bonum
608 1283 684 1304 suum
708 1276 782 1310 facit,
798 1279 865 1306 invi-

75 1305 163 1333 dendo
189 1307 350 1341 supplicium
363 1309 389 1342 ¹⁴,
412 1309 484 1336 nulla
513 1310 619 1338 videtur
634 1312 668 1339 ad
692 1313 864 1342 invidendum

73 1341 286 1375 concupiscentia
300 1344 450 1378 provocari,
466 1346 512 1372 sed
528 1349 630 1373 tantum
643 1348 776 1382 superbire
792 1357 865 1376 inor-

72 1375 109 1404 bo
126 1378 227 1404 vexari.
251 1377 303 1405 Sed
326 1379 348 1405 si
373 1379 454 1406 animi
480 1379 538 1414 ejus
561 1385 673 1421 pestem,
698 1390 749 1417 qua
771 1385 865 1418 praeci-

72 1411 172 1446 pitatur
194 1413 329 1444 incensus,
346 1412 478 1441 subtiliter
499 1416 604 1449 alteque
626 1420 772 1450 rimemini,
790 1419 863 1447 inve-

73 1446 152 1474 nietis
164 1455 223 1474 euin
237 1452 265 1475 et
287 1448 443 1482 perditionis
468 1449 528 1484 ejus
550 1450 687 1484 cupidum,
699 1452 776 1487 cujus
790 1455 864 1489 cupit

74 1481 224 1515 interitum,
240 1487 266 1510 et
286 1483 418 1517 superbiae
431 1485 501 1511 malo
517 1486 613 1518 teneri,
628 1494 681 1521 quo
696 1488 745 1515 sibi
767 1490 864 1523 jugiter

71 1517 223 1578 infeniiscit
242 1519 380 1546 meliorem
395 1520 436 1546 cui
454 1520 570 1547 invideat
588 1521 726 1550 anteferri.
743 1524 807 1557 Quis
823 1524 862 1552 fa-

71 1559 94 1582 ci

70 1587 140 1623 quod
160 1588 264 1615 invidus
278 1589 340 1617 odio
355 1589 469 1617 bominis
485 1591 652 1625 persequitur
663 1593 781 1622 divinum
796 1603 861 1623 inu—

69 1630 119 1650 nus
145 1623 172 1650 iii
197 1623 320 1657 liomine,
346 1633 406 1652 cnm
434 1625 520 1660 potius
546 1627 628 1654 amari
656 1627 736 1656 bomo
764 1630 860 1658 debeat

68 1658 148 1686 etiam
166 1665 213 1694 pro
229 1659 270 1686 sui
290 1659 378 1687 meriti
398 1661 669 1690 sanctitaiewanios
690 1663 793 1692 invidos
813 1666 859 1693 lia-

68 1693 193 1728 beijusia
210 1701 287 1728 poena
301 1699 424 1730 tortores,
442 1702 557 1732 quantos
574 1697 718 1726 invidiosus
734 1700 857 1729 babuerit

68 1727 231 1757 laudatores.
262 1730 400 1764 Siquidem
427 1732 585 1759 invidiosum
614 1734 675 1762 facit
699 1735 856 1764 excellentia

69 1764 169 1799 meriti,
193 1765 311 1792 invidum
337 1774 413 1800 poeiia
440 1768 552 1801 peccati.
580 1766 633 1795 Nec
651 1770 675 1796 ei
696 1770 728 1797 ab
749 1771 855 1799 liominc

67 1804 156 1835 potest
170 1800 291 1828 adbiberi
303 1802 462 1834 remedium,
475 1802 550 1837 cujus
561 1809 603 1829 est
617 1805 711 1832 vulnus
720 1807 855 1834 occultum

67 1833 147 1870 (Vide
157 1844 234 1871 supra
246 1844 268 1862 c.
285 1835 329 1870 24,
346 1842 369 1864 et
381 1835 459 1869 Isia„
472 1845 498 1865 iii
514 1837 600 1871 Sene„
615 1847 674 1878 cup.
685 1840 741 1874 25).

101 1869 127 1897 8.
144 1870 203 1898 ,lani
226 1871 451 1899 nunc'videainus
473 1873 569 1906 quibus
589 1874 694 1901 indiciis
709 1876 791 1909 possit
810 1884 854 1903 su-

65 1906 157 1940 perbia
177 1905 351 1941 deprehendi,
369 1911 397 1934 ut
422 1908 489 1934 sicut
513 1908 538 1934 iii
560 1910 742 1943 superioribus
758 1912 853 1939 claruit

65 1939 146 1981 §Vide
160 1941 203 1968 lib.
218 1949 246 1968 iii
259 1942 427 1976 Seiit.,c.”25)
440 1943 541 1970 nullum
554 1949 692 1977 peccatum
706 1953 783 1979 posse
795 1947 852 1975 sine

64 1976 108 2003 illa
124 1977 265 2010 committi,
281 1978 316 2004 ita
333 1977 375 2004 liic
389 1979 463 2012 signa
479 1978 536 2011 ejus
550 1979 680 2012 eluceant,
698 1981 793 2014 quibus
808 1990 851 2009 ea-

63 2011 147 2039 venda
163 2012 246 2046 possit
266 2012 380 2039 ostendi.
407 2013 505 2039 Omitto
531 2013 590 2041 illos
606 2022 672 2049 quos
693 2016 772 2043 etiam
795 2017 851 2051 ipse

63 2044 169 2074 babitus
199 2052 225 2074 et
249 2046 368 2074 incessus
394 2047 524 2081 superbos
551 2050 704 2077 ostendunt.
733 2052 849 2083 Quorum

62 2086 152 2109 erecta
167 2083 256 2109 cervix
294 2082 375 2109 facies
401 2087 486 2116 torva,
506 2088 594 2111 truces
617 2085 696 2117 oculi,
711 2090 737 2112 et
761 2094 850 2114 sermo

63 2117 188 2145 terribilis
211 2103 309 2144 nudam
332 2117 484 2151 superbiam
506 2118 641 2146 damnant.
659 2120 719 2153 Qui,
738 2121 849 2160 libidine

61 2151 215 2181 dominandi
232 2152 358 2186 possessi,
375 2160 441 2186 quos
458 2159 568 2187 possunt
582 2155 713 2182 violenter
726 2156 775 2184 sibi
788 2157 849 2184 sub-

60 2184 165 2223 jiciunt,
186 2187 300 2214 liuiiiana
325 2187 467 2222 divinaque
486 2188 545 2222 jura
570 2189 746 2225 confundunt,
764 2192 847 2220 liono-

61 2221 136 2251 ribus
164 2222 354 2250 intumescunt.
384 2222 485 2250 Passim
511 2229 605 2251 cuncta
630 2225 768 2259 diripiunt,
790 2228 845 2255 sitis

55 2256 218 2285 ¹criminibus
239 2257 364 2292 gaudent,
390 2262 416 2285 et
440 2258 543 2293 scipsos
567 2260 700 2294 superbiae
727 2263 844 2297 corrupti

52 2293 156 2330 ‚morbo
167 2300 219 2320 non
227 2293 344 2327 capiunt.
355 2291 408 2319 llos
419 2301 483 2329 ergo
498 2299 638 2328 praetereo,
651 2295 676 2323 in
687 2296 784 2333 quibus
797 2305 844 2325 su-

61 2327 152 2363 perbia
177 2332 229 2355 tani
252 2331 344 2363 aperte
359 2335 387 2355 re
408 2331 462 2361 nat,
484 2334 510 2355 ut
531 2337 580 2356 nec
595 2330 736 2365 dignentur
748 2340 778 2360 se
797 2340 843 2361 oc-

52 2363 174 2397 stiuam,
189 2370 239 2390 nec
261 2363 375 2390 valeant.
403 2364 453 2391 llos
469 2364 645 2398 perdolendos
663 2367 786 2401 ostendo,
801 2371 843 2395 at·

98 2405 114 2425 e
135 2405 227 2425 eorum
251 2399 373 2433 cxempla
393 2398 512 2427 cavenda
536 2399 679 2433 denuntio,
700 2410 767 2435 quos
788 2403 844 2438 jain

95 2440 215 2466 nversos,
229 2435 256 2461 et
266 2431 456 2469 aliquantulum
468 2434 642 2470 proficientes
660 2437 784 2471 superbia
800 2446 844 2466 oc-

96 2468 133 2495 lte
145 2469 270 2503 captivat,
284 2475 350 2502 quos
361 2468 387 2496 in
403 2468 564 2504 profundum
586 2471 718 2499 malorum
733 2471 844 2501 fraudu-

109 2507 134 2531 ta
152 2503 323 2531 damnatione
345 2505 510 2540 praecipitat‚
534 2510 562 2533 et
584 2513 618 2533 ne
642 2507 703 2535 inde
729 2515 762 2535 υιι
784 2516 843 2536 uam

40 2534 69 2562 ,¹
126 2537 164 2566 int
186 2545 334 2574 emergere,
357 2539 382 2566 'u
403 2539 453 2568 'ter
476 2539 572 2568 calcat.
593 2540 651 2576 ipsa
671 2542 697 2569 in
718 2549 763 2570 cor
784 2544 843 2571 ibus

39 2594 44 2606 ‚
89 2572 152 2603 lium
167 2573 255 2602 locum
267 2547 374 2602 ‹li-nofe
393 2574 455 2602 acit.
470 2573 480 2602 Ι
499 2582 529 2602 sa
550 2575 575 2605 ci
590 2575 742 2606 advenienti
756 2576 843 2606 muni-

137 2613 228 2644 pectus
241 2608 403 2638 familiariter
413 2582 518 2645 pandit.
535 2609 592 2645 ipsa
607 2611 786 2642 introeuntem
797 2620 841 2641 su-

99 2643 146 2679 pit-
164 2644 223 2680 lpas
235 2643 320 2680 captis
330 2645 376 2680 jus
386 2643 490 2680 perdite
502 2644 606 2672 vivendi
619 2648 767 2676 constituit.
782 2648 840 2682 lpsa

125 2678 184 2707 ibus
198 2678 276 2708 lionis
289 2683 420 2714 exarmat,
436 2687 502 2715 quos
517 2679 608 2720 semel.
620 2679 758 2710 invaserit.
782 2683 841 2724 ipsa

123 2712 188 2750 qnid
205 2714 234 2743 in
248 2714 287 2745 eis
298 2715 456 2742 remanserit
469 2714 539 2749 quod
562 2715 731 2755 vitiis‘pouit
745 2717 839 2750 obniti,

40 2755 41 2759 ’
107 2753 202 2779 cunm
213 2747 326 2781 sotor-tc
337 2749 516 2783 convalescat,
531 2749 671 2779 interimit.

39 2802 43 2807 ·
75 2806 77 2810 ι
114 2802 123 2812 .
138 2780 287 2817 tudc'onini
296 2789 338 2815 est
347 2788 376 2815 ut
386 2785 414 2813 lii
429 2790 497 2826 quos
509 2784 633 2822 superbie
653 2784 751 2824 mentis
765 2786 840 2826 tabu

137 2819 200 2847 suta
212 2818 371 2856 corrumpit,
389 2823 526 2848 seniorum
544 2825 653 2848 sucrum
674 2828 728 2848 nou
739 2818 839 2862 *obscr-

113 2857 125 2882 t
138 2853 261 2891 imperta,
273 2856 321 2885 sed
330 2854 461 2893 iudicant.
475 2853 516 2884 De
526 2855 583 2884 suis
598 2855 683 2892 Μ
700 2855 836 2892 negligen-

539 124 685 155 APPEND.
705 127 750 157 ix.
770 144 805 152 --
823 130 1090 167 SENTEN'riAittJn
1110 132 1214 168 LtssEtt‘
1228 141 1271 170 lv.

822 198 882 224 per-

94 246 207 283 potitum
230 248 335 276 arboris
355 249 503 277 interdiciae
519 259 550 279 ac
574 253 671 282 divinae
697 233 880 288 Shuniumiags

81 855 190 875 veamus
206 848 336 883 imprimis
350 850 535 884 cupiditatem,
548 856 627 886 atque
641 855 802 888 superbiam,
816 865 867 884 uon
884 866 910 897 B

88 1552 122 1580 'e
145 1556 234 1588 potest
254 1554 334 1588 quale
348 1554 382 1581 sit
407 1555 456 1582 lioc
481 1556 579 1582 malum
595 1557 684 1590 verbis
698 1558 859 1594 exprimere,
873 1542 897 1573 C

897 191 921 221 A
935 193 979 220 tiis
992 195 1124 230 objurgati
1146 202 1192 224 aut
1205 199 1336 229 rebellant
1358 201 1516 238 insolenter,
1532 211 1578 234 aut
1598 216 1720 238 murinu-

933 233 1005 261 raiit;
1020 229 1055 258 de
1068 231 1128 260 loco
1141 235 1271 267 superiori
1287 236 1444 272 disceptant,
1460 239 1579 273 praeferri
1597 250 1627 271 se
1638 245 1719 274 etiam

932 264 1087 304 melioribus
1103 267 1272 301 impudenter
1292 272 1427 302 affectant.
1442 275 1643 308 Simplicitatem
1663 280 1719 316 spi-

931 300 1065 341 ritualium
1100 301 1211 331 fratrum
1240 306 1421 338 imprudenter
1451 318 1621 347 exaggerant.
1650 313 1719 344 Suas

930 338 1077 372 sententias
1093 340 1241 372 procaciter
1250 340 1362 375 jactant.
1379 343 1512 379 obsequia
1536 346 1620 375 delata
1643 349 1718 378 rasit-

930 366 1019 402 diunt;
1037 377 1130 406 negata
1151 375 1320 407 pertinaciter
1333 384 1466 412 quaerunt,
1479 381 1580 410 natales
1594 384 1715 414 moribus

930 406 1105 441 anteponunt.
1125 407 1250 438 iuniores
1265 419 1328 439 suos
1339 413 1402 440 elati
1419 412 1577 447 despiciunt.
1593 418 1717 448 Conferri

929 436 980 462 sibi
997 439 1098 472 aliquos
1114 449 1193 474 posse
1208 452 1261 471 non
1274 444 1396 474 credunt.
1413 447 1525 482 AEquari
1547 458 1576 478 se
1598 454 1718 483 moribus

929 469 1031 511 [Eoi-te,
1046 473 1204 512 minoribus]
1223 478 1368 513 dedignati,
1385 489 1465 517 super
1479 491 1525 511 eos
1539 491 1568 511 se
1590 487 1648 514 solo
1661 490 1718 517 aiii-

929 513 965 532 ini
979 511 1082 548 tumore
1095 511 1271 539 constituunt.
1286 513 1345 541 Non
1360 522 1468 544 servant
1483 517 1510 545 iii
1531 519 1659 554 obsequio
1674 531 1718 551 re-

928 546 1086 580 verentiam,
1103 544 1129 571 in
1145 552 1269 575 sermone
1292 549 1462 583 modestiam,
1479 552 1506 580 iii
1528 554 1644 583 moribus
1668 558 1719 586 dis-

927 577 1064 610 ciplinam.
1100 579 1204 608 Habent
1236 582 1262 609 iii
1294 582 1442 612 intentione
1477 588 1658 623 pertinaciam,
1692 594 1718 620 in

926 613 1006 638 corde
1029 614 1153 642 duritiam
1167 635 1174 647 ,
1199 618 1224 644 iii
1247 619 1471 647 sermocinatione
1497 620 1668 659 jactantiam,
1693 627 1719 654 in

927 646 1075 676 liuniilitate
1098 649 1214 684 milaces,
1234 654 1259 679 in
1276 653 1410 682 locutione
1435 657 1585 699 mordaces,
1603 659 1629 686 iii
1655 662 1716 689 odio

926 683 1074 715 pertinaces
1090 685 1262 720 subjectionis
1283 689 1459 723 impatientes,
1478 696 1604 725 polenllae
1629 701 1717 724 secta—

925 721 996 744 tores
1007 741 1013 751 ,
1037 721 1161 748 omuibus
1194 722 1271 750 bonis
1295 723 1417 753 odibiles.
1451 726 1491 753 Ad
1524 734 1591 762 opus
1620 730 1717 759 bionum

924 751 1002 785 pigri,
1017 755 1050 780 ad
1066 757 1279 786 communionem
1296 759 1355 792 feri,
1371 760 1404 787 ad
1418 761 1575 796 obsequium
1601 764 1672 800 duri,
1684 768 1718 795 ad

922 786 1082 828 loquendum
1092 792 1163 825 quod
1175 794 1296 821 nesciunt
1307 797 1433 830 prompti,
1446 797 1479 824 ad
1490 798 1715 833 supplantandum

923 828 1019 883 parati,
1031 825 1064 852 ad
1076 827 1163 852 omnia
1176 828 1271 861 quibus
1280 830 1402 858 subsistit
1417 831 1530 859 fraterna
1543 836 1658 864 societas
1677 838 1717 865 in-

934 861 1045 892 iuinaui,
1072 862 1206 890 temerarii
1231 864 1257 890 iii
1280 865 1433 898 audiendo,
1458 872 1661 903 praesumptuosi
1687 873 1714 900 in

923 892 1053 926 docendo,
1070 895 1180 924 clamosi
1193 898 1217 925 in
1231 899 1374 934 loquendo,
1388 900 1518 930 fastidiosi
1530 903 1556 930 in
1568 906 1712 941 audiendi),

923 926 1043 956 eui-enati
1059 930 1215 959 deformiter
1228 934 1254 960 in
1269 934 1410 969 cachinno,
1424 940 1530 966 onerosi
1551 941 1655 975 amit-is,
1671 942 1714 970 iii—

922 960 983 1003 festi
1010 965 1116 1004 quietis,
1133 966 1227 1001 ingrati
1251 969 1398 1004 beneficiis,
1419 971 1502 1000 inflati
1526 974 1673 1010 obsequiis,
1687 982 1714 1005 et

924 1001 1059 1032 imperiosi
1076 1001 1214 1035 subjectis.

960 1033 1000 1060 10.
1018 1034 1079 1062 llaec
1093 1041 1156 1063 sunt
1178 1038 1309 1072 superbire
1330 1042 1476 1074 grassantis
1491 1043 1587 1072 indicia
1616 1047 1711 1082 quibus

922 1067 992 1107 Deus
1006 1069 1159 1104 offenditur,
1177 1077 1203 1098 et
1217 1074 1328 1108 recedit,
1347 1083 1377 1102 ac
1392 1077 1506 1110 superba
1527 1066 1607 1107 corda
1629 1082 1711 1109 desti-

921 1106 979 1130 tuit.
1005 1104 1050 1131 llis
1063 1106 1140 1132 mulis
1155 1107 1277 1135 diabolus
1292 1115 1384 1144 pastus
1398 1112 1524 1145 exsultat,
1540 1118 1566 1141 et
1583 1115 1710 1145 invitatur

920 1142 948 1164 ut
962 1140 1057 1166 veniat.
1075 1140 1210 1175 Superlias
1232 1148 1335 1172 mentes
1360 1146 1440 1173 intrat
1460 1150 1488 1174 ut
1513 1152 1612 1184 teneat,
1629 1153 1710 1187 erigit

921 1176 948 1199 ut
962 1174 1054 1206 elidat,
1082 1175 1151 1203 fovet
1175 1182 1203 1204 ut
1231 1180 1333 1213 perdat.
1358 1181 1407 1214 Qui
1435 1183 1659 1217 inexplicabiliter
1675 1188 1708 1215 de

918 1208 975 1242 ipsa
999 1210 1162 1244 perditorum
1190 1214 1344 1247 captivitate
1371 1217 1507 1251 tripudiat,
1533 1223 1560 1246 ut
1586 1221 1707 1255 captivos

917 1249 992 1277 suos,
1009 1253 1076 1280 quos
1091 1247 1338 1283 superbiaejuribus
1360 1250 1408 1278 sibi
1431 1252 1554 1286 subjecit,
1569 1254 1630 1288 jure
1664 1265 1706 1286 os-

918 1278 1013 1312 sideat,
1032 1284 1059 1307 et
1070 1282 1158 1309 omnia
1175 1282 1219 1310 illa
1233 1285 1300 1311 mala
1313 1293 1371 1319 quae
1391 1287 1514 1321 superius
1530 1296 1639 1324 compre
1659 1299 1707 1320 eii-

917 1313 942 1340 di
977 1322 1004 1342 er
1020 1316 1080 1343 illos
1103 1322 1239 1346 exerceat.
1261 1319 1354 1348 Merito
1377 1320 1457 1355 igitur
1500 1330 1530 1350 er
1542 1323 1644 1358 justum
1658 1327 1707 1355 Dei

915 1348 942 1383 iu
965 1349 1043 1377 icium
1065 1351 1226 1380 deseruntur
1238 1354 1401 1389 hujusmodi,
1416 1364 1481 1384 occu
1493 1360 1520 1384 to
1525 1360 1707 1419 (praedamnati

916 1385 1048 1418 supplicio
1060 1406 1068 1418 ,
1098 1388 1224 1420 quoniam
1260 1397 1312 1417 non
1351 1390 1482 1418 violenter
1509 1399 1523 1419 a
1544 1393 1609 1422 dicti
1620 1415 1629 1429 ,
1658 1397 1706 1424 sed

915 1424 1014 1452 sponte
1028 1422 1128 1452 cedunt
1143 1423 1273 1456 superbiae
1288 1425 1446 1459 decipientis
1459 1426 1584 1462 imperio,
1596 1431 1638 1457 cui
1652 1431 1704 1459 uti-

935 1461 967 1480 ue
987 1456 1099 1490 possint,
1115 1456 1138 1484 si
1153 1458 1295 1493 voluerint,
1312 1467 1460 1494 repugnare
1475 1461 1567 1490 liberae
1583 1464 1704 1494 volunta-

915 1460 950 1515 (tlis
964 1490 1086 1524 arbitrio,
1110 1491 1222 1520 liberato
1246 1501 1292 1528 per
1315 1494 1414 1522 donum
1438 1498 1522 1525 sancti
1548 1498 1663 1539 Spiritus
1676 1507 1704 1529 et

915 1524 1028 1553 munito.
1047 1525 1236 1556 Verumtamen
1251 1529 1331 1557 etiam
1347 1530 1413 1558 tales
1426 1531 1449 1558 si
1472 1532 1505 1559 ad
1521 1534 1701 1567 recipiendam

913 1559 1027 1587 salutem
1049 1560 1176 1590 divinitus
1191 1563 1300 1591 animati
1321 1571 1396 1598 spem
1412 1566 1585 1600 resipiscendi
1609 1572 1701 1599 conci-

912 1594 997 1628 piant,
1008 1603 1056 1623 nec
1067 1604 1096 1625 se
1108 1597 1134 1624 in
1147 1599 1263 1632 peccatis
1274 1598 1329 1626 suis
1338 1599 1505 1633 desperando
1516 1607 1699 1640 contemnant,

910 1634 1037 1663 poterunt
1061 1631 1204 1660 fructuosae
1227 1633 1416 1662 satisfactionis
1441 1635 1635 1666 medicamento
1657 1647 1700 1668 sa-

910 1667 978 1697 nari,
994 1669 1020 1692 et
1044 1667 1209 1701 superbiam.
1225 1676 1284 1730 quae
1304 1677 1350 1696 eos
1366 1677 1380 1696 a
1401 1669 1456 1697 Deo
1479 1677 1527 1698 suo
1543 1674 1699 1703 tumefactos

910 1705 1079 1733 excusserat,
1099 1701 1215 1730 fundatae
1241 1704 1388 1731 iuinilltatis
1413 1712 1502 1733 assum
1525 1707 1597 1735 tione
1611 1709 1698 1738 domi-

908 1739 1015 1769 nantes,
1031 1737 1143 1764 viuculis
1158 1738 1336 1766 damnationis
1359 1739 1472 1767 absolvi.
1517 1742 1567 1769 uod
1582 1744 1698 1778 qualiter

907 1768 964 1797 fieri
979 1772 1073 1805 possit,
1089 1780 1168 1806 supra
1185 1773 1240 1807 jam
1256 1774 1382 1807 diximus,
1398 1782 1458 1802 cum
1483 1776 1516 1803 de
1531 1777 1587 1810 ipsa
1603 1785 1696 1813 supet·-

908 1803 960 1837 bia,
979 1807 1047 1833 unde
1063 1809 1232 1841 processerit,
1276 1817 1309 1836 uo
1332 1811 1495 1844 pervenerit,
1512 1813 1574 1845 quid
1599 1815 1693 1848 egerit,

907 1843 1090 1868 tractaremus.
1106 1842 1171 1869 Nam
1187 1850 1201 1869 a
1218 1843 1259 1870 dia
1280 1844 1324 1871 olo
1338 1845 1478 1878 processit,
1501 1847 1534 1873 ad
1557 1848 1692 1877 bominem

904 1875 1017 1908 primum
1037 1879 1167 1911 pervenit,
1189 1877 1255 1907 etin
1277 1879 1335 1913 ipso
1350 1884 1434 1908 totum
1449 1888 1534 1915 genus
1547 1882 1691 1912 liumauuin

904 1910 977 1937 velut
991 1912 1016 1938 in
1038 1912 1125 1940 radice
1147 1912 1261 1940 fructum
1281 1919 1383 1942 natura:
1397 1919 1494 1950 sponte
1506 1919 1640 1949 peccantis
1654 1920 1691 1946 vi—

904 1944 1012 1973 tiatione
1023 1948 1149 1981 corrupit.

940 1980 982 2007 Η.
999 1981 1069 2008 Ordo
1090 1982 1147 2016 ipse
1162 1982 1265 2010 videtur
1282 1984 1389 2018 exigere
1406 1990 1435 2012 ut
1456 1987 1489 2012 de
1510 1986 1607 2014 invidia
1622 1995 1689 2023 quo-

902 2021 953 2048 que
965 2023 1046 2049 pauca
1057 2017 1188 2052 dicamus,
1200 2026 1258 2053 quae
1270 2020 1295 2046 in
1310 2024 1410 2046 tantum
1422 2020 1455 2047 de
1469 2022 1600 2055 superbire
1615 2022 1688 2051 fonte

900 2051 1028 2083 manavit,
1043 2056 1072 2078 ut
1087 2052 1219 2093 diabolus,
1235 2054 1279 2087 qui
1294 2061 1339 2087 per
1353 2055 1504 2089 superbiam
1526 2057 1616 2090 periit,
1634 2058 1687 2086 bo-

900 2085 998 2112 minem
1023 2087 1135 2120 priinuni
1154 2092 1242 2115 statim
1262 2095 1406 2116 succensus
1420 2090 1527 2118 invidiae
1546 2091 1608 2120 felle
1624 2101 1685 2126 per-

900 2119 1005 2147 diderit.
1034 2121 1160 2155 Proinde,
1185 2123 1245 2158 quia
1270 2124 1340 2151 idem
1363 2124 1484 2152 diabolus
1505 2127 1685 2161 superbiendo

899 2154 1004 2183 invidus
1020 2157 1151 2191 superbus
1165 2158 1297 2192 apparuit,
1314 2166 1365 2186 non
1388 2160 1510 2194 superbia
1527 2162 1627 2189 fructus
1646 2163 1686 2190 in-

900 2190 976 2218 vidioe
990 2190 1048 2224 fuit,
1065 2192 1112 2220 sed
1126 2192 1225 2221 invidia
1240 2202 1271 2221 ex
1286 2194 1418 2235 superbiae
1439 2195 1528 2223 radice
1542 2198 1682 2230 processit,

899 2226 969 2252 unde
983 2227 1106 2260 quoniam
1126 2233 1253 2261 quantum
1278 2227 1380 2256 invidos
1404 2229 1457 2257 afssi
1478 2235 1504 2257 at
1518 2231 1616 2258 invidia
1637 2239 1683 2259 su-

896 2261 986 2295 perior
999 2267 1089 2290 sci-mo
1101 2261 1156 2298 iam
1179 2263 1306 2298 prodidit,
1323 2271 1375 2291 non
1392 2262 1434 2292 liic
1466 2272 1482 2292 e
1501 2265 1568 2301 illius
1584 2266 1683 2305 suppti-

895 2297 938 2323 cio
954 2297 1094 2325 dicendum
1117 2297 1231 2332 videtur,
1247 2306 1300 2333 quo
1324 2306 1386 2327 suos
1410 2300 1512 2327 animos
1536 2300 1681 2340 invidi-la-

896 2330 993 2358 niando
1004 2332 1164 2365 conficiunt;
1180 2333 1227 2361 sed
1242 2333 1291 2361 boc
1306 2338 1417 2367 tautum,
1429 2334 1545 2360 donante
1552 2333 1679 2375 pomino,

895 2364 1024 2394 debemus
1037 2367 1189 2401 ostendere,
1202 2368 1318 2402 qualiter
1332 2368 1412 2395 invidi
1427 2370 1520 2395 secure
1534 2374 1678 2398 viventium

895 2401 989 2429 merita
1004 2410 1050 2430 sua
1062 2401 1160 2429 faciant
1174 2402 1316 2430 invidendo
1329 2402 1408 2437 285
1424 2407 1542 2443 peccata,
1555 2408 1582 2444 οι
1595 2412 1680 2446 quan:

896 2440 950 2463 tuin
965 2437 991 2464 iii
1006 2437 1044 2464 eis
1058 2436 1156 2464 bonum
1173 2442 1323 2470 corrumpat
1343 2438 1453 2476 ¹invidia.
1467 2437 1600 2477 Quidquid
1614 2439 1678 2467 boni

895 2471 951 2498 lieri
973 2472 1012 2498 vel
1029 2470 1079 2498 dici
1101 2479 1116 2497 a
1140 2472 1239 2499 sanctis
1255 2471 1398 2504 audierint.
1422 2476 1468 2499 aut
1491 2479 1600 2500 omnino
1622 2481 1676 2502 non

894 2506 1016 2540 credunt,
1043 2509 1088 2533 aut
1109 2512 1151 2533 res
1173 2506 1240 2534 bene
1254 2510 1342 2540 gestus
1370 2506 1396 2534 in
1423 2507 1520 2535 malum
1546 2509 1678 2543 interpre-

895 2541 973 2569 tando
989 2544 1156 2568 convertunt.
1177 2540 1261 2568 Omne
1276 2541 1372 2570 malum
1392 2541 1461 2582 quod
1473 2541 1580 2583 'destiti-s
1601 2550 1677 2584 mcu-

892 2576 943 2604 dax
964 2575 1032 2604 fama
1050 2575 1200 2616 iactaverit,
1215 2575 1303 2603 statim
1337 2577 1411 2611 quasi
1435 2577 1457 2604 si
1473 2583 1522 2611 ipsi
1547 2577 1673 2614 viderint,

892 2610 1014 2641 credunt.
1028 2609 1156 2638 Feraliter
1170 2617 1210 2638 eis
1224 2611 1268 2650 qui
1282 2598 1347 2638 iliud
1366 2619 1457 2651 vei-um
1471 2619 1526 2651 nou
1540 2619 1601 2640 esse
1611 2620 1674 2648 pro-

891 2646 955 2674 bare
975 2646 1108 2674 voluerint
1122 2644 1317 2673 wntradicunt.
1330 2645 1424 2674 Omma
1438 2653 1493 2675 suis
1508 2646 1612 2674 minutis
1623 2647 1674 2676 lin-

891 2684 966 2717 gunt,
981 2688 1072 2708 eorum
1094 2678 1212 2714 profectu
1232 2679 1369 2708 deliciunt.
1389 2679 1456 2720 odia
1480 2680 1548 2709 intra
1574 2689 1604 2722 se
1627 2682 1676 2711 ab·

890 2717 1031 2748 scondunt,
1053 2715 1079 2742 in
1103 2722 1166 2743 suos
1190 2714 1324 2743 cruciatus
1347 2719 1494 2748 enutriunt,
1509 2716 1676 2751 proficienti-

890 2750 939 2779 bus
962 2749 1091 2784 invident,
1113 2749 1283 2785 peccantibus
1307 2748 1414 2784 favent,
1439 2749 1572 2792 ‚timorum
1596 2752 1675 2780 malis

888 2786 1013 2823 gaudent.
1031 2784 1069 2814 De
1083 2784 1245 2820 profectibus
1265 2783 1367 2821 lugent.
1389 2785 1416 2814 in
1441 2785 1672 2852 inituicitiisffi

889 2822 963 2851 tuitis
973 2819 1076 2855 ardent,
1088 2818 1251 2856 deprehendi
1261 2823 1413 2857 peccatores
1424 2827 1472 2856 per
1483 2821 1528 2851 sui
1542 2820 1606 2851 mali
1651 2856 1660 2864 ,

889 2857 994 2889 timent,
1006 2860 1112 2884 samm
1121 2855 1215 2890 anari,
1230 2862 1365 2891 nunquam
1377 2855 1453 2891 certi,
1468 2855 1548 2886 amici
1559 2854 1672 2887 etiamn.
