1832 3016
157 161 210 190 815

681 153 709 180 S.
729 150 851 180 {SlDORl
871 148 1091 178 tttSPAtuNsts
1109 148 1259 178 Episcopt

1729 151 1779 180 8¹6

156 218 281 256 quIssima
303 216 382 242 virtus
405 212 596 245 etjnveterata
617 209 729 242 malitia,
753 208 798 235 vel
821 207 1119 244 violentaApraesagio
1131 212 1305 237 consecutum
1321 212 1404 237 estut
1419 208 1489 236 nulla
1511 208 1564 236 illis
1586 215 1651 245 gens
1674 213 1777 238 extera·

155 263 270 293 tncursio
282 260 390 294 expulsa
405 259 520 292 lugetur.

189 310 216 336 5.
232 307 287 334 ttoc
301 304 432 339 significat
453 301 586 329 lunaticus
611 301 667 333 ille,
689 307 767 334 quem
793 299 941 334 increpavit

151 356 238 385 Jesus,
253 357 280 379 et
295 351 360 378 exiit
374 350 408 376 ab
424 349 468 375 illo
484 347 647 374 daemontum
664 345 772 381 (Manli.
793 345 869 379 xvn).
886 345 939 372 Po-

153 404 232 427 testas
256 402 344 425 autem
370 394 467 422 diaboli
490 393 668 424 exorcizatur,
688 396 714 418 et
739 391 889 418 insufflatur
914 391 939 417 in

151 445 201 478 eis,
217 448 246 470 ut
260 444 283 470 ei
304 442 473 471 renuntient,
491 444 581 472 atque,
598 438 666 465 eruti
687 445 701 464 a
722 441 853 472 potestate
866 443 939 464 tene-

151 491 267 520 brarum,
285 488 364 523 [459
381 487 406 513 in
422 492 530 519 regnum
547 484 587 511 sui
609 483 714 510 Domini
728 491 776 518 per
786 490 939 510 sacramen-

152 540 206 563 tum
221 533 386 568 baptismatis
398 530 604 558 transferantur.
619 530 694 563 Quod
705 530 766 564 quia
781 529 881 564 parvuli
894 536 940 563 per

151 588 179 608 se
195 579 343 607 renuntiare
359 585 410 604 non
425 580 546 610 possunt,
572 583 619 609 per
633 575 714 602 corda
729 579 755 602 et
768 582 814 601 ora
830 579 938 610 gestan-

150 626 213 652 tium
236 624 403 657 adimpletur.
421 622 495 650 Sales
509 625 596 647 autem
621 621 646 647 in
671 620 848 647 ministerium
867 623 939 647 cate-

149 670 286 697 chumenis
300 668 399 695 dandos
420 675 434 692 a
457 667 574 699 patribus
589 666 650 693 ideo
664 671 706 693 est
727 666 890 698 institutum,
911 668 940 691 ut

150 723 242 743 eorum
258 719 335 749 gustu
354 713 552 740 condimentum
567 711 704 746 saptentiae
717 711 876 745 percipiant,
894 718 939 737 ue-

150 769 202 796 que
217 761 346 794 desipiant
371 766 385 785 a
411 766 505 792 sapore
525 757 645 790 Christi;
671 765 721 784 nec
746 757 799 783 sint
822 756 896 789 latui,
912 760 939 783 et

149 812 221 833 retro
243 805 401 838 respiciant,
429 803 499 830 sicut
524 810 590 829 uxor
611 803 661 830 Lot
693 802 777 836 (Gen.
801 802 880 836 xix),
904 808 938 828 ne

148 852 245 878 malum
263 850 412 884 exemplum
428 849 522 876 dantes
547 848 598 883 ipsi
621 852 787 881 remaneant,
817 853 845 875 ιιι
870 848 937 876 alios

146 897 297 923 condiant.-

182 941 210 968 t.
234 941 461 975 Quemadmodum
488 941 541 973 illa,
563 947 633 975 quae,
655 948 716 968 cum
741 940 898 967 liberaretur
921 947 936 967 a

149 988 282 1020 Sodomis,
293 988 317 1015 in
329 989 369 1014 via
382 987 465 1022 posita
481 991 552 1014 retro
565 987 694 1021 respexit,
707 987 794 1021 ibique
806 987 935 1015 remansit

146 1040 231 1063 statua
247 1035 320 1062 salis.
338 1034 394 1067 Quo
417 1034 492 1068 signo
506 1033 680 1061 condirentur
694 1033 719 1060 hi
736 1034 780 1067 qui
794 1041 840 1067 per
856 1034 933 1061 tidem

147 1081 246 1108 mundo
269 1084 295 1107 et
318 1081 421 1107 actibus
435 1079 630 1113 desideriisque
649 1079 707 1113 ejus
728 1079 890 1111 renuntiant,
907 1083 934 1105 ut

147 1125 293 1152 affcctionis
310 1126 427 1160 pristinae
449 1133 501 1152 non
524 1125 712 1157 recordentur,
730 1132 816 1159 neque
835 1125 866 1151 ad
882 1132 934 1151 sae-

146 1173 197 1199 culi
213 1173 350 1199 illecebras
363 1176 529 1204 revocentur,
543 1172 614 1206 quia,
629 1171 774 1198 secundum
786 1171 933 1198 Salvatoris

148 1219 315 1249 sententiam,
331 1225 433 1252 ponens
448 1224 554 1243 manum
573 1224 647 1243 suam
664 1223 744 1250 super
757 1220 885 1248 aratrum,
907 1221 934 1243 et

148 1254 292 1297 respiciens
305 1268 386 1294 retro.
404 1270 484 1295 regno
495 1262 623 1289 coelorum
639 1266 717 1296 aptus
739 1268 799 1289 esse
818 1269 870 1289 non
887 1268 934 1297 po-

147 1312 198 1335 test
213 1308 286 1343 (Luc.
304 1316 340 1341 tx,
355 1307 410 1343 62).

430 1353 541 1380 CAPUT
561 1353 643 1380 xxn.

414 1400 452 1426 De
467 1400 670 1434 competentibus.

185 1447 212 1474 1.
241 1446 305 1473 Post
333 1446 541 1473 catechumenos
569 1445 701 1471 secundus
726 1443 933 1479 competentium

147 1493 243 1529 gradus
257 1497 307 1520 est.
323 1492 509 1526 competentes
534 1495 622 1518 autem
647 1495 717 1522 sunt,
735 1490 778 1525 qui
799 1490 852 1524 jam
873 1494 932 1523 post

146 1540 292 1568 doctrinam
310 1539 381 1572 tidei,
400 1543 459 1572 post
480 1538 668 1564 continentiam
689 1538 749 1564 vitre
767 1537 799 1563 ad
819 1536 929 1570 gratiam

991 253 1064 280 nulla
1080 254 1169 289 lingua
1183 255 1306 287 barbara,
1322 255 1459 282 inaccessa
1472 255 1515 282 vel
1537 255 1609 283 invia
1631 255 1777 290 videretur,

990 305 1151 335 praeceptum
1164 306 1207 328 est
1219 302 1259 330 eis
1282 310 1297 330 a
1313 303 1425 331 Domino
1450 304 1553 336 datum,
1568 303 1601 330 ad
1627 304 1774 338 pradican-

990 343 1054 371 dum
1071 345 1116 372 Dei
1130 346 1254 379 verbum,
1267 348 1302 375 ad
1314 348 1434 382 singulas
1448 356 1567 384 quasque
1583 349 1705 376 nationes
1717 349 1778 376 adi-

992 397 1021 416 re
1036 389 1145 426 (Mami.
1157 392 1264 428 xxviii).

1025 436 1053 462 Ξ.
1075 436 1222 465 Discessuri
1244 440 1334 474 itaque
1357 441 1390 467 ab
1409 441 1535 474 invicem,
1558 449 1678 469 normam
1704 442 1777 477 prius

990 479 1041 506 sibi
1056 481 1151 508 futurae
1165 484 1363 517 praedicationis
1389 486 1416 512 in
1435 493 1577 514 commune
1601 488 1777 520 constituunt,

991 533 1035 558 ne,
1051 526 1171 554 localiter
1185 530 1218 555 ab
1233 529 1347 557 invicem
1366 530 1546 565 discedentes,
1562 532 1697 559 diversum
1724 533 1776 559 ali-

990 572 1053 607 quid
1079 573 1119 600 vel
1144 573 1279 601 dissonum
1303 576 1478 609 praedicarent
1502 577 1544 604 his
1565 578 1609 612 qui
1634 578 1667 604 ad
1695 578 1774 605 tidem

990 617 1089 645 Christi
1108 619 1299 647 invitabantur.
1311 621 1409 648 Omnes
1424 622 1504 656 igitur
1518 622 1546 649 iu
1568 630 1621 650 uno
1637 624 1734 657 positi,
1750 628 1778 651 et

991 663 1092 698 Spiritu
1108 670 1202 692 sancto
1216 666 1321 700 repleti,
1338 666 1419 694 breve
1432 668 1482 694 sibi
1498 668 1695 702 praedicationis
1707 669 1775 696 indi-

990 708 1071 741 cium,
1086 711 1248 738 conterendo
1263 712 1288 738 in
1306 719 1386 739 unum
1402 713 1472 747 quod
1491 714 1643 741 sentiebant
1664 721 1775 748 compo-

991 759 1066 787 nunt,
1082 761 1162 790 atque
1174 756 1242 783 hanc
1257 757 1428 785 credentibus
1441 758 1556 786 dandam
1577 766 1638 787 esse
1655 759 1774 795 regulam

990 805 1118 829 statuunt.

1025 847 1051 873 3.
1065 847 1220 883 Symbolum
1233 854 1321 877 autem
1334 850 1384 877 hoc
1408 851 1498 878 multis
1513 855 1541 878 et
1562 852 1719 886 justissimis
1742 860 1775 882 ex

949 886 973 916 Β
987 895 1076 921 causis
1086 896 1221 929 appellare
1235 896 1386 923 votuerunt.
1406 897 1563 932 symbolum
1588 898 1659 925 euim
1683 899 1775 927 Graece
1798 925 1803 930 ,

986 944 1013 967 et
1029 940 1155 967 indicium
1181 941 1231 968 dici
1257 946 1355 975 potest,
1377 946 1403 969 et
1426 942 1543 975 collatio,
1561 943 1613 971 hoc,
1637 947 1689 976 est,
1705 945 1775 978 quod

987 985 1075 1018 plures
1089 986 1115 1011 in
1132 993 1211 1012 unum
1224 986 1375 1013 conserunt.
1392 987 1418 1013 ld
1433 987 1503 1014 enim
1529 987 1651 1015 fecerunt
1661 989 1774 1023 apostoli

986 1031 1013 1057 in
1028 1031 1069 1057 his
1085 1032 1252 1059 sermonibus
1268 1033 1386 1059 inunum
1402 1033 1565 1061 conserendo
1588 1034 1773 1069 unusquisque

986 1077 1054 1111 quod
1069 1078 1163 1104 sensit.
1184 1078 1311 1105 Indicium
1336 1083 1436 1112 autem,
1462 1080 1504 1106 vel
1531 1080 1652 1115 signum,
1673 1080 1773 1109 idcirco

985 1123 1090 1156 dicitur,
1104 1124 1165 1157 quia
1181 1124 1226 1150 illo
1243 1125 1269 1151 in
1287 1129 1418 1159 tempore,
1433 1125 1502 1152 sicut
1517 1125 1616 1153 Paulus
1636 1127 1771 1160 apostolus

985 1169 1094 1202 dicit,et
1106 1170 1130 1196 in
1144 1170 1254 1197 Actibus
1282 1171 1462 1205 apostolorum
1486 1171 1600 1198 retertur
1624 1171 1693 1206 (Act.
1713 1172 1771 1207 xv),

985 1215 1060 1241 multi
1077 1222 1105 1241 se
1131 1216 1291 1242 simulabant
1318 1223 1378 1243 esse
1404 1217 1537 1251 apostolos
1563 1217 1673 1250 Christi,
1688 1218 1773 1244 nomi-

984 1263 1077 1286 nantes
1092 1259 1201 1294 quidem
1215 1259 1364 1295 Christum,
1380 1261 1425 1288 sed
1440 1269 1492 1288 non
1522 1262 1629 1296 integris
1650 1263 1772 1289 traditio·

985 1313 1047 1332 num
1063 1306 1141 1333 lineis
1157 1307 1319 1333 nuntiantes.
1336 1307 1437 1335 Idcirco
1454 1308 1532 1342 igitur
1553 1308 1624 1335 istud
1647 1308 1771 1335 indicium

984 1356 1108 1385 posuere,
1125 1359 1173 1385 per
1188 1352 1258 1386 quod
1274 1356 1463 1386 agnosceretur
1473 1353 1550 1388 isqui
1562 1353 1695 1381 Christum
1707 1360 1771 1381 vere

984 1397 1128 1423 secundum
1143 1397 1301 1431 apostolicas
1317 1398 1422 1432 regulas
1435 1399 1602 1432 praedicaret.

1020 1441 1047 1468 4.
1064 1442 1183 1476 Denique
1198 1446 1224 1469 et
1240 1442 1265 1468 in
1280 1442 1359 1469 bellis
1375 1443 1496 1470 civilibus
1511 1444 1562 1471 hoc
1580 1444 1715 1471 observari
1731 1444 1771 1472 se·

984 1492 1057 1520 runt,
1072 1489 1197 1523 quoniam
1213 1494 1240 1516 et
1264 1497 1399 1517 armorum
1427 1497 1474 1523 per
1501 1489 1616 1523 habitus,
1640 1496 1667 1517 et
1690 1498 1772 1518 sonus

985 1534 1056 1561 vocis
1072 1535 1143 1561 idem
1158 1539 1186 1561 et
1198 1541 1256 1562 mos
1271 1542 1339 1561 unns
1351 1539 1409 1567 est,
1426 1539 1505 1568 atque
1530 1534 1623 1562 eadem
1651 1535 1771 1562 instituta

145 1587 241 1614 Christi
255 1586 459 1620 {percipiendam
475 1584 609 1612 festinant.
632 1584 747 1618 ideoque
766 1583 932 1617 appellantur
946 1574 970 1605 C
986 1580 1119 1612 bellandi;
1145 1579 1192 1606 sed
1219 1584 1246 1606 ut
1270 1587 1356 1614 nequa
1380 1579 1435 1606 doli
1456 1579 1592 1613 subreptio
1620 1580 1675 1612 (iat,
1690 1580 1768 1617 461

145 1635 337 1664 competentes,
354 1630 378 1656 id
394 1634 444 1663 cst,
465 1630 575 1663 gratiam
597 1629 695 1656 Christi
717 1633 855 1664 petentes;
870 1636 930 1655 nam

144 1675 325 1701 catechumeni
348 1678 449 1700 tantum
466 1673 588 1707 audiunt,
610 1673 722 1699 necdum
747 1677 849 1706 petunt.
865 1672 930 1699 Sunt

144 1721 213 1748 enim
229 1720 302 1754 quasi
325 1719 455 1754 hospites,
476 1723 502 1746 et
517 1719 596 1745 vicini
619 1718 745 1750 fidelium,
766 1718 864 1744 deforis
881 1725 929 1744 au-

145 1766 220 1793 diunt
234 1766 367 1801 mysteria,
381 1770 408 1793 et
422 1766 545 1800 gratiam,
562 1765 608 1792 sed
624 1765 709 1791 adhuc
721 1772 774 1791 ιιοιι
795 1765 930 1798 appellan-

145 1817 187 1839 tur
201 1812 299 1839 fideles.

180 1859 207 1885 Ξ.
223 1859 407 1893 Competentes
422 1862 508 1885 autem
529 1858 582 1892 jam
601 1860 703 1891 petunt,
718 1856 772 1890 jam
786 1855 928 1889 accipiunt,

143 1906 198 1940 jam
223 1905 430 1936 catechizantur,
457 1904 482 1930 id
503 1908 555 1936 est,
580 1903 734 1929 imbuuntur
756 1902 930 1929 instructione

145 1956 379 1979 sacramentorum.
395 1950 455 1977 Istis
475 1949 544 1976 enim
558 1948 674 1975 salutare
686 1948 835 1983 symbolum
849 1948 928 1974 tradi-

146 2000 198 2029 tur,
213 1997 286 2030 quasi
307 1995 538 2023 commonitorium
553 1994 614 2020 lidei
632 1998 658 2020 et
672 1997 771 2019 sanctae
783 1992 930 2019 contessio-

144 2043 186 2069 nis
200 2043 333 2075 indicium,
350 2049 401 2077 quo
418 2041 540 2069 instructi
561 2044 708 2075 agnoscant
721 2038 812 2074 quales
826 2038 880 2074 jam
896 2038 928 2066 ad

143 2090 252 2123 gratiam
268 2089 364 2116 Christi
381 2089 508 2116 exhibere
524 2095 553 2114 se
566 2087 692 2114 debeant.

371 2134 452 2170 460
471 2133 582 2160 CAPUT
607 2131 698 2159 xxut.

449 2179 488 2205 De
499 2178 623 2213 symbolo.

182 2224 208 2251 1.
237 2223 391 2259 Symbolum
418 2229 522 2256 autem,
542 2223 612 2259 quod
639 2222 718 2250 iidem
746 2226 927 2257 competentes

144 2269 287 2303 accipiunt,
301 2269 346 2296 tali
362 2270 466 2296 ratione
486 2270 636 2296 institutum
658 2267 774 2303 majores
787 2267 870 2294 nostri
889 2267 929 2293 di·
942 2259 970 2291 D
983 2269 1052 2297 rent.
1068 2265 1156 2299 inquo
1169 2263 1276 2298 quidem
1297 2271 1380 2297 pauca
1404 2268 1466 2290 sunt
1492 2264 1585 2296 verba,
1603 2263 1650 2291 sed
1677 2263 1765 2291 onmia

146 2319 258 2347 xerunt;
274 2316 381 2342 tradunt
392 2316 461 2342 enim
479 2316 519 2342 his
535 2315 634 2343 verbis.
649 2314 723 2349 Quod
747 2310 807 2348 post
830 2321 926 2341 ascen-

145 2361 246 2388 sionem
264 2361 369 2397 Domini
385 2366 412 2389 et
423 2361 569 2389 Salvatoris
584 2361 667 2388 nostri
683 2360 716 2387 ad
731 2360 849 2393 Patrem,
865 2367 926 2386 cum

145 2413 193 2440 per
207 2407 346 2434 adventum
359 2408 443 2434 sancti
461 2408 575 2442 Spiritus
598 2406 720 2441 discipuli
741 2406 798 2440 ejus
822 2405 927 2432 inflam-

143 2452 208 2478 mati
236 2452 332 2485 linguis
359 2453 478 2480 omnium
505 2453 625 2488 gentium
654 2452 828 2486 loquerentur
839 2470 846 2480 ‚
872 2457 926 2486 quo

179 2517 205 2543 5.
221 2518 300 2551 Quem
313 2518 459 2554 increpavit,
472 2522 525 2545 etc.
545 2519 598 2551 At..
613 2526 686 2551 quem
706 2518 838 2553 increpans
852 2516 926 2543 Jews

144 2552 207 2578 dixit
222 2560 231 2578 :
247 2553 330 2580 Surae
353 2558 376 2579 et
396 2557 463 2579 mute
476 2553 592 2586 spiritus,
612 2554 654 2580 exi
675 2552 706 2579 ab
727 2560 766 2581 eo.
787 2552 820 2578 Ee
841 2552 926 2578 statim

144 2587 217 2613 exivit
229 2587 260 2613 ab
271 2595 300 2614 eo
313 2587 473 2614 doemom'um.
486 2588 518 2614 Et
532 2588 610 2620 intra,
625 2589 664 2614 ιαί
676 2592 758 2614 autem
769 2588 796 2614 in
807 2586 926 2622 mysterio

145 2622 327 2648 catechumenis
339 2623 450 2648 dandum
464 2630 481 2648 ιι
495 2621 614 2649 Patribus
627 2622 685 2649 ideo
696 2626 732 2649 est
745 2622 885 2654 institutae,
899 2624 926 2647 ιιι

145 2656 198 2715 gius
213 2661 285 2691 yustu
299 2657 496 2689 condimentum,
510 2661 563 2684 etc.
578 2657 704 2690 Crialius.
725 2664 811 2683 eornm
825 2659 922 2691 quum.

167 2697 228 2717 nav.

179 2724 242 2752 Cn.
258 2732 321 2752 xxti.
338 2725 371 2753 N.
383 2725 411 2752 2.
424 2726 660 2754 Commonitorium.
675 2726 772 2755 Notum
791 2729 832 2754 est
845 2725 924 2754 Com-

146 2759 312 2787 monitorium
331 2760 461 2788 Vineentii
485 2761 640 2789 Lirinensis.
661 2761 791 2789 Reinerus
813 2767 851 2797 qu

147 2792 301 2826 monachus,
309 2794 343 2822 de
353 2801 406 2830 quo
412 2794 653 2827 Potiusfll'hesaur.
665 2796 795 2824 Aneedot.
803 2799 870 2824 tom.
889 2793 922 2828 V.

147 2830 214 2892 gir:-
225 2827 329 2888 Ᾱιὲὶινὶιι.
342 2835 372 2862 ιι,
387 2835 446 2864 cup.
459 2830 486 2863 6,
496 2829 730 2859 Commonitorium
744 2830 848 2866 piet-tis
857 2829 924 2857 scri·

985 1626 1104 1662 symbola
1129 1625 1242 1651 discreta
1265 1625 1451 1658 ,unusquisque
1478 1625 1531 1651 dux
1562 1625 1616 1651 suis
1643 1626 1771 1654 militibus

988 1672 1078 1704 tradit,
1087 1679 1146 1705 quae
1157 1671 1249 1697 Latine
1258 1671 1300 1697 vel
1314 1671 1398 1704 signa,
1407 1671 1449 1698 vel
1461 1671 1564 1702 iudicia,
1574 1677 1769 1706 nuncupantur,

984 1720 1013 1743 ut
1026 1717 1048 1743 si
1067 1716 1134 1743 torte
1148 1716 1294 1742 occurrerit
1310 1716 1368 1750 quis
1382 1716 1415 1743 de
1429 1723 1482 1750 quo
1495 1716 1641 1749 dubitetur,
1658 1717 1769 1744 interro-

984 1765 1060 1795 gatus
1070 1761 1224 1797 Symbolum
1242 1761 1336 1795 prodat
1354 1762 1375 1788 si
1390 1762 1425 1788 sit
1443 1761 1538 1795 hostis,
1554 1769 1587 1788 an
1607 1762 1706 1790 socius.
1727 1762 1770 1790 ld-

983 1806 1055 1833 circo
1066 1810 1154 1832 autem
1171 1806 1220 1832 hoc
1235 1811 1323 1840 patres
1340 1807 1422 1833 nostri
1440 1814 1491 1833 non
1505 1806 1585 1834 scribi
1598 1807 1768 1842 membranis,

982 1852 1029 1878 sed
1051 1851 1159 1878 retineri
1179 1851 1304 1878 cordibus
1325 1852 1501 1885 tradiderunt,
1523 1857 1552 1879 ut
1569 1858 1670 1880 certum
1694 1858 1767 1882 esset

982 1898 1115 1924 neminem
1144 1897 1193 1923 hoc
1222 1905 1253 1924 ex
1274 1897 1386 1925 lectione
1402 1906 1459 1932 quzu
1482 1899 1620 1932 pervenire
1636 1899 1767 1928 interdum

982 1943 1061 1970 etiam
1086 1943 1119 1970 ad
1144 1943 1264 1970 infideles
1278 1944 1355 1976 solet,
1379 1944 1426 1972 sed
1441 1951 1475 1970 ex
1489 1944 1669 1979 apostolorum
1684 1945 1767 1973 tradi-

982 1991 1052 2017 tione
1067 1989 1201 2016 didicisse.

1016 2036 1043 2063 5.
1063 2035 1210 2062 Discessuri
1221 2035 1307 2069 itaque
1321 2037 1360 2070 (ut
1371 2035 1470 2062 dictum
1495 2037 1546 2070 est)
1559 2035 1591 2062 ad
1614 2034 1762 2070 praedican-

981 2082 1042 2109 dum
1055 2082 1122 2108 istud
1140 2082 1321 2108 unanimitatis
1333 2086 1359 2108 et
1375 2082 1437 2109 tidei
1451 2089 1506 2109 suae
1515 2082 1627 2115 apostoli
1639 2081 1764 2109 indicium

981 2135 1103 2162 posuere.
1121 2128 1167 2153 Est
1181 2131 1268 2154 autem
1283 2127 1437 2162 Symbolum
1453 2135 1499 2161 per
1519 2127 1589 2162 quod
1613 2128 1766 2161 agnoscitur

982 2174 1061 2207 Deus,
1074 2173 1196 2208 quodque
1212 2174 1322 2207 proinde
1334 2174 1474 2201 credentes
1487 2173 1631 2208 accipiunt,
1644 2177 1673 2200 ut
1681 2180 1765 2201 nove-

981 2219 1034 2245 rint
1046 2219 1159 2253 qualiter
1172 2223 1262 2246 coutra
1277 2218 1411 2245 diabolum
1427 2218 1487 2246 ndei
1502 2218 1648 2246 certamina
1665 2224 1765 2252 praepa-

980 2311 1149 2338 continentur
1158 2313 1333 2336 sacramenta.
1349 2309 1387 2335 De
1398 2308 1459 2335 totis
1470 2307 1541 2334 enim
1553 2308 1699 2342 scripturis
1708 2308 1767 2336 hate

980 2357 1116 2385 breviatim
1129 2355 1240 2383 collecta
1251 2355 1313 2381 sunt
1327 2354 1361 2380 ab
1373 2353 1512 2387 apostolis,
1529 2353 1691 2387 utquoniam
1704 2353 1765 2388 plu·

979 2410 1022 2431 res
1035 2401 1199 2430 credentium
1210 2401 1311 2427 litteras
1335 2399 1469 2432 nesciunt,
1485 2399 1527 2426 vel
1550 2399 1596 2434 qui
1617 2401 1705 2426 sciunt
1719 2405 1766 2435 per

978 2449 1166 2483 occupationes
1178 2446 1267 2475 saeculi
1282 2445 1434 2481 Scripturas
1458 2445 1548 2480 legere
1562 2453 1616 2473 non
1641 2449 1765 2480 possunt.

1012 2518 1077 2545 Car.
1092 2524 1166 2544 xxut.
1190 2516 1223 2543 N.
1246 2516 1272 2542 ¹l.
1289 2515 1404 2541 Tradunt
1419 2514 1485 2542 enim
1506 2514 1546 2541 ltin
1568 2514 1648 2542 verbis
1667 2522 1678 2542 :
1697 2513 1782 2549 qnod·

978 2557 1034 2588 post
1048 2553 1164 2584 Arcem„
1180 2558 1262 2585 usque
1284 2551 1317 2577 ad
1338 2551 1459 2576 indicium
1478 2557 1591 2584 portame,
1607 2549 1688 2577 verba
1702 2550 1766 2577 eunt
1811 2580 1813 2583 ,

977 2588 1077 2616 Rullini
1092 2588 1118 2614 in
1134 2586 1235 2621 praelat.
1248 2585 1281 2612 ad
1296 2585 1462 2620 Symbolum.
1475 2584 1569 2612 Gaui„

1012 2622 1084 2650 laid.
1109 2622 1222 2650 Sanctus
1237 2620 1394 2651 ildefonsus,
1409 2620 1462 2648 loc.
1477 2621 1536 2652 cit„
1552 2627 1611 2654 cap.
1627 2618 1663 2646 55
1679 2621 1707 2647 οι
1714 2618 1763 2653 Μ’,

977 2658 1060 2686 multa
1072 2657 1154 2684 sumit
1167 2663 1202 2684 ex
1213 2655 1264 2683 hoc
1273 2655 1360 2686 capite
1371 2655 1404 2683 de
1414 2654 1551 2690 symbolo.
1565 2654 1650 2682 Aur.

1011 2693 1039 2720 Ξ.
1056 2692 1117 2724 Alii,
1133 2699 1218 2719 omnes
1232 2691 1310 2726 igitur
1321 2690 1348 2716 in
1362 2697 1440 2717 unum
1453 2689 1539 2724 positi.
1554 2689 1638 2718 Διιν.

1013 2727 1040 2754 t.
1056 2727 1145 2760 Forte,
1162 2726 1250 2753 eadem
1258 2725 1399 2762 institutio.
1412 2726 1498 2752 Anev.

1011 2762 1038 2790 5.
1059 2762 1107 2789 Eat
1119 2762 1185 2789 enim
1199 2761 1270 2788 breve
1281 2759 1385 2788 verbum
1394 2759 1471 2794 fidei,
1481 2763 1534 2788 ete.
1550 2758 1591 2787 Ex
1603 2757 1677 2791 eod„

976 2797 1113 2861 apetium
1129 2796 1224 2825 eadem
1240 2796 1391 2832 Cyprianus
1412 2794 1440 2822 iu
1464 2794 1595 2829 Oratione

1018 2840 1044 2860 u
1064 2851 1071 2860 .
1587 2853 1591 2855 Α
