1832 3016
11 2833 75 3016 {i

83 83 134 112 76⁴)

117 144 144 170 9.
162 141 281 177 Denique
301 140 364 168 dum
380 144 484 176 portam
507 139 570 166 coeli
588 137 713 166 Christus
736 138 874 172 intrasset,
892 143 912 169 Λ

82 192 174 219 decem
190 190 286 217 dielzns
299 187 476 222 interpositis,
488 185 627 213 intremuit
638 185 727 212 subito
737 185 874 212 orantibus

81 236 212 271 apostolis
229 236 314 267 locus,
329 239 357 262 et
370 232 551 260 descendente
571 231 673 265 Spiritu
687 236 781 258 sancto
794 238 876 265 super

81 292 139 316 eos,
160 281 317 310 inilammati
333 284 396 307 sunt
420 280 469 311 ita,
495 283 524 305 ut
543 278 640 312 linguis
663 278 783 304 omnium
807 285 874 312 gen-

81 333 149 359 tium
173 330 218 357 Dei
242 327 373 363 magnalia
396 326 572 361 loquerentur
595 325 663 360 (Act.
680 326 722 359 tt).
738 325 875 352 Adventus

80 378 171 413 itaque
182 375 295 412 Spiritus
309 374 394 401 sancti
410 374 443 400 de
457 373 527 401 coelo
541 380 622 407 snper
635 373 771 406 apostolos
786 372 811 398 in
827 378 874 398 va-

81 423 176 451 rietate
201 422 348 456 linguarum
374 419 487 446 diffusus
509 419 707 446 solemnitatem
729 417 877 445 transmisit

82 469 109 496 in
132 472 265 503 posteros,
281 473 367 500 eaque
388 466 420 492 dc
439 473 518 492 causa
536 465 694 492 Pentecoste
713 465 874 495 celebratur,

81 520 108 543 et
121 515 180 542 dies
195 513 252 548 ipse
265 512 379 547 proinde
395 512 509 546 insignis
524 512 647 539 babetur.

114 570 141 598 5.
159 569 310 597 concordat
324 574 412 596 autem
433 569 491 596 baec
512 569 645 596 festivitas
660 568 797 603 Evangelii
814 575 874 595 cum

79 617 228 645 festivitate
244 617 327 652 legis;
343 617 396 644 illic
410 617 480 643 enim
497 620 670 651 posteaquam
681 623 765 650 agnus
780 616 875 642 immo-

79 665 148 692 latus
163 669 212 697 est,
236 664 400 699 interpositis
416 664 608 698 quinquaginta
634 663 737 696 diebus,
757 663 819 689 data
834 667 876 689 est

78 710 120 738 icx
136 710 231 744 Moysi,
248 714 348 744 scripta
361 709 444 744 digito
461 708 525 742 Dei;
549 709 592 735 liic
614 713 754 742 postquam
771 708 876 735 occisus

79 761 120 784 est
132 756 265 789 Christus,
286 756 331 790 qui
349 759 475 790 tanquam
491 756 548 782 ovis
571 755 603 781 ad
619 754 812 782 immolandum
827 755 877 781 du-

78 808 136 830 ctus
156 807 213 834 est,
235 801 387 829 celebratur
401 810 493 829 verum
510 802 625 836 pascha,
649 806 690 834 ct,
708 801 874 835 interpositis
890 818 915 848 B

79 848 271 882 quinquaginta
283 847 390 881 diebus,
405 847 486 874 datur
502 847 618 881 Spiritus
632 851 751 879 sanctus,
769 848 813 882 qui
835 852 876 875 est

79 893 177 928 digitus
202 892 249 921 Dei
271 900 353 927 super
373 897 481 920 centum
503 892 584 928 402
610 892 703 927 viginti
728 892 875 927 discipulos

79 941 200 968 Mosaicae
215 942 302 967 :etatis
317 947 430 967 numero
443 939 615 973 constitutos,
628 939 759 974 siquidem
775 945 802 968 et
816 940 875 968 lucc

79 989 208 1017 festivitas
220 989 292 1016 aliud
307 989 412 1015 obtinet
427 993 637 1015 sacramentum.

114 1045 141 1073 4.
154 1046 267 1074 Constat
277 1046 349 1073 enim
360 1053 394 1073 ex
410 1046 559 1080 septimana
575 1046 785 1079 septimanarum
795 1044 875 1079 (lsai⁴

81 1095 149 1128 ιιιι),
165 1094 212 1121 sed
226 1094 330 1121 dierum
351 1094 457 1127 quidem
481 1094 640 1128 septimanae
660 1098 791 1126 generant
805 1100 879 1120 eam-

81 1143 139 1169 dem
162 1141 350 1173 Pentecosten,
378 1140 404 1167 in
424 1147 475 1174 qua
501 1140 529 1166 fit
553 1139 655 1174 peccati
681 1140 805 1166 remissio
831 1147 878 1173 per

81 1187 208 1223 Spiritum
233 1191 368 1220 sanctum,
384 1193 515 1213 annorum
539 1194 603 1213 vero
619 1187 775 1220 septimanae
799 1186 878 1219 qnin-

80 1234 266 1268 quagesimum
286 1239 385 1259 annum
406 1231 517 1263 faciunt,
534 1232 578 1265 qui
601 1232 671 1266 apud
694 1231 823 1259 llebraeos
837 1232 878 1266 ju-

81 1279 175 1306 bilaeus
190 1278 351 1313 appellatur,
364 1279 391 1305 in
403 1285 456 1311 quo
467 1277 592 1304 similiter
604 1282 682 1304 terrce
697 1278 724 1303 fit
741 1278 876 1310 remissio,

80 1329 107 1353 et
120 1331 259 1352 servorum
271 1325 391 1356 libertas,
405 1328 432 1351 et
443 1324 642 1357 possessionum
657 1324 803 1356 restitutio,
816 1332 875 1358 quae

81 1371 170 1407 pretio
185 1371 291 1398 fuerant
305 1375 471 1404 comparata.
484 1370 592 1404 Septem
608 1370 679 1396 cnim
693 1370 793 1404 septies
809 1370 876 1396 mul-

83 1417 195 1451 tiplicati
208 1416 468 1451 quinquagenarium
483 1423 517 1442 ex
538 1422 567 1442 se
582 1420 712 1450 generant
734 1423 874 1442 numerum

84 1467 222 1498 assumpta
247 1463 376 1496 monade,
398 1469 478 1496 qnam
502 1469 535 1488 ex
567 1461 649 1488 futuri
677 1461 767 1488 saeculi
793 1461 875 1495 ligura

83 1514 275 1546 praesumptam
299 1515 359 1536 esse
381 1508 513 1542 maiorum
539 1508 684 1535 auctoritas
707 1508 831 1541 tradidit3
848 1508 877 1535 lit
891 1522 913 1554 C

83 1555 154 1582 enirn
170 1554 227 1589 ipsa
248 1558 275 1581 et
295 1557 389 1581 octava
404 1561 520 1588 semper,
536 1558 563 1580 et
585 1554 681 1588 prima,
697 1554 751 1580 imo
766 1554 821 1588 ipsa
836 1559 878 1581 est

83 1607 192 1636 semper
205 1608 268 1635 una,
285 1608 345 1636 qute
359 1606 401 1628 est
415 1600 569 1627 Dominicus
585 1600 654 1628 dies.

122 1656 148 1683 5.
166 1656 283 1684 Necesse
302 1662 341 1684 est
363 1656 434 1684 enim
455 1656 648 1683 sabbatismum
664 1656 812 1684 animarum
829 1664 876 1692 po-

83 1702 139 1738 puli
154 1701 202 1729 Dei
218 1702 282 1729 illuc
298 1709 438 1730 recurrere
449 1706 527 1736 atque
543 1701 577 1728 ibi
589 1702 728 1736 compleri,
743 1702 786 1728 ubi
800 1702 878 1729 datur

84 1754 148 1782 pars
163 1747 206 1774 bis
221 1747 266 1782 qui
281 1753 352 1780 octo,
368 1747 438 1774 sicut
453 1748 560 1782 qnidam
575 1747 711 1774 disserens
728 1747 878 1775 Salomonis

85 1794 156 1821 dicta
177 1794 312 1829 sapienter
332 1795 460 1828 exposuit
475 1793 574 1828 (Eccle.
599 1795 649 1828 ιι).
671 1794 772 1821 idcirco
792 1799 879 1821 autem

84 1841 167 1867 totius
182 1839 410 1875 quinquagesimae
432 1840 490 1866 dies
506 1846 565 1874 post
580 1840 687 1867 Domini
704 1841 880 1867 resurrectio-

85 1895 147 1915 nem
163 1887 249 1914 soluta
272 1887 433 1914 abstinentia
457 1887 481 1913 in
508 1887 565 1913 Sola
593 1886 683 1913 laetitia
702 1887 878 1919 celebrantur,

87 1939 196 1969 propter
211 1933 323 1968 figuram
340 1933 438 1960 suturae
462 1933 678 1966 resurrectionis,
696 1934 739 1960 ubi
755 1933 807 1967 jam
829 1942 880 1961 non

87 1981 175 2014 labor,
186 1981 234 2008 sed
248 1981 356 2016 requies
371 1981 422 2008 crit
438 1981 548 2008 laetitiae.

125 2039 152 2066 6.
167 2039 283 2074 ideoque
308 2039 334 2066 in
356 2038 397 2066 itis
417 2039 512 2066 diebus
536 2046 586 2066 nec
605 2045 691 2074 genua
715 2038 740 2065 in
765 2037 886 2065 oratione

89 2086 243 2117 flectuntur,
255 2085 330 2119 qnia,
340 2085 408 2112 sicut
419 2085 525 2117 quidam
537 2085 698 2120 sapientium
710 2084 758 2117 ait,
780 2085 886 2119 inflexio

88 2141 199 2169 genuum
211 2132 376 2167 poenitentt'ae,
387 2137 410 2158 et
423 2132 506 2158 tuctus
517 2132 641 2158 indicium
654 2136 701 2158 est.
718 2131 791 2158 Unde
805 2132 885 2158 etiam

87 2185 136 2213 per
154 2179 242 2205 omnia
258 2178 381 2214 eamdem
405 2177 432 2204 in
446 2177 499 2204 illis
521 2177 731 2212 solemnitatem,
747 2184 826 2212 quam
843 2177 887 2204 die

88 2223 226 2251 Dominica
252 2224 435 2256 custodimus,
459 2223 485 2250 in
510 2231 562 2258 qua
582 2224 699 2258 majores
724 2224 808 2251 nostri
833 2231 882 2252 nec
898 2217 921 2246 D

89 2269 220 2305 jejunium
235 2270 380 2305 agendum,
396 2277 445 2297 nee
460 2276 547 2304 genua
560 2277 621 2297 esse
635 2269 776 2302 flectenda,
791 2269 826 2297 ob
840 2278 882 2297 re-

88 2316 238 2344 verentiam
255 2316 462 2345 resurrectionis
478 2316 631 2350 dominicae,
649 2316 827 2343 tradiderunt.

125 2435 153 2463 2.
169 2435 316 2470 Rittorpius
335 2443 394 2464 cum
414 2436 500 2464 tribus
525 2436 589 2464 Mss.
604 2435 688 2463 edidit
710 2435 736 2462 in
759 2434 879 2463 vaffetate

92 2473 239 2534 linguarum
253 2471 367 2506 difflua,-
384 2472 411 2499 in
426 2479 479 2499 uno
492 2471 603 2503 invenit.
616 2470 713 2504 diffusi.
730 2472 816 2498 Αιιεν.

146 2525 154 2534 .
183 2506 274 2541 Neque
296 2514 314 2534 a
338 2506 545 2535 Resurrectione
572 2507 706 2534 dominica
733 2514 817 2541 nsque
847 2506 878 2533 ad

92 2542 280 2573 Pentecosten,
301 2549 388 2576 neque
410 2543 436 2568 in
458 2542 554 2569 diebus
571 2541 715 2569 Dominicis
731 2550 816 2577 genua
830 2541 878 2569 sse-

92 2582 167 2605 ctere
180 2583 238 2604 mos
252 2579 304 2610 est,
313 2577 376 2603 dum
390 2577 544 2611 antiphone
559 2583 619 2610 post.
631 2578 733 2609 laudes,
747 2582 792 2604 aut
806 2585 879 2604 cotn-

113 2612 235 2640 letor-tum
258 2611 413 2639 recitantur.
429 2610 528 2639 Verum
553 2611 668 2640 Isidorus
690 2612 716 2639 in
729 2620 827 2647 genere
842 2613 881 2639 ait

94 2656 122 2676 ιιι
136 2647 179 2675 luis
193 2646 287 2674 diebus
297 2653 382 2681 genua
403 2646 430 2673 in
443 2647 566 2674 oratione
589 2655 643 2674 non
659 2646 741 2680 necti,
752 2647 812 2682 qnia
829 2649 879 2675 sci—

94 2683 156 2711 ticet
179 2681 343 2710 consuetodo
362 2681 396 2708 nb
418 2681 574 2715 apostolici·
588 2682 755 2716 temporibus
767 2682 880 2710 deducta

93 2725 153 2746 orat
166 2722 196 2746 ut
208 2717 235 2744 in
252 2717 294 2744 itis
308 2716 405 2744 diebus
417 2715 512 2744 fluetus
524 2715 620 2744 mutio
631 2721 749 2744 orarent.
759 2716 882 2750 Quandiu

89 2753 231 2783 duraverit
245 2752 304 2780 baee
317 2751 499 2784 consuetudo.
521 2759 575 2779 ιιοιι
597 2750 676 2779 facile
691 2755 735 2779 est
751 2751 880 2787 delinit-m

49 2794 60 2819 Ἀ
93 2789 142 2818 sed
155 2788 213 2825 ejus
226 2787 315 2815 adbuc
334 2789 463 2814 memoria
482 2785 602 2814 occurrit
620 2785 648 2814 in
662 2786 776 2814 coneilio
787 2794 818 2815 ιιι
830 2787 883 2816 'l'n-

79 2824 215 2858 ·menst,
226 2830 254 2852 c.
267 2822 315 2857 57.
329 2822 495 2858 temonibus
505 2821 598 2851 &roll
605 2820 704 2858 Huni.
716 2821 808 2852 Atticis
820 2821 884 2852 Bin-

589 2901 630 2918 Ι
675 2900 678 2902 ,

593 81 639 110 ΒΕ
659 76 934 109 ECCLEStASthtS
953 78 1100 108 OFt’tctts
1119 78 1186 108 ΗΒ.
1207 78 1227 107 Ι.

1671 83 1724 112 770

1204 137 1318 164 CAPUT
1338 137 1447 166 XXXV:

1128 184 1168 212 De
1183 185 1364 220 festivitatibus
1377 190 1530 221 martyrum.

965 232 990 258 t.
1009 232 1182 259 Festivitates
1194 231 1389 266 apostolorum,
1406 240 1453 259 seu
1467 232 1492 259 in
1509 233 1638 260 bonorem
1653 242 1724 262 mar·

928 283 1017 314 tyrum
1038 279 1224 306 solemnitates
1246 279 1349 312 antiqui
1377 279 1470 306 Patres
1495 279 1521 305 in
1545 280 1725 308 venerationis

928 326 1060 359 mysterio
1076 325 1208 352 celebrari
1229 329 1386 356 sanxerunt,
1402 324 1482 360 403
1497 325 1538 352 vel
1553 326 1586 352 ad
1601 318 1724 354 excitan-

928 371 990 397 dam
1004 370 1194 403 imitationem,
1211 372 1252 398 vel
1265 375 1294 397 nt
1308 371 1410 398 meritis
1424 378 1516 397 eornm
1528 373 1725 406 consociemuv,

928 421 1008 450 atque
1034 416 1202 443 orationibus
1234 416 1409 450 adjuvemur,
1435 416 1469 442 ita
1493 421 1581 443 tamen
1606 423 1634 444 nt
1660 418 1725 445 nulii

929 469 1093 498 martyrum,
1118 462 1166 489 sed
1194 462 1244 496 ipsi
1271 463 1326 489 Deo
1356 467 1503 497 martyrum
1530 464 1724 498 sacrificemus,

928 510 1050 545 quamvis
1063 510 1089 536 in
1106 509 1234 536 memoris
1249 513 1394 543 martyrum
1406 509 1603 535 constituamus
1618 510 1724 537 altaria.

963 555 991 583 9..
1005 556 1070 589 Quis
1085 555 1155 582 enim
1172 555 1331 586 antistitum,
1345 554 1371 581 in
1384 554 1448 581 locis
1461 561 1614 582 sanctorum
1629 562 1726 589 corpo-

928 611 988 631 rtnn
1008 602 1138 629 assistens
1150 601 1237 634 altari,
1253 601 1398 635 aliquando
1409 601 1475 628 dixit
1490 610 1495 627 ι
1515 601 1655 634 offerimus
1670 603 1726 634 tibi,

931 649 1018 682 Peli-e,
1034 654 1079 675 aut
1102 647 1196 680 Paule,
1218 653 1262 673 aut
1278 646 1426 682 Cypriane?
1446 647 1500 674 Sed
1516 647 1585 680 quod
1599 647 1726 681 offertur,

930 696 1042 722 offertur
1061 695 1126 730 Deo,
1144 695 1188 729 qui
1211 698 1343 729 martyres
1358 693 1517 726 coronavit,
1535 694 1603 728 apud
1626 702 1728 721 memo·

930 743 983 770 rias
995 750 1088 769 eornm
1101 749 1167 776 quos
1180 741 1329 773 coronavit,
1342 742 1413 775 quod
1427 749 1459 768 ex
1475 742 1593 774 ipsorum
1607 742 1724 768 locurum

931 789 1115 815 admonitione
1137 788 1222 821 major
1247 787 1358 814 affectus
1382 793 1508 822 exsurgat
1523 787 1555 814 ad
1578 788 1727 815 acuendam

928 834 1087 861 charitatem
1102 838 1129 861 et
1145 834 1170 860 in
1187 833 1246 860 illos
1259 841 1326 868 quos
1347 833 1444 860 imitari
1471 834 1617 867 debemus,
1645 839 1671 861 et
1699 834 1726 861 in

929 882 1004 909 illum
1015 889 1068 916 qno
1082 881 1227 916 adjuvante
1242 888 1397 915 possumus,

965 927 992 955 5.
1009 928 1129 955 Colimus
1141 935 1205 962 ergo
1229 933 1361 963 martyres
1376 935 1409 954 eo
1429 927 1503 954 cultu
1527 927 1680 954 dilectionis
1703 932 1731 955 et

929 975 1067 1001 societatis
1081 981 1134 1008 quo
1157 974 1183 1000 in
1209 975 1258 1000 liae
1273 975 1326 1000 vita
1352 974 1477 1000 coluntur
1495 975 1580 1000 sancti
1606 973 1728 1001 homines

931 1021 994 1052 Dei,
1013 1028 1126 1054 quorum
1149 1027 1195 1047 cor
1211 1020 1243 1046 ad
1270 1021 1349 1047 talem
1373 1027 1422 1053 pro
1437 1019 1592 1054 evangelica
1613 1020 1728 1047 veritate

930 1067 1083 1101 passionem
1112 1070 1234 1100 paratum
1263 1073 1324 1093 esse
1344 1067 1486 1093 sentimus.
1511 1065 1563 1093 Sed
1580 1065 1641 1092 illos
1657 1069 1730 1092 tanto

932 1113 1064 1144 devotius,
1080 1117 1181 1146 quanto
1201 1113 1323 1138 securius
1341 1116 1400 1144 post
1415 1111 1561 1138 certamina
1583 1115 1709 1145 superata
1721 1129 1730 1143 ,

931 1163 1032 1193 quanto
1056 1159 1136 1185 etiam
1162 1157 1296 1184 fidentiori
1325 1157 1403 1184 laude
1426 1157 1604 1191 praedicamus
1627 1156 1682 1191 jam
1703 1156 1730 1183 in

931 1205 984 1231 vita
1015 1203 1135 1231 feliciore
1162 1204 1297 1236 victores,
1313 1211 1393 1238 quam
1410 1204 1436 1230 in
1459 1203 1509 1230 ista
1529 1202 1618 1230 adnue
1642 1210 1728 1237 usque

933 1255 1090 1286 pugnantes.

967 1297 993 1323 4.
1014 1299 1046 1323 At
1059 1303 1123 1323 vero
1144 1296 1191 1323 illo
1212 1296 1283 1323 cultu
1299 1315 1307 1328 ,
1334 1303 1394 1330 quae
1413 1295 1508 1323 Graece
1520 1295 1597 1323 latria
1611 1296 1730 1330 dicitur,

932 1343 1026 1370 Latine
1041 1351 1094 1369 uno
1114 1343 1198 1370 verbo
1220 1343 1272 1369 dici
1287 1349 1340 1369 non
1363 1347 1458 1376 potest,
1477 1350 1537 1368 curn
1552 1342 1586 1369 sit
1605 1343 1727 1377 qumdam

930 1391 1045 1424 propria}
1061 1388 1198 1416 Divinitati
1221 1388 1311 1415 debita
1326 1389 1441 1415 servitus
1452 1407 1460 1420 ‚
1473 1395 1522 1414 nec
1533 1388 1647 1414 colimus
1657 1409 1664 1420 ‚
1682 1396 1731 1416 nec

930 1435 1074 1462 colendum
1095 1435 1225 1461 docemus
1238 1454 1245 1465 ,
1269 1433 1320 1460 nisi
1343 1441 1424 1460 unum
1443 1433 1536 1460 Deum.
1554 1433 1620 1460 Cmn
1640 1438 1729 1461 autem

932 1481 964 1507 ad
982 1481 1052 1508 lmnc
1068 1481 1167 1507 cultum
1182 1481 1314 1515 pertineat
1326 1480 1427 1506 oblatio
1437 1479 1574 1512 sacrificii,
1587 1479 1658 1507 unde
1670 1480 1728 1507 ido-

930 1528 1035 1555 lolatria
1052 1527 1151 1555 dicitur
1164 1535 1258 1555 eorum
1273 1528 1317 1561 qui
1332 1527 1382 1553 boc
1395 1526 1476 1554 etiarn
1493 1527 1572 1554 idolis
1587 1527 1728 1561 exhibent,

931 1575 1006 1601 nullo
1022 1574 1102 1600 modo
1132 1573 1232 1607 aliquid
1260 1573 1311 1599 tale
1341 1573 1480 1599 oll'erimns
1503 1577 1549 1599 aut
1562 1573 1729 1600 offerendum

931 1620 1113 1655 praecipimus,
1140 1619 1182 1646 vel
1197 1619 1323 1653 cuiquam
1346 1623 1447 1645 sanctae
1470 1619 1582 1651 animae‚
1609 1619 1651 1645 vel
1672 1619 1731 1646 cui-

932 1675 1012 1702 quam
1039 1671 1133 1693 sancto
1151 1665 1255 1700 angelo.
1283 1664 1316 1691 Et
1339 1665 1460 1699 quisquis
1476 1664 1501 1691 in
1517 1665 1587 1692 hunc
1610 1672 1730 1692 errorem

932 1713 1078 1744 delabitur,
1094 1712 1239 1745 corripitur
1255 1718 1302 1745 per
1316 1717 1409 1737 sanam
1429 1710 1578 1738 doctrinam
1590 1730 1597 1742 ,
1622 1711 1679 1738 sive
1702 1716 1732 1738 ut
1764 1710 1767 1714 '

934 1759 1093 1793 corrigatur,
1118 1758 1178 1785 sive
1194 1761 1223 1783 ut
1235 1756 1445 1789 condemnetur,
1470 1757 1527 1783 sive
1544 1760 1572 1783 ut
1587 1761 1731 1789 caveatur,

934 1806 997 1833 dum
1015 1806 1095 1832 etiam
1112 1804 1163 1838 ipsi
1176 1803 1261 1830 sancti
1277 1803 1317 1830 vel
1333 1802 1466 1836 homines,
1481 1802 1524 1830 vel
1539 1803 1636 1837 angeli,
1653 1802 1731 1829 exhi-

935 1853 991 1880 heri
1006 1853 1056 1879 sibi
1073 1851 1178 1883 nolunt,
1193 1849 1263 1884 quod
1278 1849 1322 1876 nni
1337 1849 1393 1876 Deo
1403 1849 1497 1876 deberi
1517 1854 1626 1876 norunt.

971 1898 997 1924 5.
1014 1897 1143 1931 Apparuit
1156 1900 1205 1923 noc
1220 1896 1245 1922 in
1257 1895 1351 1928 Paulo,
1361 1896 1423 1923 etin
1435 1895 1645 1929 Barnaba,cum‚
1658 1902 1732 1922 com-

936 1944 1001 1971 moti
1026 1943 1162 1971 miraculis
1184 1950 1244 1976 (ιιι-ι·
1262 1950 1310 1976 per
1329 1950 1375 1969 eos
1398 1942 1466 1970 facta
1489 1946 1564 1975 sunt,
1586 1941 1733 1976 Lycaonii,

936 1997 1062 2023 tanquam
1080 1990 1142 2022 diis,
1163 1990 1302 2016 immolare
1318 1989 1471 2016 voluerunt.
1497 1988 1648 2016 conscissis
1661 1989 1732 2016 enim

935 2038 1103 2066 vestimentis
1139 2037 1211 2069 suiS,
1237 2036 1413 2066 confitentes,
1442 2040 1469 2062 et
1494 2035 1687 2069 persuadentes
1703 2042 1733 2062 se

935 2086 1000 2112 deos
1017 2092 1070 2111 non
1084 2090 1146 2111 esse
1157 2103 1164 2115 ‚
1188 2083 1237 2109 ista
1253 2081 1302 2109 sibi
1321 2082 1376 2109 lieri
1391 2086 1545 2109 vetuerunt.
1563 2082 1692 2116 Apparuit
1705 2085 1734 2109 et

936 2132 962 2158 in
979 2131 1099 2166 angelis,
1126 2130 1196 2156 sicut
1219 2129 1244 2155 in
1260 2128 1420 2163 Apocalypsi
1437 2128 1549 2163 legimus
1563 2127 1687 2162 angelum
1702 2134 1733 2155 se

937 2178 1042 2205 adorari
1066 2177 1268 2211 prohibentem,
1285 2175 1367 2211 404
1387 2182 1418 2202 ac
1438 2175 1572 2202 dicentem
1597 2174 1733 2201 adoratori

934 2234 982 2253 suo
999 2234 1005 2252 :
1021 2225 1164 2251 Cottservus
1182 2229 1239 2250 tuus
1249 2231 1324 2255 sum,
1347 2227 1370 2248 «rt
1385 2223 1495 2256 fratrum
1506 2227 1627 2253 tuorum,·
1648 2219 1732 2247 Deum

936 2272 1016 2298 adora
1032 2272 1124 2305 (Apoc.
1139 2277 1205 2303 xxtt,
1221 2270 1260 2303 tt).
1278 2269 1360 2296 Recte
1382 2268 1472 2303 itaque
1485 2268 1610 2295 scribitur
1631 2265 1732 2293 homini

936 2319 970 2346 ab
988 2318 1083 2352 angelo
1103 2316 1266 2352 prohibitum
1290 2322 1350 2343 esse
1374 2316 1487 2342 adorare
1510 2321 1558 2345 se,
1581 2312 1628 2339 sed
1650 2318 1731 2338 unum

937 2366 1032 2399 Deum,
1047 2365 1096 2392 sub
1111 2371 1164 2398 quo
1177 2365 1202 2392 ei
1216 2367 1289 2391 esset
1303 2367 1330 2390 et
1341 2362 1385 2390 ille
1396 2367 1552 2389 conservus.

932 2436 1070 2470 gtiamum,
1088 2433 1178 2467 Antiq.
1195 2431 1297 2459 Eccles.
1315 2435 1335 2457 t.
1353 2430 1384 2463 V,
1399 2437 1424 2464 p.
1441 2428 1495 2456 253
1509 2432 1536 2468 et
1549 2434 1625 2462 seqq.
1642 2427 1729 2456 Αιιεν.

969 2471 1035 2497 cip.
1053 2477 1133 2496 xxxv.
1150 2468 1182 2496 N.
1202 2468 1225 2493 t.
1239 2467 1335 2493 Totum
1357 2470 1435 2499 caput
1451 2473 1483 2491 ex
1499 2464 1545 2491 lib.
1564 2471 1596 2490 xx
1614 2463 1728 2498 August.

934 2511 1027 2534 contra
1044 2504 1136 2531 Faust.
1154 2501 1283 2530 Maniclt..
1300 2509 1324 2527 c.
1339 2501 1384 2527 21.
1401 2500 1497 2527 GntAt..

972 2540 1041 2567 Ibid.
1058 2538 1162 2567 Titulus
1187 2538 1213 2563 in
1236 2535 1371 2563 nonnullis
1396 2536 1475 2562 Mss.:
1492 2533 1532 2561 De
1554 2533 1732 2568 festivitatibus

935 2576 1109 2610 apostolorum
1119 2594 1127 2606 ,
1149 2573 1202 2599 :ire
1215 2579 1366 2606 martyrum.
1377 2570 1493 2598 Grialius
1507 2569 1600 2600 edidit,
1614 2570 1648 2596 ad
1660 2577 1732 2598 exn-

936 2612 1063 2639 citandam
1081 2609 1267 2639 imitationem:
1282 2606 1389 2639 nescio,
1415 2613 1447 2632 an
1472 2605 1505 2632 de
1521 2604 1662 2631 industria.
1678 2605 1731 2633 Alii

936 2648 1044 2677 batn-nt,
1058 2645 1092 2671 ml
1099 2642 1272 2674 excitandam,
1285 2642 1326 2669 vel
1337 2642 1370 2668 ad
1378 2641 1542 2668 excitandum
1553 2640 1729 2668 imitationem.

935 2684 986 2710 Pro
1008 2681 1192 2713 sacrificemus,
1215 2677 1271 2711 atti,
1287 2676 1435 2710 offeramus.
1453 2674 1578 2708 Crimina,
1593 2675 1620 2702 t’tt
1633 2684 1731 2703 mento·

934 2726 996 2745 τηις.
1012 2718 1100 2743 Λιιιῑν.

970 2753 996 2780 ⁴.
1013 2751 1084 2782 Alii,
1108 2749 1222 2784 proprioe
1245 2747 1400 2775 Divinitatis.
1424 2746 1452 2774 in
1475 2745 1633 2782 quibusdam
1653 2744 1729 2781 Hbs..

934 2787 1097 2824 praecipimus
1111 2785 1149 2812 vel
1173 2785 1292 2820 cuiquam
1305 2783 1426 2819 martyri,
1446 2782 1485 2810 vel
1502 2783 1624 2818 cuiquam
1635 2786 1731 2812 micat

933 2823 1038 2852 animae.
1050 2823 1136 2850 Anv.
