1832 3016
24 95 35 163 ὲ
48 112 124 162 rm

626 119 774 149 ΑΡΡΕΝΙ).
794 119 853 149 xil.
872 134 908 144 -—
923 122 1118 154 summulis,

1610 133 1677 162 ¹222

20 170 169 217 ⁴impsum
183 177 358 207 considerare
369 180 495 209 vetuerit,
508 181 538 204 et
550 183 590 204 sie
603 178 714 212 pauperi
729 178 837 212 tribuat,
853 181 880 212 Α
892 187 1000 208 nomina
1015 181 1112 214 Patris,
1140 182 1254 217 scilicet,
1273 188 1299 211 et
1324 185 1394 219 Filii,
1414 189 1441 214 ει
1454 186 1569 221 Spiritus
1591 191 1676 218 sancti

105 214 185 243 modo
207 215 230 242 si
252 215 309 248 ipse
335 214 361 241 in
387 213 434 240 tali
457 212 618 240 necessitate
638 219 721 247 esset,
747 222 837 242 secum

85 251 108 279 ri
120 249 244 285 cupiebat
257 258 263 282 ;
279 254 307 276 et
321 249 365 284 qui
379 248 473 276 iecerit
494 248 545 280 sic,
560 253 587 274 et
609 248 676 275 Novi
691 253 719 276 et
735 249 838 277 Veteris

114 285 214 313 amenti
232 288 363 319 praecepta
374 283 531 318 complevit,
542 283 658 316 implens
673 284 736 311 illud
754 285 838 312 Evan-

95 322 148 348 inm
163 320 221 355 (sic)
235 329 242 347 :
259 319 352 346 Omnia
366 326 522 355 quaecunque
532 319 608 345 vultis
618 323 646 345 ut
659 320 756 354 faciunt
769 321 838 347 notia

18 363 31 376 ’-
109 356 206 397 ine53e1
215 363 260 397 yos
274 355 349 390 facite
362 355 414 381 iltis
427 355 554 395 similiter.
565 354 670 381 Etenim
682 355 723 382 lex
735 361 762 382 et
774 363 839 390 pro·

23 421 30 451 ε
46 391 344 464 ἒὲιέωὲἑῖιὶξὶιὲῖἵῒ
354 389 839 459 12305103353’diffunditari

48 462 217 499 protectione
231 460 369 495 perducat.
387 463 480 487 Amen.
498 459 646 486 Praestante
660 460 774 486 Domino
789 467 839 486 no-

26 495 30 510 ²
49 501 106 526 stro
126 497 188 524 Jesu
202 496 320 528 Christo,
335 496 376 522 cui
391 499 434 523 est
452 497 549 526 honor.
565 499 592 522 et
614 496 758 529 imperium
780 495 839 522 sine

48 531 100 562 flue
117 532 254 560 insaecula
271 531 442 558 soeculorum.
459 533 555 558 Amen.

225 588 317 617 sirmio
328 587 360 615 lt.
376 603 412 608 -
428 587 524 614 Contra
538 588 658 614 Arianos.

84 637 109 664 ι.
132 636 209 669 Veni,
228 635 337 663 domine
350 635 413 662 Jesn
425 633 532 661 Christe
554 634 720 667 Redemptor
735 637 837 665 noster,

47 673 92 708 qui
108 671 237 707 aequalem
257 675 413 705 potestatem
429 677 489 696 cum
512 669 591 695 Patre
607 670 700 695 babes.
720 668 795 702 Veni,
812 674 839 695 et

47 712 155 736 contere
177 710 256 740 caput
270 706 394 732 draconis
410 706 497 739 magni
510 713 516 736 ;
531 708 558 730 et
570 705 613 730 dic
629 704 706 730 nobis
718 704 780 737 quid
797 711 836 735 es,

46 742 180 778 quomodo
202 742 281 768 Arius
302 742 352 767 iste
368 740 439 767 aliud
462 739 540 765 docet
555 747 634 772 quam
650 746 691 765 es.
709 739 766 770 Dic,
782 738 836 770 dic,

45 777 196 808 audiamus,
226 776 297 803 unde
325 776 466 802 ltaereticos
493 776 693 800 convincamus.
725 773 835 807 Audite,

44 812 143 843 fratres
167 811 328 843 charissimi,
350 810 412 845 quid
439 809 567 836 Dominus
586 809 667 836 dicat.
693 808 715 834 Ε
734 818 748 834 ο
768 817 836 841 sum,

44 847 140 882 lnquit,
156 847 206 878 via,
220 848 322 880 veritas,
347 851 370 872 et
393 846 455 871 vita.
478 845 561 870 Nemo
579 845 645 872 uenit
668 844 702 870 ud
743 848 835 876 aerem,

46 883 97 911 nisi
115 891 160 917 per
175 890 224 909 me.
246 881 399 909 Secundum
425 879 592 906 divinitatem
607 879 706 906 veritas
728 883 757 906 et
772 879 836 911 vita,

44 918 191 946 secundum
213 917 407 943 humanitatem
431 915 486 941 via.
510 914 550 940 Tu
576 919 663 941 autem
678 935 685 946 ‚
711 914 837 941 ltaerctice

46 953 155 985 Ariane,
171 952 216 986 qui
232 952 362 978 minorem
378 952 418 977 vis
432 957 492 977 esse
506 949 646 976 divinitate
661 950 742 975 vitam
756 955 782 976 et
794 957 838 976 ve-

44 988 163 1020 ritatem,
186 987 305 1028 sequitur
325 990 353 1014 ut
368 994 421 1013 non
438 984 577 1019 pervenias
592 985 626 1011 ad
651 984 769 1011 Patrem.
784 984 836 1011 Sed

46 1023 143 1055 adhuc,
158 1022 266 1050 domine
289 1022 362 1054 lesu,
377 1026 486 1048 contere
507 1024 586 1054 caput
599 1020 734 1051 draconis,
754 1026 780 1046 et
793 1019 837 1046 dic

43 1059 107 1094 quid
121 1066 180 1085 cum
197 1058 274 1085 l'atre
288 1058 336 1084 sis.
348 1058 387 1084 Te
400 1056 540 1083 audiamus
554 1055 698 1086 dicentem,
714 1063 766 1081 non
781 1055 836 1082 itae-

45 1095 157 1122 relicum
175 1093 405 1126 blasphemantem
419 1100 426 1123 ;
442 1092 496 1121 dic,
519 1090 582 1124 quid
603 1091 640 1117 sis
662 1098 723 1116 cum
746 1091 834 1117 Patre.

45 1127 113 1164 Eyo,
125 1132 148 1155 et
163 1127 241 1155 Pater
254 1137 334 1155 unum
349 1135 445 1154 sumus.
464 1126 511 1153 Dic
523 1126 620 1152 adhuc.
640 1125 693 1160 qu
704 1126 731 1151 ιιι
743 1124 834 1165 patre,

43 1169 67 1191 et
83 1163 162 1191 Pater
176 1164 202 1190 in
220 1172 260 1190 me
275 1168 322 1190 est.
340 1163 433 1190 Adbuc
447 1162 500 1189 dic.
519 1161 569 1194 Qui·
584 1161 650 1187 videt
664 1169 714 1193 me,
731 1160 796 1186 videt
810 1165 834 1186 et

42 1197 220 1263 Page'gredis
244 1234 309 1268 iam,
338 1232 474 1264 haeretice,
500 1236 581 1258 tantae
603 1231 775 1258 auctoritati?
802 1237 834 1257 an

42 1269 127 1304 ipsius
141 1269 324 1296 testimonium
338 1268 371 1295 de
388 1276 416 1294 se
429 1268 487 1301 ipso
496 1274 548 1293 non
565 1266 695 1298 admittis,
708 1266 755 1292 sed
766 1266 835 1293 alios

43 1307 126 1332 testes
142 1304 273 1339 inquiris?
288 1304 356 1330 Ecce
371 1303 575 1329 introducuntur
590 1302 734 1328 adversum
749 1306 774 1327 te
789 1301 834 1335 qui

43 1343 70 1366 te
85 1341 256 1367 convincant.
272 1339 330 1370 Dic,
353 1338 430 1365 testis
447 1337 493 1364 Dei
508 1336 599 1368 Paule,
621 1341 721 1363 sanciae
742 1337 835 1363 matris

41 1374 171 1403 Ecclesiae
186 1381 326 1410 organum,
343 1374 389 1406 qui
404 1380 487 1407 usque
502 1372 536 1398 ad
552 1373 710 1405 sanguinem
723 1372 835 1405 projsto

40 1411 196 1438 testimonio
210 1409 358 1440 accessisti,
374 1412 402 1435 et
417 1414 450 1434 ne
473 1407 548 1434 talsae
562 1406 689 1433 doctrinm
713 1413 835 1432 succuni-

41 1444 132 1477 bcres,
149 1445 265 1471 animam
282 1444 414 1477 posuisti3
441 1441 494 1468 dic.
520 1441 618 1468 Audiat
643 1441 686 1475 qui
712 1442 834 1468 convinci

41 1477 178 1507 formidat.
201 1479 319 1514 Singulis
342 1478 492 1513 quibusque
516 1475 672 1515 dicis:Hoc
698 1476 789 1502 sentite
809 1477 835 1503 ιιι

41 1516 121 1548 vobis,
133 1515 201 1550 quod
217 1520 240 1541 et
254 1516 280 1540 in
304 1514 406 1541 Christo
417 1512 480 1539 Jesu
492 1521 500 1544 ,·
513 1513 556 1546 qui
578 1519 635 1538 cum
650 1520 675 1537 ιιι
688 1512 772 1544 forma
788 1511 835 1538 Dei

41 1556 116 1583 esset,
132 1559 183 1577 mm
197 1551 314 1584 rapinam
328 1549 466 1575 arbitratus
482 1552 518 1574 est
529 1555 582 1574 esse
591 1555 617 1573 se
631 1546 755 1579 oequalem
769 1546 832 1574 Deo.

41 1586 136 1619 Audis,
154 1586 288 1618 haeretice,
305 1585 432 1619 :equalem
454 1583 518 1613 Deo,
546 1582 621 1608 audis
638 1583 749 1608 l'ormum
766 1582 834 1609 Dei?

42 1626 69 1648 et
84 1626 112 1647 tu
127 1621 257 1648 minorem
281 1620 359 1647 Patre
374 1619 456 1645 tilium
473 1617 563 1645 dicere
577 1617 679 1644 audes?
697 1617 789 1643 Veniat
809 1622 835 1644 ct

41 1655 110 1684 alius
125 1657 211 1687 testis,
228 1660 255 1681 ut
272 1655 298 1681 in
323 1655 429 1681 duobus
445 1653 484 1680 vet
508 1652 594 1680 tribus
609 1652 720 1679 testibus
735 1652 834 1679 contir-

42 1696 130 1718 metur
149 1691 262 1725 aequitas
285 1690 416 1716 veritatis.
443 1688 490 1716 Dic
509 1693 537 1715 ει
562 1694 600 1720 ιιι,
627 1692 718 1714 sancte
743 1689 832 1720 Petre,

42 1726 106 1760 quid
122 1726 169 1752 tibi
185 1725 356 1757 revelaverit,
383 1732 435 1750 nun
451 1731 525 1756 carc,
550 1729 576 1750 et
591 1723 710 1756 sanguis,
725 1723 771 1749 sed
789 1730 834 1756 pa-

44 1765 86 1788 ter
99 1761 216 1788 coelestis
231 1770 236 1787 ι
251 1760 288 1787 Tu
312 1768 338 1786 es
358 1758 444 1785 Filius
457 1759 504 1785 Dei
516 1759 572 1784 vivi.
587 1758 620 1784 Et
633 1759 658 1784 iu
674 1758 785 1791 epistola
799 1758 832 1785 ad

42 1801 135 1830 gentes
149 1796 276 1823 secunda.
302 1794 399 1821 Notum
414 1795 523 1829 facimus
548 1794 617 1819 vobis
640 1793 738 1819 domini
752 1794 833 1820 nostri

42 1830 104 1858 Jesu
119 1831 214 1858 Christi
228 1832 355 1861 virtutem,
377 1834 400 1856 et
421 1830 615 1864 praescientiam,
632 1833 654 1855 et
676 1828 832 1863 magnitudi-

42 1874 109 1892 nem.
124 1866 217 1899 Audis,
234 1866 422 1900 praestigiator,
436 1865 574 1898 virtutem,
595 1864 674 1890 audis
690 1863 832 1897 praescien—

42 1901 118 1934 tiam,
141 1902 216 1929 audis
239 1906 266 1928 ει
281 1900 506 1935 magnitudinctn3
535 1900 561 1925 in
587 1906 641 1932 quo
655 1906 729 1933 ergo,
747 1899 831 1926 baere-

42 1937 104 1968 tice,
122 1936 256 1963 Christum
272 1936 337 1963 dicis
353 1943 413 1962 esse
433 1934 587 1961 minorem?
601 1934 653 1961 Sed
669 1934 831 1967 ingrediatur

41 1973 174 1998 enei-tius
200 1971 285 2003 testis,
302 1975 330 1997 ut
350 1975 405 1997 tres
430 1976 511 1996 unum
533 1976 624 1995 verum
647 1969 829 1996 testimonium

42 2006 130 2033 dicant
156 2007 200 2033 uni
218 2006 351 2038 Trinium,
377 2010 404 2032 et
428 2005 504 2031 trinae
521 2004 663 2031 divinitati.
681 2004 729 2030 Dic
749 2009 776 2030 et
791 2009 828 2037 tu,

41 2046 132 2069 sancte
146 2041 272 2072 loannes,
288 2041 333 2075 qui
351 2047 432 2074 super
446 2043 539 2074 pectus
553 2039 698 2066 salvatoris
713 2038 829 2066 discum-

43 2075 136 2108 bebas,
152 2081 179 2103 et
199 2076 308 2102 videbas
330 2083 410 2109 super
421 2075 542 2102 coelestia
564 2074 696 2101 mirabilia
717 2074 827 2101 verbum

41 2109 98 2138 Dei.
117 2110 173 2143 Dic,
189 2111 307 2145 inquam,
319 2110 381 2145 quid
395 2110 514 2137 veritatis
529 2109 562 2136 de
581 2110 626 2135 Dei
644 2109 711 2135 Filio
732 2109 825 2136 sentis.

42 2145 75 2172 1η
87 2146 211 2180 principio
226 2146 306 2181 312
318 2150 372 2172 erat
386 2145 509 2177 Verbum,
522 2148 546 2171 et
565 2143 674 2170 Verbum
689 2148 742 2170 erat
758 2145 828 2179 apud

41 2180 134 2213 Deum,
151 2186 175 2207 et
189 2181 256 2207 Deus
278 2185 332 2207 erat
353 2180 472 2207 Verbum.
487 2181 520 2206 Et
532 2180 556 2206 in
578 2180 688 2212 epistola
703 2187 710 2204 ε
723 2179 825 2207 Scimus

41 2216 161 2252 quoniam
185 2216 269 2243 Filius
285 2215 333 2242 Dei
347 2216 422 2247 venit,
437 2220 461 2242 et
481 2215 550 2242 dedit
574 2214 646 2252 nobis
661 2214 823 2247 intellectum,

41 2254 70 2278 ιιι
91 2252 201 2278 sciamus
214 2251 282 2286 quod
305 2259 391 2277 verum
418 2255 463 2282 est,
490 2255 513 2276 et
535 2250 615 2276 simus
632 2257 659 2276 m
682 2257 740 2276 vero
754 2248 826 2277 Fitio

42 2287 114 2322 εἰη,-
128 2287 170 2313 hic
183 2291 220 2313 est
233 2287 301 2313 enim
310 2293 384 2312 verus
394 2285 475 2318 Dens,
487 2290 509 2312 et
521 2285 571 2311 vitu
585 2290 690 2311 oeterna.

76 2321 103 2348 ὅ.
126 2321 166 2348 Tu
190 2326 291 2354 autem,
317 2322 448 2349 virulente
474 2327 595 2354 serpens,
627 2320 758 2347 minorem
784 2320 826 2348 di-

41 2357 126 2385 cendo
141 2356 247 2390 Filium,
264 2356 308 2392 qui
332 2361 373 2383 est
393 2362 472 2383 verus
490 2356 569 2388 Deus,
585 2362 637 2382 non
660 2355 770 2383 babebis
787 2357 826 2383 vi-

40 2395 95 2419 tant
117 2395 255 2418 aeternam.
285 2391 338 2418 Sed
366 2392 399 2418 ad
419 2390 607 2419 confutandam
631 2391 826 2418 contumaciam

42 2431 113 2454 tuam
133 2427 190 2461 ipse
211 2426 290 2453 Pater
305 2426 485 2453 testimonium
506 2426 574 2453 Filio
601 2426 681 2458 dicat,
706 2429 735 2452 ut
759 2426 827 2454 nibil

42 2461 154 2498 amplius
165 2468 279 2496 quaeras,
295 2460 415 2495 ninilque
428 2460 541 2494 amplius
555 2460 659 2488 credas.
677 2460 745 2487 Dicit
755 2462 826 2488 enim

40 2502 89 2533 pet·
117 2498 291 2532 proplietam:
307 2495 402 2523 Tecum
447 2496 583 2531 rincipium
607 2497 635 2522 ιιι
658 2497 699 2523 die
726 2496 827 2523 virtutis

14 2535 101 2562 tuoe
118 2531 279 2566 Principium
293 2531 382 2563 Pater,
395 2538 412 2566 p
437 2530 552 2564 ncipium
574 2530 677 2564 Filius3
697 2539 727 2558 er
745 2538 762 2558 ο
777 2531 828 2558 Ps-

25 2568 83 2595 '²tcr
94 2571 121 2595 ει
135 2565 220 2595 Filius
233 2566 392 2607 principium
415 2565 473 2592 sine
490 2565 545 2592 utto
563 2566 705 2601 principio.
739 2566 826 2597 'eeu-ra,

40 2600 136 2637 lnquit.
151 2601 307 2638 principium
320 2609 347 2628 ιιι
360 2601 401 2627 ‹tte
415 2600 516 2627 virtutis
529 2605 580 2627 ιιιω
600 2601 627 2628 in
649 2600 827 2636 splendoribus

71 2639 186 2664 ιιι-ιονιιιι
211 2645 244 2665 es
255 2641 329 2664 utero
338 2641 397 2663 ante
407 2635 543 2670 luciferum
553 2635 630 2670 qamt
641 2640 675 2663 u.
690 2636 827 2671 ‘remquam

101 2657 200 2700 retzlst
213 2672 298 2700 sancti
312 2671 536 2703 illuminarentur,
555 2671 708 2704 processisti
723 2679 755 2699 οι
772 2679 826 2700 ne.

80 2734 83 2737 ,
105 2706 207 2739 scillcet
221 2705 280 2744 fuit,
296 2706 472 2740 dilectissimi,
487 2706 539 2733 slis
553 2711 634 2732 caus·
650 2712 696 2733 eur
712 2706 755 2734 vel
769 2707 827 2742 ipsa

79 2808 107 2837 ὑ
120 2772 359 2813 mptum-ptari,
375 2778 405 2802 ut
418 2773 468 2808 ipsi
482 2773 634 2814 videbatur,
650 2771 678 2800 td
697 2772 829 2802 cultuu-

97 2807 829 2880 mares⁰utftrm¹wae

0 288 55 311 ›3⁴¹-

24 336 49 353 ἰ]

890 216 1010 249 sejuncta
1029 217 1190 250 viderentur,
1212 218 1263 246 nisi
1279 224 1305 246 ut
1326 221 1409 248 sancti
1426 221 1549 250 immines
1561 223 1677 252 instrue-

890 256 994 292 rentur.
1013 252 1145 292 (Jaeterum
1159 253 1220 287 quid
1242 255 1325 289 Moysi
1339 256 1373 283 ab
1386 256 1444 290 ipsa
1455 257 1591 286 Trinitatis
1613 259 1676 287 sub-

891 290 987 326 stantia
1002 287 1101 328 dictum
1116 288 1178 316 est?
1195 287 1249 324 1390
1269 298 1333 322 sum.
1349 292 1393 326 qui
1412 300 1466 318 sum
1479 301 1488 325 ;
1502 293 1573 320 etsie
1586 294 1653 322 dices
1668 302 1678 323 .·

894 320 942 353 Qui
964 327 1001 348 est
1014 326 1082 349 misit
1095 331 1144 351 me.
1161 324 1231 358 Ergo
1242 333 1272 352 et
1287 331 1361 353 utero
1374 326 1401 353 in
1417 328 1558 361 splendore
1571 335 1677 357 sancto-

891 363 949 382 rum
966 363 1107 396 generatus
1121 364 1162 386 est
1174 359 1267 388 Filius.
1280 361 1331 388 Sed
1347 369 1378 388 ne
1396 361 1463 388 hauc
1493 364 1674 392 enei-ationem

892 391 1037 418 carnaliter
1057 393 1099 420 vel
1123 396 1304 428 temporaliter
1325 397 1460 430 acceperis
1491 403 1587 429 actam,
1613 400 1674 426 audi

892 426 1025 485 qluomodo
1038 434 1098 453 eum
1117 429 1248 462 genuerit.
1262 430 1395 457 Eructavit
1415 439 1458 458 cor
1471 440 1563 465 meum,
1580 434 1673 468 inquit.

919 458 1006 486 erbum
1018 461 1120 491 bonum,
1133 462 1248 490 loannes
1259 466 1331 492 testis
1343 466 1407 492 dicit
1419 473 1426 492 t
1440 465 1472 492 Ιιι
1486 468 1610 502 principio
1621 475 1675 495 erat

899 493 1016 535 Verbum.
1030 495 1099 522 Deus
1115 495 1193 524 Pater
1207 497 1290 525 dicit:
1307 499 1435 526 Eructavit
1456 509 1500 527 cor
1521 509 1614 534 meum,
1634 504 1674 529 in-

893 534 959 563 quit,
975 529 1085 557 Verbum
1098 530 1201 558 bonum.
1216 532 1348 566 Propheta
1359 534 1480 562 llabacuc
1494 535 1676 564 dicittAmbu-

893 564 960 591 labat
980 564 1099 592 Verbum.
1123 566 1206 593 Audis
1226 567 1351 601 Verbum,
1377 573 1404 595 et
1428 570 1478 596 boc
1501 571 1527 596 in
1549 572 1677 606 principio

893 607 952 626 esse
975 600 1044 633 apud
1069 600 1164 634 Deum,
1181 607 1206 629 ει
1227 602 1310 629 Deum
1331 610 1390 630 esse
1406 604 1530 631 Verbum.
1547 606 1676 633 Testimo-

893 634 966 661 nium
991 636 1127 662 Trinitatis
1148 644 1194 669 per
1215 642 1298 664 totum
1324 638 1451 665 mundum
1466 644 1559 666 contra
1584 645 1608 667 te
1625 642 1678 668 cla-

893 675 958 696 mnt.
977 670 1008 696 Et
1023 676 1060 700 tu.
1078 672 1193 702 pessime
1211 673 1328 704 Ariane,
1345 679 1438 701 contra
1454 678 1536 702 totum
1553 677 1678 703 mundum

893 705 973 732 veluti
987 705 1093 732 rabidus
1107 706 1181 733 canis
1196 706 1333 734 delatras?

927 739 953 780 Αἵ
975 741 1027 767 Sed
1043 741 1104 766 audi
1119 742 1204 769 adbuc
1219 743 1289 770 unde
1299 743 1401 777 plenius
1414 745 1591 780 convincaris,
1605 748 1674 781 quod

892 775 1010 808 perlecta
1024 775 1140 802 Trinitas
1154 785 1221 804 nnus
1233 778 1269 805 sit
1280 786 1357 805 verus
1370 780 1449 806 Deus.
1463 780 1549 807 Patris
1561 788 1676 816 namque

892 817 941 836 vox
958 815 998 837 est
1013 810 1045 836 ad
1061 810 1156 838 Filium
1172 820 1218 846 per
1231 814 1387 846 proplietam
1404 823 1410 841 z
1428 814 1460 841 Ιη
1476 816 1618 850 splendore,
1637 818 1678 844 in—

854 855 876 885 B
891 845 958 879 quit,
974 851 1119 872 sanctorum
1142 854 1174 873 ea:
1198 852 1270 874 utero
1285 849 1362 883 qenai
1390 855 1421 876 te.
1435 850 1559 884 Ejusdem
1576 859 1680 885 quoque

847 1530 872 1563 C

890 880 1096 922 Patris-vorem
1110 889 1156 916 per
1168 884 1323 916 proplietam
1337 885 1370 911 de
1381 884 1478 918 Spiritu
1493 892 1584 913 sancto
1598 895 1604 912 ε
1618 887 1679 922 Spi-

888 920 963 948 ritus,
979 921 1073 949 inquit.
1098 925 1113 942 a
1134 925 1173 943 me
1198 919 1303 951 prodiit.
1330 918 1389 946 Filii
1409 924 1498 947 autem
1521 928 1572 947 vox
1595 923 1678 949 estin

889 951 1044 985 Evangelio,
1061 952 1208 979 ostendens
1230 953 1336 980 Patrem
1365 954 1391 980 in
1410 961 1439 981 se
1462 962 1532 987 esse,
1549 963 1630 990 seque
1653 958 1678 984 in

890 986 959 1025 ipsu,
976 987 1020 1014 ubi
1042 987 1088 1020 ait,
1107 986 1187 1013 Pater
1213 988 1239 1014 in
1255 996 1294 1015 me
1322 997 1425 1016 manens
1439 990 1501 1024 facit
1524 991 1577 1024 ipse
1589 999 1678 1025 opera.

889 1020 1016 1055 Ejusdem
1043 1023 1124 1049 etiam
1150 1022 1211 1049 Filii
1237 1031 1288 1050 vox
1317 1028 1358 1051 est
1385 1024 1418 1051 de
1442 1025 1543 1058 Spiritu
1572 1032 1676 1059 sancto,

888 1057 1033 1083 ostendens
1044 1057 1105 1090 quia
1120 1058 1254 1091 quomodo
1269 1059 1390 1092 procedit
1404 1067 1437 1086 ex
1452 1060 1541 1092 Patre,
1560 1061 1594 1088 ita
1609 1070 1677 1096 quo-

888 1098 940 1124 que
959 1099 992 1118 cx
1007 1099 1035 1118 sc
1051 1093 1118 1126 ipso,
1135 1093 1178 1119 ubi
1199 1093 1235 1119 ait
1250 1094 1282 1120 ad
1297 1094 1440 1129 discipulos
1466 1102 1528 1122 suos
1542 1097 1677 1131 :Accipite

888 1126 1016 1159 Spiritum
1035 1133 1162 1154 sanctum.
1186 1128 1216 1155 Si
1231 1129 1272 1154 cui
1290 1130 1436 1156 remiseritis
1457 1135 1571 1164 peccata,
1587 1133 1676 1158 remit-

888 1167 971 1188 tentur
986 1162 1035 1188 itti.
1054 1162 1128 1189 Unde
1147 1168 1173 1189 et
1197 1164 1308 1198 apostoli
1332 1164 1404 1191 Pauli
1420 1174 1426 1190 ;
1440 1165 1471 1192 Si
1485 1166 1540 1198 quis
1555 1167 1675 1199 spiritum

888 1196 982 1223 Christi
1000 1205 1050 1224 non
1065 1197 1149 1230 habet,
1165 1198 1206 1225 hic
1228 1207 1278 1225 non
1294 1204 1331 1225 eat
1344 1200 1412 1234 ejus.
1425 1201 1454 1227 Si
1469 1207 1534 1234 crgo
1549 1201 1632 1228 Filius
1649 1203 1674 1229 in

888 1231 976 1271 Patre,
993 1237 1019 1259 et
1034 1241 1065 1259 ex
1088 1233 1176 1267 Patre,
1194 1238 1220 1260 et
1243 1234 1358 1269 Spiritus
1377 1239 1484 1262 sanctus
1499 1236 1578 1262 simul
1593 1241 1634 1263 est
1649 1242 1675 1264 ει

887 1274 914 1293 ιιι
931 1267 1009 1299 Filio,
1026 1272 1052 1294 et
1078 1269 1102 1294 in
1119 1268 1207 1301 Patre,
1234 1277 1285 1296 non
1308 1275 1347 1296 est
1369 1270 1454 1297 divisa
1478 1270 1605 1303 Trinitas,
1630 1273 1673 1299 ubi

887 1302 1004 1335 pet-secta
1026 1303 1113 1330 unitas
1127 1308 1178 1330 est.
1205 1304 1327 1331 Discedat
1349 1312 1412 1340 ergo
1435 1306 1549 1332 Arianus
1565 1307 1672 1340 pestiter

887 1337 1081 1372 labyrintheus,
1102 1339 1172 1372 quod
1197 1339 1294 1371 draco;
1317 1339 1383 1373 jam,
1407 1341 1524 1374 inquam,
1546 1342 1671 1369 contusus

887 1373 1018 1405 discedat,
1033 1378 1059 1400 et
1074 1380 1145 1406 reuS,
1156 1374 1217 1407 quia
1232 1374 1348 1401 Trinitas
1365 1382 1432 1402 unus
1449 1379 1490 1401 est
1504 1375 1584 1403 Deus.

923 1408 950 1434 5.
972 1408 1025 1435 Sed
1054 1409 1188 1442 quomodo
1217 1410 1262 1435 tibi
1290 1417 1415 1444 perversa
1444 1410 1566 1442 ltaeresis,
1594 1413 1673 1438 verba

887 1449 946 1468 mea
961 1443 1113 1476 proliciunt,
1127 1451 1187 1469 cum
1197 1444 1233 1470 sis
1253 1445 1324 1477 aspis
1335 1445 1427 1477 surda,
1440 1445 1568 1472 obturans
1581 1453 1670 1478 aures,

887 1484 922 1503 ne
935 1478 1029 1504 audias
1050 1479 1241 1504 incantantium
1267 1479 1489 1507 vocestNoveris
1505 1485 1530 1506 te
1549 1486 1636 1507 tamen
1658 1489 1672 1508 a

887 1512 960 1547 virga
976 1514 1108 1546 serpentis
1131 1514 1272 1547 edendam,
1293 1514 1355 1541 dum
1371 1522 1434 1542 oves
1448 1523 1514 1548 quas
1530 1520 1604 1542 tenes
1628 1523 1672 1543 ca·

888 1548 974 1582 ptivas
994 1549 1027 1574 ad
1050 1556 1126 1575 suum
1146 1549 1190 1575 ille
1214 1554 1303 1582 pastor
1327 1550 1395 1576 ovile
1422 1550 1567 1583 reduxerit,
1586 1557 1614 1578 ut
1639 1551 1674 1579 sit

888 1590 955 1610 unus
969 1591 1033 1617 grex
1046 1588 1071 1610 et
1087 1591 1153 1610 unus
1178 1589 1276 1617 pastor.
1294 1584 1345 1611 lste
1368 1585 1448 1619 igitur
1463 1590 1553 1618 pastor
1568 1593 1669 1619 noster,

886 1618 1062 1650 dilectissimi,
1079 1619 1123 1651 qui
1138 1619 1162 1645 in
1180 1620 1251 1652 virga
1268 1619 1360 1652 pascit,
1375 1624 1403 1646 et
1419 1621 1495 1653 regit,
1512 1622 1568 1654 ipse
1583 1627 1673 1654 pastor

886 1658 935 1684 est,
954 1654 1008 1687 ipse
1027 1657 1115 1680 rector
1128 1660 1218 1680 noster
1239 1659 1289 1685 est,
1306 1654 1363 1688 ipse
1379 1655 1529 1686 tauricator,
1548 1655 1606 1689 ipse
1629 1663 1672 1682 at·-

885 1688 1015 1716 cltite12tus
1041 1694 1142 1716 noster.
1168 1689 1288 1722 Magnum
1317 1695 1341 1716 te
1357 1694 1489 1723 pastorem
1513 1690 1601 1722 video,
1623 1691 1672 1718 do—

885 1723 956 1750 minc
976 1723 1050 1756 lesu,
1066 1732 1128 1751 oves
1145 1728 1307 1757 pascentem,
1325 1729 1456 1752 errantem
1483 1725 1670 1759 inquirentem,

883 1758 965 1793 313
978 1759 1164 1794 inventamque
1186 1767 1245 1786 cum
1261 1759 1358 1793 gaudio
1379 1759 1411 1786 ad
1434 1767 1539 1795 gregem
1555 1765 1605 1787 tuts
1623 1761 1670 1788 Ιιιι-

885 1796 966 1820 meris
981 1800 1174 1828 reportantem.
1189 1795 1310 1829 Magnum
1326 1795 1423 1828 quippe
1447 1800 1472 1822 tc
1488 1796 1563 1822 video
1582 1796 1670 1823 arcui-

885 1832 994 1862 tectunt,
1009 1830 1107 1863 vit-gain
1124 1830 1264 1861 terentem,
1277 1831 1350 1856 etde
1370 1832 1420 1856 istu
1437 1831 1506 1864 virga
1523 1831 1604 1858 multa
1620 1831 1670 1858 nti-

883 1864 973 1890 racula
988 1864 1140 1891 facientem.
1157 1864 1267 1891 Multum
1281 1865 1381 1898 itaque,
1400 1861 1505 1898 tratres,
1521 1866 1669 1899 expositio-

882 1906 942 1926 nem
958 1906 1107 1933 expavesco
1122 1899 1218 1933 virgam
1234 1899 1282 1926 scd
1303 1899 1366 1926 dum
1381 1899 1530 1927 divinarunt
1545 1901 1669 1934 Scriptu-

881 1941 971 1960 rarum
986 1935 1127 1961 considero
1141 1935 1208 1967 loca,
1223 1935 1295 1968 virga
1310 1939 1400 1962 sancta
1418 1935 1510 1967 staria,
1525 1935 1596 1970 virga
1610 1937 1667 1969 ipsc

880 1969 1011 2000 Christus,
1027 1971 1101 2003 virga
1116 1976 1192 1996 crux.
1210 1970 1239 1996 Et
1256 1970 1282 1996 in
1296 1970 1346 1996 ista
1360 1978 1375 1996 ο
1386 1977 1465 2004 quam
1483 1978 1576 2004 magna
1591 1971 1668 1997 mira-

880 2011 930 2037 que
947 2004 1007 2031 l'ecit
1018 2005 1023 2030 l
1036 2004 1138 2037 Scalas,
1153 2012 1199 2039 per
1210 2012 1276 2039 quas
1293 2004 1428 2032 bominem
1445 2005 1547 2039 lapsum
1570 2006 1666 2032 levavit

880 2039 913 2065 ad
942 2040 1049 2066 Patrem
1063 2059 1070 2071 ‚
1097 2047 1144 2072 per
1171 2040 1219 2067 itas
1242 2040 1358 2074 denique
1380 2040 1464 2066 scalas
1490 2041 1668 2067 ascenderunt

878 2075 964 2100 sancti
982 2075 1111 2106 tiotuincs,
1128 2075 1296 2102 continentes
1315 2074 1450 2109 conjuncti
1465 2079 1543 2110 atque
1560 2075 1664 2108 fideles,

879 2116 931 2136 non
945 2110 1050 2144 quidem
1064 2110 1189 2144 gradibus
1207 2111 1314 2144 pedum.
1337 2111 1383 2137 sed
1398 2110 1533 2145 gressibus
1549 2119 1664 2138 morum.

914 2146 939 2170 ti.
957 2145 1022 2171 Boni
1037 2152 1100 2180 ergo
1116 2152 1204 2173 mores
1213 2146 1235 2172 si
1251 2145 1429 2179 requirantur,
1447 2145 1473 2172 in
1488 2145 1611 2172 omnibus
1627 2147 1654 2172 in

877 2181 1029 2208 veniuntur.
1048 2181 1163 2215 Uterque
1178 2182 1248 2207 enim
1263 2188 1345 2208 sexus
1360 2187 1385 2206 et
1400 2181 1487 2208 omnis
1505 2185 1570 2207 :etas
1583 2181 1609 2207 in
1625 2180 1666 2208 his

878 2219 1028 2243 sanctorum
1040 2215 1159 2243 moribus
1171 2216 1324 2242 unitationls
1338 2216 1418 2243 babet
1430 2215 1591 2249 exemplum.
1604 2215 1664 2242 lmi-

879 2255 967 2279 tentur
982 2252 1071 2284 itaque
1083 2258 1162 2278 senes
1183 2257 1271 2278 mores
1285 2251 1375 2277 Tobiae
1387 2271 1394 2283 ,
1411 2250 1456 2285 qui
1473 2258 1533 2277 cum
1553 2257 1665 2283 corpore

877 2293 965 2314 cincus
980 2290 1061 2318 esset,
1079 2285 1148 2312 viam
1165 2286 1225 2313 vite
1238 2286 1294 2313 tilio
1313 2286 1511 2313 demonstrabat
1525 2286 1550 2311 in
1565 2284 1662 2316 corde;

877 2322 924 2349 ille
937 2328 999 2348 eum
1022 2321 1048 2348 iu
1071 2325 1141 2348 terra
1161 2328 1240 2348 manu
1260 2321 1392 2354 ducebat,
1412 2321 1463 2347 iste
1484 2319 1591 2346 monitis
1604 2326 1663 2346 eum

876 2357 977 2384 sanctis
999 2356 1119 2390 erigebat
1141 2356 1175 2383 ad
1197 2356 1304 2385 coelutn.
1331 2355 1467 2382 innitentur
1481 2354 1664 2382 adolescentes

876 2392 976 2426 loseph
991 2396 1122 2423 sanctum,
1139 2391 1276 2425 pulchrum
1292 2397 1413 2423 corpore,
1425 2389 1471 2416 sed
1484 2389 1662 2424 pulchriorem

877 2432 977 2460 mente,
998 2434 1076 2460 quem
1091 2430 1199 2452 castitas
1222 2426 1259 2451 sic
1280 2424 1451 2459 possederat,
1474 2430 1502 2451 ut
1523 2424 1663 2459 impudicae

876 2462 993 2490 dominae
1003 2461 1082 2488 minis
1093 2461 1151 2494 eius
1166 2468 1218 2487 non
1235 2465 1325 2492 posset
1343 2459 1436 2487 violari
1457 2466 1553 2494 eorpus
1567 2481 1574 2493 ‚
1590 2459 1667 2493 cuius

879 2498 934 2533 jam
950 2497 1078 2524 Dominus
1090 2494 1245 2530 possederat
1258 2498 1384 2522 mentem.
1397 2493 1536 2522 Imitentur
1551 2494 1667 2528 virgines

877 2537 976 2560 ιιιιιιειιε
990 2532 1093 2558 beatam
1114 2530 1218 2557 Domini
1230 2529 1272 2556 sui
1284 2534 1396 2557 matrem
1417 2529 1536 2557 Mariam.
1554 2529 1665 2558 imiten-

879 2572 921 2596 tur
946 2566 1032 2594 viduae
1051 2565 1202 2599 religiosam
1223 2565 1327 2591 viduatu
1351 2566 1468 2592 Annam.
1484 2564 1624 2592 imitentur
1639 2569 1664 2592 ct

877 2602 1023 2636 conjugatas
1034 2605 1135 2628 castam
1149 2601 1310 2633 Susannam,
1330 2601 1391 2635 quia
1407 2599 1481 2635 virgo
1495 2599 1594 2628 curisti
1607 2607 1662 2629 ma-

878 2642 919 2667 ter
934 2637 1015 2665 uaria
1026 2635 1097 2670 quod
1110 2635 1184 2664 novit
1197 2635 1327 2670 implevit3
1341 2636 1415 2664 Anna
1431 2635 1508 2663 vidua
1526 2635 1552 2662 in
1563 2635 1663 2663 oratio-

878 2674 956 2701 nibus
969 2676 996 2700 et
1013 2670 1122 2706 jeiuniis
1143 2678 1226 2706 usque
1245 2671 1272 2698 ιιι
1291 2670 1371 2698 finem
1393 2674 1610 2704 perseverantem
1624 2674 1665 2700 te-

878 2709 950 2740 nuit;
967 2708 1087 2735 susann-
1101 2710 1175 2734 casu
1185 2712 1234 2741 pro
1245 2705 1371 2741 pudicitia
1382 2705 1516 2740 conjugati
1533 2711 1615 2741 usque
1629 2705 1663 2734 ad

877 2774 946 2804 vulis
963 2781 1017 2803 non
1028 2773 1115 2803 solunt
1129 2777 1238 2809 propter
1248 2773 1372 2809 gloriam.
1384 2773 1433 2805 ud
1443 2773 1525 2805 ctiam
1540 2777 1571 2804 ιιι
1579 2773 1661 2805 vitam

876 2810 1043 2847 spirituatem
1061 2809 1089 2838 ιιι
1107 2816 1139 2839 su
1150 2808 1276 2840 unbem
