1832 3016
20 2909 29 3016 i

39 2814 148 3016 ¹211-
159 2829 168 2850 ε
184 2819 302 2850 rent-ao
317 2820 364 2850 nt·
378 2827 428 2850 non
441 2827 536 2860 vor-90
548 2820 677 2855 nator-m,
689 2819 736 2848 ua
745 2821 863 2850 aaut·

65 114 115 144 611

684 102 954 132 SENTENTtAttuu
974 103 1039 131 ΜΒ.
1061 103 1092 130 ll.

1646 103 1699 132 042

101 173 128 200 ὃ.
144 170 331 206 Principalitcr
341 168 383 196 bis
396 165 498 194 duobus
513 162 583 191 vitiis
596 161 719 189 diabolus
733 161 850 188 humano
865 163 888 192 Α
904 160 1017 193 primum
1042 160 1235 188 fornicationes
1258 164 1323 188 sunt
1337 159 1502 194 auferendae,
1523 165 1551 188 et
1566 167 1618 188 non
1633 168 1696 195 pro-

64 219 157 255 generi
168 217 330 247 dominatur,
341 213 368 241 id
381 216 438 245 est,
451 209 576 245 superbia
590 207 688 234 mentis
706 211 733 234 et
747 206 852 233 luxuria

66 265 170 292 carnis.
187 262 265 291 Unde
277 265 305 288 et
320 258 447 286 Dominus
460 255 488 282 in
501 254 552 282 Job
566 253 684 287 loquitur
697 251 732 279 de
746 251 852 279 diabolo

66 310 176 338 dicens:
192 308 247 336 Sub
269 305 357 333 umbra
371 303 463 330 dormit
487 302 513 327 in
528 303 622 327 secreto
636 298 727 325 calami
741 298 769 324 in
792 297 854 324 locis

67 355 225 384 humentibus
239 352 299 388 (lob
322 359 371 384 η,
390 348 446 384 16).
463 348 514 375 Per
534 347 665 374 calamum
681 345 752 373 enim
768 345 854 371 inanis

66 400 202 437 superbia,
212 406 260 434 pet·
271 397 330 424 loca
346 403 408 422 vero
421 394 544 421 humecta
557 392 644 420 carnis
657 392 855 419 demonstratur

67 445 182 475 luxuria.
199 443 251 471 Per
267 443 325 468 hacc
338 440 409 468 euim
424 439 476 466 duo
491 438 554 465 vitia
569 437 692 464 diabolus
708 437 855 463 humanum

66 491 183 528 possidet
193 495 288 524 genus,
298 487 340 514 vel
352 486 415 513 dum
426 489 543 512 mentem
557 484 584 510 in
596 483 749 517 superbiam
764 482 852 516 erigit,

65 538 107 567 vel
120 538 184 565 dnm
199 543 246 571 per
261 534 392 562 luxuriam
408 539 518 560 carnem
535 530 691 564 corrumpit.

100 583 127 611 6.
143 582 216 610 Multi
231 581 343 608 luxuriae
353 578 453 606 subditi
465 582 537 609 sunt,
549 581 576 604 et
590 575 742 604 contumaci
757 582 855 609 super-

63 629 108 659 bia
123 629 157 657 de
171 629 230 663 ipso
245 627 355 655 luxuriae
370 633 451 660 opere
466 625 612 660 gloriantur
630 632 637 656 ;
653 627 681 650 et
693 622 756 650 inde
771 622 855 657 magis

67 676 131 705 elati
147 680 218 709 sunt,
234 674 304 702 unde
319 673 452 700 humiliari
465 672 624 699 debuerant.

99 722 127 749 7.
153 721 193 749 Ad
217 719 443 755 comparationem
459 718 518 745 mali
543 718 571 744 lit
593 717 722 749 deterius,
749 716 855 752 quando

65 775 119 795 non
137 767 223 795 solum
239 766 337 800 flagitia
349 765 563 796 committuntur,
581 764 627 790 sed
644 764 724 790 etiam
740 764 774 790 de
789 764 855 798 ipsis

65 813 171 848 flagitiis
199 811 317 839 vanitate
341 811 425 837 laudis
451 809 545 844 perditi
571 809 738 836 extolluntur
749 829 755 840 ,
786 808 856 835 sicut

905 211 1031 240 rumpent
1058 207 1084 233 in
1106 213 1198 241 opere.
1222 205 1290 233 Hinc
1315 211 1357 233 est
1379 206 1450 242 quod
1472 214 1518 241 per
1541 206 1698 241 prophetam

906 252 1002 280 dicitur
1017 261 1024 279 :
1040 253 1170 288 Accinqite
1195 252 1293 279 lumbos
1317 257 1411 279 ventos
1426 261 1504 286 super
1524 252 1602 279 ubera
1616 257 1699 280 vestm

906 297 984 333 (lsai.
1000 307 1083 330 xxxn,
1096 299 1158 334 11);
1174 299 1225 325 hoc
1235 302 1286 331 est,
1300 299 1326 325 in
1338 298 1420 325 corde
1431 298 1555 325 libidines
1569 303 1698 331 ris-ecate,

905 351 966 378 quae
988 345 1020 370 ad
1033 344 1139 371 lumbos
1151 344 1294 378 pertinent.
1318 343 1385 370 Nam
1399 350 1446 370 cor
1457 350 1538 377 super
1551 343 1631 370 ubera
1644 348 1699 377 est.

906 395 958 415 non
976 388 1003 414 in
1023 388 1131 414 lumbis.

908 479 1030 507 modum.
1047 479 1113 506 Nam
1127 478 1190 505 dum
1212 486 1241 505 se
1256 479 1370 505 vitiosus
1395 478 1500 506 animus
1518 479 1544 506 in
1567 480 1700 513 explenda

907 526 1093 559 fornicatione,
1106 533 1186 552 carne
1202 525 1364 558 luxuriante,
1377 525 1516 559 laxaverit,
1529 526 1702 554 nihilominus

908 571 943 599 ad
979 572 1030 598 alia
1061 570 1174 597 nefanda
1205 571 1307 597 scelera
1333 570 1506 598 suadentibus
1532 571 1701 599 daemonihus

908 618 1004 645 transit
1021 626 1028 650 ;
1043 617 1159 652 dumque
1185 617 1363 643 immoderate
1377 622 1464 643 metas
1481 616 1589 650 pudoris
1605 625 1700 644 exces-

908 665 982 698 serit,
1007 664 1109 691 crimen
1139 663 1295 691 criminibus
1320 662 1429 697 adjicit,
1454 662 1635 697 paulatimque
1664 663 1697 690 ad

908 710 1041 738 deteriora
1058 709 1190 744 procedit.

945 756 987 783 16.
1001 756 1058 783 Non
1074 756 1109 783 ita
1125 755 1213 782 suavis
1229 759 1270 782 est
1290 755 1446 787 amantium,
1464 755 1517 781 imo
1541 754 1700 787 amentium,

909 804 1048 838 inexperta
1065 803 1152 830 carnis
1168 802 1261 835 libido,
1278 802 1343 829 sicut
1360 807 1470 836 experta
1485 810 1493 834 ;
1515 808 1564 828 nec
1583 801 1616 827 ita
1634 801 1703 828 dele-

65 860 191 894 scriptum
206 863 246 886 est
260 867 266 885 :
282 857 416 884 Laudatur
435 861 552 892 peccator
566 857 592 882 in
608 856 741 883 desideriis
766 857 858 883 am'mae
872 855 896 884 Β
910 854 964 877 ctat
978 849 1131 880 fornicatio,
1145 849 1207 875 dum
1223 848 1336 883 primum
1352 846 1538 880 committitur,
1552 854 1614 874 nam
1624 855 1701 881 repe-

65 913 119 932 nuae
133 904 219 940 (piat.
234 911 272 936 tx,
284 902 347 938 Ἡ).
363 902 429 936 Quid
444 903 514 929 enim
527 902 603 937 pejus
616 910 694 936 quam
711 902 736 928 in
752 902 858 937 flagitiis

66 951 179 978 miseros
202 950 329 986 gaudere,
353 949 386 977 de
411 949 507 984 quibus
530 949 584 983 jam
601 949 698 976 debent
722 950 858 983 copiosius

68 997 179 1032 plorare
189 997 200 1023 ⁴?

102 1042 129 1069 8.
143 1041 236 1069 Libido
252 1046 314 1068 tunc
328 1040 412 1075 magis
433 1040 572 1073 quaeritur,
589 1040 650 1066 dum
664 1040 778 1066 videtur.
793 1039 858 1066 Nam

68 1089 138 1116 sicut
151 1088 258 1123 quidam
275 1088 382 1122 sapiens
395 1087 452 1113 ait:
469 1086 559 1112 Prima
575 1086 755 1120 fornicationis
771 1087 858 1112 ocuto-

68 1142 124 1161 rum
138 1134 187 1161 tela
201 1138 268 1168 sunl,
282 1134 392 1160 secunda
403 1132 546 1159 verborum.
563 1131 615 1159 Sed
630 1133 673 1167 qui
690 1140 741 1159 non
757 1133 861 1166 capitur

69 1180 162 1212 oculis,
189 1184 274 1214 potest
289 1179 378 1206 verbis
402 1179 540 1205 resistere.
563 1177 671 1205 Sufficit
685 1182 790 1211 natura,
817 1178 860 1205 ubi

70 1227 157 1254 adhuc
171 1227 238 1254 liber
252 1226 363 1254 affectus
377 1230 428 1253 est.

105 1272 132 1300 9.
152 1273 202 1306 Qui
221 1272 426 1299 delectationem
453 1270 604 1298 libidinosae
625 1270 741 1298 refrenat
768 1278 862 1307 sugge-

70 1319 175 1352 stionis,
188 1326 239 1345 non
252 1318 346 1344 transit
358 1317 391 1344 ad
403 1324 564 1344 consensum
578 1316 706 1344 libidinis.
718 1316 776 1343 Cito
789 1317 859 1344 enim

70 1364 171 1392 resistit
195 1364 287 1398 operi,
311 1363 355 1397 qui
393 1362 508 1389 titillanti
535 1370 564 1389 se
591 1370 644 1388 non
675 1362 860 1388 accommodat

70 1410 250 1437 delectationi.

105 1456 149 1482 10.
165 1455 263 1483 Durius
281 1455 453 1489 impugnatur
469 1454 515 1490 qui
537 1461 621 1488 usque
645 1454 677 1480 ad
704 1454 861 1481 consensio-

70 1507 141 1533 nem,
168 1501 219 1527 etsi
243 1507 294 1527 non
324 1507 410 1535 usque
426 1500 459 1526 ad
477 1500 700 1534 perpetrationem
728 1504 858 1533 tentatur,

69 1552 150 1579 quam
167 1545 189 1571 is
204 1545 248 1579 qui
262 1545 318 1571 sola
336 1545 507 1579 suggestione
521 1552 569 1579 pro
590 1543 747 1571 conditione
770 1544 861 1571 carnis
875 1545 899 1577 C

70 1591 242 1619 tentamentis
263 1590 431 1618 sollicitatur.

107 1638 150 1664 11.
167 1637 276 1665 Stimuli
299 1638 399 1669 carnis,
416 1637 461 1671 qui
486 1637 511 1663 in
527 1637 620 1669 Paulo,
637 1637 772 1663 excitante
786 1637 862 1663 Sata-

71 1691 114 1712 nae
128 1684 233 1718 angelo,
263 1683 369 1709 inerant
393 1681 438 1719 (ΙΙ
452 1682 511 1709 Cor.
530 1682 593 1717 xu),
619 1691 651 1710 ex
678 1683 735 1716 lege
762 1682 862 1716 peccati

71 1736 158 1763 erant,
173 1731 217 1765 qni
236 1732 260 1757 in
276 1730 403 1757 membris
421 1729 557 1757 hominum
573 1731 605 1757 de
622 1732 781 1757 necessitate
803 1730 863 1756 libi-

71 1777 143 1804 dinis
159 1776 241 1812 244,
255 1776 386 1803 habitant.
409 1776 492 1808 Quam
508 1777 696 1808 reluctantem,
712 1776 774 1802 dnm
792 1776 816 1801 in
833 1783 864 1802 se

71 1826 215 1856 expugnat,
244 1821 391 1854 perficitur,
417 1825 443 1847 et
471 1820 504 1847 de
533 1821 688 1848 infirmitate
715 1821 863 1847 libidinosae

73 1867 231 1894 titillationis
247 1866 372 1893 virtutem
386 1866 498 1899 suscipit
511 1866 618 1900 gloriosi
632 1866 796 1892 certaminis.

109 1913 152 1940 12.
169 1912 261 1940 Servis
274 1912 320 1939 Dei
335 1911 419 1938 multa
433 1913 580 1939 certamina
594 1913 627 1939 de
643 1920 689 1939 sua
702 1920 783 1939 carne
804 1920 863 1939 mo·

72 1964 167 1987 ventur
183 1967 191 1991 ;
206 1966 266 1985 nam
290 1957 410 1992 quamvis
439 1958 466 1984 in
480 1965 571 1985 amore
594 1958 641 1985 Dei
655 1966 748 1985 eorum
765 1958 800 1985 sit
825 1959 863 1985 in-

73 2011 203 2032 concussa
232 2002 343 2030 intentio
354 2022 361 2034 ,
390 2009 466 2029 mens
490 2006 577 2029 tamen
608 2002 634 2029 in
665 2010 761 2036 carne,
785 2010 863 2037 quam

72 2050 191 2079 exterius
205 2053 302 2084 gestat,
326 2049 429 2076 interna
446 2049 536 2083 pra-lia
553 2049 661 2076 tolerat.
675 2049 746 2076 Deus
762 2054 863 2080 autem,

72 2097 118 2132 qui
132 2095 190 2122 haec
203 2095 236 2122 ad
248 2094 431 2129 probationem
444 2095 582 2128 permittit,
595 2095 678 2129 gratia
692 2099 858 2129 protegente,

72 2149 135 2170 suos
149 2149 201 2169 non
217 2142 328 2170 deserit.

109 2187 152 2215 13.
166 2188 226 2215 ldeo
238 2195 425 2221 nonnunquam
436 2187 513 2214 electi
526 2187 600 2221 lapsu
612 2187 713 2214 carnali
723 2191 862 2220 corruunt,

912 897 959 922 tita
974 896 1105 930 maiorem
1123 895 1330 922 delectationem
1355 894 1461 928 ingerit.
1476 893 1533 920 lain
1557 900 1620 919 vero
1635 893 1657 919 si
1675 893 1700 919 in

910 950 988 969 usum
1003 942 1118 973 venerit,
1138 947 1212 968 tanto
1230 941 1340 975 perditis
1355 939 1459 967 dulcior
1476 940 1516 972 fit,
1532 944 1561 966 ut
1576 947 1705 974 superare

910 987 1018 1015 difficile
1034 988 1080 1015 sit.
1104 986 1180 1014 Unde
1201 991 1228 1013 et
1244 994 1315 1019 saepe
1340 993 1373 1012 ex
1399 985 1594 1012 consuetudine
1620 985 1705 1011 delin-

910 1034 1009 1068 qnendi
1034 1033 1108 1069 quasi
1134 1032 1233 1066 captivi
1254 1032 1286 1058 ad
1313 1032 1476 1065 peccandum
1502 1040 1562 1058 cuin
1589 1031 1703 1066 quadam

911 1080 1039 1107 violentia
1056 1079 1197 1111 trahimur,
1210 1085 1359 1112 sensusque
1375 1083 1481 1104 nostros
1496 1082 1588 1104 contra
1604 1082 1704 1104 rectam

912 1125 1077 1152 voluntatem
1100 1126 1125 1151 in
1141 1124 1218 1151 nohis
1234 1123 1367 1150 rebellare
1383 1124 1527 1150 sentimus.

947 1171 991 1198 17.
1003 1171 1098 1205 Siplus
1106 1171 1222 1197 oblectat
1236 1174 1351 1196 mentem
1363 1169 1506 1196 delectatio
1518 1167 1701 1195 fornicationis

913 1224 993 1250 quam
1015 1224 1092 1243 amor
1116 1215 1260 1249 castitatis,
1277 1215 1363 1241 adhuc
1388 1215 1413 1241 in
1438 1214 1547 1241 bomine
1564 1218 1703 1247 peccatum

912 1268 1017 1297 regnat.
1029 1263 1109 1289 Certe
1122 1262 1144 1288 si
1157 1261 1274 1295 amplius
1289 1260 1403 1287 delectat
1418 1259 1588 1294 pulchritudo
1604 1259 1704 1286 intimae

912 1309 1054 1341 castitatis,
1081 1310 1136 1343 jam
1163 1315 1216 1335 non
1242 1311 1336 1340 regnat
1363 1311 1516 1340 peccatum,
1540 1305 1586 1332 sed
1614 1310 1706 1340 regnat

910 1356 1025 1390 ju-titia.
1053 1356 1117 1382 Nam
1147 1363 1200 1382 non
1218 1357 1303 1383 solum
1327 1355 1361 1382 de
1374 1354 1517 1381 commissa
1533 1353 1708 1380 fornicatione

913 1401 992 1436 245
1017 1405 1154 1435 peccatum
1179 1405 1272 1434 regnat
1299 1401 1325 1427 in
1352 1399 1479 1430 homine;
1503 1398 1550 1425 sed
1575 1398 1597 1424 si
1619 1397 1708 1425 adhuc

912 1447 1070 1479 delectatur,
1095 1450 1175 1480 atque
1190 1445 1309 1472 animum
1337 1448 1438 1476 teneat,
1455 1443 1548 1478 procul
1564 1442 1646 1470 dubio
1663 1451 1706 1470 re-

912 1497 989 1528 gnat.

955 1536 998 1564 18.
1024 1537 1181 1564 Fornitatio
1203 1536 1292 1562 carnis
1308 1535 1471 1562 adulterium
1487 1539 1538 1567 est,
1564 1534 1708 1562 fornicatio

913 1583 1010 1610 animae
1022 1582 1139 1610 servitus
1152 1582 1284 1608 idolorum
1298 1586 1349 1608 est.
1366 1580 1414 1607 Est
1423 1586 1511 1607 autem
1524 1585 1550 1608 et
1564 1580 1709 1614 spiritualis

914 1627 1066 1659 fornicatio,
1083 1626 1232 1653 secundum
1251 1625 1322 1659 quod
1340 1625 1469 1651 Dominus
1483 1625 1520 1651 ait
1535 1633 1541 1649 ;
1559 1624 1608 1656 Qui
1619 1624 1709 1650 viderit

914 1675 1045 1702 nutlt'erem
1065 1674 1100 1700 ad
1121 1671 1354 1707 concupiscendam
1368 1679 1434 1703 eam,
1445 1671 1503 1706 jum
1516 1670 1656 1696 rttoechatur
1670 1674 1707 1696 est

914 1732 968 1751 eam
983 1724 1010 1750 in
1023 1722 1100 1749 corde
1113 1730 1160 1748 suo
1176 1721 1282 1755 (litanti.
1300 1728 1327 1753 v,
1343 1719 1400 1752 28).

951 1768 994 1795 19.
1010 1768 1103 1795 Omnis
1129 1765 1265 1793 immunda
1288 1764 1400 1799 pollutio
1423 1762 1564 1790 fornicatio
1589 1762 1704 1796 dicitur,

915 1814 1037 1848 quamvis
1075 1812 1189 1846 quisque
1225 1801 1330 1837 diversa
1369 1808 1541 1843 turpitudinis
1575 1808 1711 1842 voluptate

916 1859 1102 1895 prostituatur.
1130 1858 1170 1884 Ex
1186 1857 1364 1884 delectatione
1379 1856 1451 1883 enim
1466 1854 1615 1882 fornicandi
1635 1854 1709 1881 varia

915 1908 1061 1941 gignuntur
1078 1904 1190 1940 flagitia,
1207 1904 1304 1939 quibus
1326 1910 1437 1938 regnum
1451 1902 1498 1929 Dei
1521 1901 1669 1933 clauditur,
1683 1906 1711 1928 et

918 1953 997 1979 homo
1012 1959 1027 1978 a
1043 1951 1098 1978 Deo
1117 1956 1267 1984 separatur.

951 1997 996 2024 20.
1013 1997 1085 2023 luter
1108 2000 1205 2023 caetera
1220 2001 1322 2030 septem
1343 1994 1406 2021 vitia
1431 1993 1571 2020 fornicatio
1599 1993 1708 2025 maximi

917 2049 959 2072 est
972 2044 1091 2074 sceleris,
1113 2043 1174 2076 qnia
1199 2050 1246 2077 pcr
1261 2042 1349 2069 carnis
1366 2041 1562 2069 immunditiam
1580 2041 1707 2075 templum

918 2091 966 2118 Dei
983 2090 1077 2128 violat)
1094 2093 1121 2116 et
1131 2088 1228 2115 tollens
1242 2088 1360 2115 membra
1376 2087 1487 2119 Christi,
1503 2086 1567 2113 facit
1581 2086 1703 2113 membra

917 2136 1078 2164 meretricis.

953 2182 998 2209 21.
1022 2183 1103 2217 Magis
1127 2190 1175 2217 per
1196 2181 1285 2209 carnis
1309 2180 1439 2207 luxuriam
1466 2179 1612 2206 humanum
1627 2185 1712 2212 genus

73 2236 102 2259 ut
123 2239 138 2260 a
161 2232 225 2260 vitio
248 2232 392 2267 superbiae,
419 2239 468 2266 qua
485 2232 517 2259 de
531 2231 672 2259 virtutibus
690 2236 802 2265 tument,
819 2239 863 2258 sa·
881 2243 904 2271 Ι)
919 2230 1042 2257 subditur
1055 2229 1174 2260 diabolo,
1189 2236 1267 2262 quam
1282 2235 1330 2262 per
1343 2232 1438 2254 caetera
1456 2226 1530 2252 vitia.
1547 2225 1613 2252 Cum
1636 2224 1708 2251 onim

73 2281 169 2304 nentur
178 2285 186 2310 ;
197 2277 277 2311 etqui
287 2278 320 2304 de
329 2277 455 2304 virtutum
466 2277 605 2304 affectibus
613 2276 861 2311 existuntsuperbi,

74 2326 103 2349 ut
126 2322 233 2355 cadant,
249 2323 340 2349 carnis
353 2323 418 2349 vitio
431 2322 617 2355 humilientur,
634 2327 662 2349 ut
675 2327 795 2358 surgant.

109 2367 154 2394 14.
179 2367 327 2402 Antequam
353 2368 508 2402 perficiatur
531 2367 694 2395 adulterium
719 2368 746 2395 in
770 2375 862 2402 opere,

73 2414 127 2448 iarn
141 2413 301 2441 adulterium
314 2419 405 2442 exstat
417 2415 444 2441 in
455 2414 629 2450 cogitatione.
645 2415 683 2442 Ex
696 2415 777 2442 corde
790 2415 862 2442 enim

110 2507 138 2534 5.
153 2506 191 2534 Ex
206 2506 331 2541 Gregor„
345 2507 394 2535 lib.
405 2515 490 2535 xxxin
501 2507 607 2540 moral..
622 2514 649 2534 c.
660 2505 687 2533 5.
703 2506 812 2534 LoAtSA.

110 2541 181 2569 ibid.
201 2540 337 2568 limmata.
351 2542 406 2575 ΔΙ..
424 2542 565 2570 humentia.
579 2545 665 2570 Αιιιν.

110 2577 138 2603 7.
154 2575 247 2611 Greg..
261 2576 308 2603 tib.
323 2583 351 2603 iv
362 2577 466 2608 Μαι-31..
482 2584 507 2604 c.
518 2577 563 2605 25.
579 2577 688 2605 Lonsa.

110 2610 181 2638 md.
197 2610 270 2638 Atii:
287 2610 413 2643 Quoniam
426 2611 556 2639 laudatur.
570 2612 656 2639 Aust·-

111 2647 156 2688 ¹¹5
179 2645 289 2679 Paulus,
305 2645 327 2672 ll
349 2645 412 2673 Cor.
437 2653 486 2673 ιιι.
510 2646 594 2674 Datus
607 2651 645 2674 eut
667 2647 731 2674 mitti
744 2647 862 2674 stimulus

75 2680 863 2746 .”m¹”.:18'i›⁶:.t;¹tt¹:t⁸.⁸.t.‘:t¹};ssmssffwm.?⁸c'ztf

48 2779 53 2786 „
75 2758 148 2788 gon,
160 2751 206 2779 lib.
220 2757 304 2778 xxxin
314 2749 419 2783 Morti..
433 2757 493 2785 cap.
509 2749 552 2778 11.
562 2746 687 2791 Pontum,
698 2751 793 2792 iuquit,
805 2756 862 2786 post

75 2789 116 2815 ιιι
127 2785 312 2814 mulionum
324 2785 444 2813 sublimia
455 2785 574 2812 stimulus
587 2793 672 2812 carm
681 2785 806 2822 amutal.
827 2785 863 2814 Et

918 2277 964 2305 ille
976 2277 1060 2304 variis
1074 2275 1250 2303 tentamentis
1265 2275 1370 2301 illectos
1385 2273 1508 2300 homines
1521 2274 1634 2298 conetur
1650 2278 1712 2304 per-

917 2328 1033 2357 vertere,
1045 2323 1130 2358 magis
1141 2329 1230 2349 tamen
1243 2319 1394 2349 moechandi
1405 2318 1568 2346 desiderium
1580 2315 1709 2350 suggerit,

917 2371 980 2406 quia
992 2375 1136 2404 utrumque
1151 2376 1245 2396 sexum
1261 2368 1288 2394 in
1302 2368 1354 2394 hoc
1367 2366 1434 2393 vitio
1447 2363 1563 2397 amplius
1576 2366 1708 2396 aegrotare

918 2415 1043 2443 intendit.

914 2506 1064 2532 meritorum
1079 2502 1140 2538 suit.
1151 2501 1262 2528 Lonsn.

952 2540 996 2566 11.
1013 2540 1098 2566 Locus
1114 2537 1188 2564 lsaiae
1203 2542 1279 2562 xxxn
1290 2534 1329 2561 sic
1344 2533 1370 2560 in
1384 2531 1508 2559 Editione
1523 2529 1631 2571 Vulgata
1642 2534 1685 2557 est
1698 2538 1706 2558 τ

916 2575 1048 2610 Accinqite
1067 2572 1164 2600 tumtm
1183 2575 1290 2600 vestros.
1306 2577 1382 2602 super
1396 2567 1474 2594 ubera
1495 2566 1619 2601 plangite.
1643 2565 1711 2599 Sep-

917 2611 1034 2645 tuaginta
1048 2618 1054 2635 2
1070 2606 1247 2645 Πιριζώσασθε
1261 2606 1373 2634 σάκκους
1387 2603 1486 2639 ὀσφύας
1499 2602 1580 2642 ὑμςῶν.
1602 2601 1646 2641 ξαὶ
1667 2602 1711 2628 ist-t

917 2650 967 2675 τῶν
981 2648 1084 2680 μαστῶν
1099 2642 1233 2670 κόπτισθι.
1250 2639 1283 2667 Id
1298 2643 1346 2672 ut,
1370 2637 1533 2672 accingimini
1547 2643 1628 2662 sactu
1643 2635 1711 2662 lum-

919 2683 962 2708 bos
977 2676 1082 2712 uestros,
1099 2682 1124 2705 et
1138 2684 1214 2712 super
1225 2675 1303 2702 ubera
1317 2673 1442 2709 ptanyite,
1463 2679 1542 2706 quem
1557 2670 1657 2703 locum,
1681 2674 1710 2698 ut

918 2717 1042 2744 instituto
1056 2720 1105 2741 suo
1119 2710 1346 2740 accommodaret,
1361 2707 1520 2736 decurtavit.
1534 2706 1643 2747 bonu.

953 2751 997 2778 19.
1021 2747 1177 2784 Augustin..
1193 2746 1240 2774 tit».
1255 2754 1264 2773 ι
1278 2746 1313 2773 dc
1324 2744 1413 2774 Serm-
1435 2742 1542 2772 Domini
1562 2741 1590 2770 in
1605 2744 1706 2774 monte.

915 2794 975 2824 cap.
999 2785 1043 2812 11.
1056 2783 1166 2823 ιοᾼιιι.
