1832 3016
98 129 152 161 8⁰9

594 125 639 155 m:
658 121 933 154 EchEStASTlclS
952 121 1094 152 OFFtctts
1112 123 1176 152 Lm.
1197 124 1228 151 ll.

1680 125 1734 153 8¹0

98 191 180 219 etiam
191 189 306 218 curiosa*
318 188 487 218 discurrunt,
504 185 645 220 loquentes
659 191 720 219 quie
735 190 787 211 non
801 190 883 218 opor·
897 181 926 210 A
938 185 1008 209 rent.
1029 181 1107 210 Unde
1133 187 1160 210 et
1180 181 1324 217 Apostolus
1341 170 1488 217 praedicans
1500 203 1508 216 .
1524 182 1562 210 ait
1577 190 1584 210 z
1611 183 1735 211 Tribulu-

99 240 164 310 ¹⁶¹3·
185 280 315 308 Praedieat
335 282 423 306 autem
447 277 517 304 idem
536 275 678 311 Apostolus
692 275 889 303 damnationem

102 327 204 355 babere
216 326 321 358 viduas,
335 332 394 359 quae
408 328 465 358 post
481 323 646 358 propositum
660 323 830 350 continentiae
842 330 890 350 nu-

97 373 163 401 bere
189 372 307 407 cupiunt.
339 370 404 397 Cum
421 370 499 400 enim,
528 365 623 404 inquit,
644 361 782 396 'luxuriatoe
796 369 890 404 suerint

97 426 124 445 tn
139 418 250 449 clu-isto,
266 416 358 443 nubere
372 415 471 448 votum,
486 414 817 455 habentes-damnationem,
829 415 890 450 quia

97 465 204 500 primam
214 462 290 497 fidem
301 462 400 488 irritam
416 462 540 497 fecerunt,
554 461 579 487 id
592 465 643 494 est,
660 462 720 495 quia
731 461 757 487 in
771 469 803 487 eo
816 459 888 495 quod

97 509 183 544 primo
193 511 332 539 voverant,
345 514 398 533 non
418 510 560 533 steterunt.
582 505 638 532 Nec
654 510 741 533 tamen
767 506 821 538 ait,
837 513 888 532 nu-

96 553 171 587 bunt,
188 553 235 580 sed
249 553 348 580 nubere
362 553 471 584 volunt·,
486 551 582 578 multas
604 551 675 578 enim
699 558 792 578 earum
809 558 888 578 revo-

95 603 140 627 cat
159 606 174 625 a
189 598 316 626 nubendo
331 597 412 633 452
427 605 480 624 non
495 604 570 624 amor
586 596 706 631 praeclari
732 595 863 630 propositi
879 617 885 628 ,

94 644 144 672 sed
164 644 252 679 aperti
270 643 411 671 dedecoris
426 643 515 670 timor.

129 690 156 717 6.
177 690 259 725 igitur
273 697 332 724 quae
346 689 449 716 nubere
464 689 557 715 volunt
571 708 578 721 ‚
594 693 620 716 et
633 688 693 716 ideo
707 696 759 715 uon
774 688 886 720 nubunt,

97 735 158 771 quia
173 735 282 769 impune
298 743 350 762 non
371 738 496 768 possunt,
519 734 560 760 11ae
583 734 683 760 melius
694 741 745 760 non
762 737 889 760 voverent

94 786 123 809 et
145 782 278 809 nuberent
299 789 380 815 quam
411 784 554 808 urerentur
571 780 594 816 (1
613 781 672 807 Cor.
699 780 760 815 vn),
786 780 812 807 id
834 785 886 812 est,

97 835 177 863 quam
200 827 304 855 occulta
329 827 436 854 namma
461 826 684 861 concupiscentiae
707 831 886 858 vastarentur,

942 227 1035 255 tionem
1049 232 1133 256 tamen
1150 230 1234 255 carnis
1250 228 1378 255 habebunt
1391 228 1539 264 'eujusmodi
1555 227 1583 264 (1
1597 229 1656 257 Cor.
1673 230 1731 264 vn).

941 272 998 300 Non
1016 278 1104 301 tamen
1121 274 1305 309 conjugiorum
1328 274 1494 301 honorabilis
1510 279 1583 301 torus
1597 279 1624 302 ct
1638 275 1733 302 imma-

940 319 1057 346 culatum
1082 320 1170 347 cubile
1190 320 1249 347 sine
1273 320 1361 347 fructu
1376 324 1417 346 est
1432 319 1526 354 (Hebr.
1540 321 1611 355 xttt).
1631 321 1734 356 Nempe

940 365 1048 392 soboles
1063 365 1126 393 inde
1140 370 1307 398 sanctorum,
1324 370 1352 393 et
1367 366 1439 400 qdod
1451 366 1574 393 laudatur
1589 368 1614 393 in
1625 368 1735 402 virgini-

941 413 995 436 tate
1006 430 1014 442 ,
1038 410 1154 444 conjugii
1179 414 1230 437 est.
1258 411 1373 444 Ideoque
1398 418 1449 438 nee
1473 415 1611 444 peccatum
1627 413 1734 446 nuptias

940 456 1054 483 dicimus
1066 478 1073 489 ,
1091 464 1141 484 nec
1154 461 1242 484 tamen
1255 464 1301 483 eas
1316 457 1388 483 hono
1401 457 1540 492 virginalis
1557 459 1733 487 continentius

939 500 982 527 vel
997 501 1077 528 etiarn
1090 501 1203 528 vidualis
1218 509 1399 536 coaequamus.
1710 520 1713 522 -

975 545 1055 581 453
1069 547 1094 574 5.
1108 546 1236 581 Coniugia
1252 551 1341 574 autem
1354 551 1454 574 tantum
1466 555 1515 582 per
1526 555 1555 576 se
1567 548 1637 576 bona
1652 554 1714 577 sunt
1727 559 1734 582 ;

940 597 1050 626 propter
1064 599 1094 619 ea
1116 599 1179 619 vero
1193 600 1253 627 quoe
1274 593 1345 619 circa
1359 592 1402 619 illa
1416 597 1489 625 sunt,
1503 594 1572 620 mala
1588 594 1663 620 stunt.
1685 594 1737 622 Per

940 637 966 664 id
981 645 1095 672 namque
1118 639 1187 664 mala
1211 639 1289 670 liunt,
1318 646 1364 672 per
1386 638 1458 673 quod
1481 639 1545 666 dicit
1570 639 1734 674 Apostolus:

942 682 992 715 Qui
1007 689 1091 709 autem
1114 691 1170 710 cum
1191 692 1271 710 uxore
1283 689 1320 710 est
1335 685 1428 719 coyitat
1441 693 1497 718 quae
1509 689 1568 712 sunt
1584 687 1671 712 mundi
1684 694 1693 717 ,·
1709 691 1737 714 et

940 728 1056 757 iterum:
1068 729 1180 764 Propter
1193 731 1389 764 fornicationem
1403 733 1574 768 unusquisque
1588 742 1661 760 suam
1674 743 1737 761 uxo-

941 783 994 801 rem
1009 775 1098 802 habeat
1120 775 1147 810 (1
1162 775 1221 803 Cor.
1237 776 1294 811 vn).
1321 778 1397 810 Quod
1423 783 1511 805 autem
1539 787 1592 806 non
1618 788 1685 806 unus
1710 785 1737 807 et

943 821 1048 854 multae,
1063 822 1110 849 sed
1123 829 1191 848 unus
1206 827 1233 849 et
1249 830 1300 849 uua
1313 824 1479 857 copulantur,
1498 824 1555 858 ipsa
1570 826 1654 859 prima
1671 825 1737 851 divi-

101 872 294 908 quas‘poenitet
311 872 497 907 professionis,
514 876 541 899 et
555 873 627 906 piget
641 872 817 904 confusionis,
829 879 888 906 quae
905 865 928 894 B
943 866 1014 894 nitus
1030 867 1100 894 sacta
1126 868 1280 903 conjunctio
1304 869 1330 895 in
1354 869 1506 903 exemplum
1522 875 1572 896 est.
1594 870 1659 897 Nam
1675 878 1737 898 cum

97 919 148 946 nisi
162 923 290 946 correctae
302 926 350 946 cor
363 918 479 953 dirigant
491 938 499 951 ,
522 922 550 945 et
565 918 611 944 Dei
629 918 724 944 timore
739 925 844 944 rursum
861 918 892 944 li-

95 965 215 992 bidinem
239 966 345 992 vincant
358 987 366 998 ,
392 966 419 992 in
435 965 546 991 mortuis
559 965 718 998 deputandae
733 970 810 997 sunt,
826 964 847 990 si
865 964 890 990 in

95 1011 198 1038 deliciis
212 1015 301 1045 agant.
338 1010 416 1038 Unde
426 1010 491 1037 dicit
507 1010 667 1044 Apostolus:
686 1010 750 1042 Quae
768 1014 851 1036 autem
866 1011 891 1036 in

93 1057 193 1084 deliciis
208 1058 271 1092 agit,
285 1057 368 1083 vivens
382 1061 482 1083 mortua
495 1060 531 1082 est
543 1055 567 1090 (1
587 1055 652 1082 Tim.
662 1055 701 1090 v),
713 1055 768 1082 s'tvc
780 1055 805 1082 in
815 1055 890 1082 labo-

94 1103 181 1135 ribus,
198 1107 277 1136 atque
299 1102 409 1136 jejuniis
431 1102 503 1128 nulla
529 1101 617 1128 cordis
639 1101 826 1133 correctione,
844 1101 890 1128 sed

96 1148 181 1183 magis
195 1149 369 1175 ostentationi
391 1155 470 1182 quam
486 1147 668 1174 emendationi
683 1146 871 1174 servientibus.

394 1213 509 1240 CAPUT
525 1213 584 1240 XX.

388 1271 427 1298 De
442 1271 595 1306 conjuyatt's.

132 1329 158 1355 t.
181 1328 218 1356 De
243 1328 392 1363 conjugatis
416 1328 459 1355 lex
486 1333 586 1355 naturae
609 1335 623 1354 a
638 1328 736 1355 saeculo
750 1331 800 1355 est.
819 1329 890 1356 Deus

94 1375 167 1402 enim
184 1374 245 1401 lecit
259 1374 343 1401 Adam
355 1393 363 1406 ,
384 1378 411 1400 et
423 1373 497 1400 dedit
510 1374 534 1400 ei
550 1373 699 1408 adjutorem
717 1374 816 1400 llevznn
829 1382 888 1401 cum

96 1419 289 1455 procreationis
313 1419 455 1446 subsecuta
471 1419 621 1450 sententia,
644 1418 887 1451 ditzeusfflrescite,

94 1470 119 1493 et
131 1465 346 1500 multiplicamini,
357 1470 382 1491 et
396 1465 490 1499 replete
503 1469 595 1491 terram
612 1464 687 1500 (Gen.
701 1465 732 1498 ι).
754 1465 806 1492 Sed
824 1465 890 1492 sacta

94 1511 187 1539 eadem
201 1512 295 1538 mulier
305 1511 378 1546 prius
389 1511 486 1538 solatio
501 1519 579 1546 quam
594 1512 717 1545 conjugio
732 1511 790 1544 suit,
806 1512 891 1539 donec

945 914 1016 942 Deus
1030 915 1166 942 bominem
1183 916 1322 951 figurasset
1334 936 1341 948 ,
1358 917 1435 951 eique
1450 925 1540 950 parem
1557 919 1737 945 necessariam

943 961 1146 994 prospexisset,
1175 969 1252 987 unam
1276 962 1309 988 de
1322 963 1404 988 costis
1419 962 1476 995 ejus
1491 967 1637 995 mutuatus,
1656 971 1736 990 unam

944 1004 982 1030 illi
1009 1005 1135 1031 seminam
1163 1006 1258 1038 linxit,
1282 1007 1374 1040 sicque
1397 1007 1480 1034 Adam
1496 1013 1522 1034 ct
1541 1009 1637 1035 mulier
1653 1009 1735 1042 lleva,

944 1051 1004 1077 unis
1020 1051 1090 1078 iuter
1112 1059 1142 1078 se
1166 1053 1265 1085 nuptiis
1281 1052 1381 1085 functi,
1407 1052 1520 1080 formant
1538 1055 1689 1082 hominibus
1703 1057 1737 1083 dc

943 1096 1055 1131 originis
1078 1098 1237 1125 auctoritate
1260 1103 1285 1125 et
1312 1099 1395 1132 prima
1423 1100 1470 1127 Dei
1490 1101 1627 1129 voluntate
1642 1110 1737 1130 sanxe-

943 1147 1015 1170 runt.
1038 1143 1102 1170 ltem
1117 1144 1264 1171 secundum
1284 1145 1437 1179 spirituales
1451 1147 1572 1181 nuptias,
1588 1147 1655 1175 sicut
1670 1156 1738 1176 unus

943 1189 1066 1216 Christus
1089 1194 1115 1216 et
1138 1197 1188 1216 uua
1205 1190 1325 1217 Ecclesia
1338 1211 1345 1224 ,
1372 1192 1411 1218 sic
1427 1200 1494 1220 unus
1509 1193 1550 1220 vir
1561 1198 1588 1220 et
1605 1202 1655 1220 una
1669 1202 1737 1222 uxor

943 1239 997 1260 tam
1013 1235 1159 1262 secundum
1171 1236 1277 1270 generis
1293 1236 1484 1264 documentum
1496 1246 1573 1272 quam
1589 1240 1737 1268 secundum

942 1278 1039 1307 Christi
1054 1285 1263 1308 sacramentum.

977 1328 1004 1354 4.
1025 1328 1157 1355 Numerus
1177 1333 1266 1356 autent
1289 1330 1451 1357 matrimonii
1472 1338 1486 1357 a
1512 1331 1655 1359 maledicto
1679 1334 1739 1362 viro

941 1374 1033 1406 coepit.
1056 1375 1159 1400 Primus
1187 1375 1303 1402 Lamech
1327 1375 1431 1403 duabus
1458 1377 1598 1404 maritatus
1628 1384 1682 1405 tres
1708 1381 1735 1407 in

942 1427 1022 1446 unam
1040 1427 1149 1447 caruem
1175 1419 1273 1447 effecit.
1294 1421 1346 1448 Sed
1361 1421 1435 1448 dices
1450 1423 1522 1457 quod
1536 1427 1563 1450 et
1579 1425 1737 1457 patriarchae

945 1465 1024 1492 simul
1050 1465 1172 1500 pluribus
1198 1467 1326 1494 uxoribus
1345 1467 1387 1494 usi
1411 1473 1490 1501 sunt;
1514 1477 1577 1504 ergo
1597 1476 1738 1504 propterea

944 1511 1036 1538 licebit
1052 1512 1128 1538 nobis
1145 1513 1234 1546 plures
1249 1513 1358 1540 ducere.
1380 1514 1450 1541 Sane
1467 1514 1570 1546 licebit,
1598 1516 1618 1542 si
1635 1517 1679 1550 qui
1692 1516 1738 1543 ad-

94 1564 109 1584 a
125 1557 250 1591 paradiso
259 1557 438 1584 inobedientia
449 1556 558 1591 ejiceret
570 1564 636 1591 quos
652 1557 721 1584 intra
735 1557 888 1591 paradisum
903 1547 928 1579 C
944 1558 996 1584 huc
1010 1557 1066 1592 typi
1082 1557 1194 1592 alicujus
1218 1557 1299 1585 futuri
1325 1560 1485 1586 sacramenti
1501 1565 1663 1594 supersunt,
1682 1562 1738 1596 qui-

94 1603 247 1631 obedieutia
270 1603 420 1636 tenuisset,
446 1611 478 1630 ac
499 1608 558 1638 post
570 1603 656 1630 beatae
672 1603 745 1630 sedis
763 1610 888 1630 excessus

96 1649 237 1676 mulierem
264 1656 339 1676 suam
366 1649 457 1683 pulsus
482 1654 659 1683 agnosceret,
673 1649 741 1676 libro
753 1649 888 1676 Geneseos

93 1694 224 1722 edocente
238 1703 244 1722 z
261 1694 295 1720 Et
316 1695 433 1730 cognovit
457 1695 539 1721 Adam
554 1695 684 1722 mulierem
699 1703 782 1728 suam,
794 1700 816 1722 et
828 1703 889 1722 cott-

95 1741 170 1774 cepit,
185 1746 208 1767 et
223 1742 320 1775 peperit
337 1741 419 1775 filium
431 1741 509 1777 (Gen.
525 1743 573 1777 tv).

130 1785 157 1813 2.
179 1787 250 1820 Ergo
265 1786 399 1821 adiectum
423 1787 541 1815 laborem
567 1788 665 1821 nuptia:
681 1791 887 1822 praecesserunt,

96 1836 124 1859 et
140 1832 255 1859 tribulos
271 1834 416 1868 spinasque
441 1834 543 1867 passuri
557 1834 670 1868 praevios
688 1834 810 1868 adiecere
825 1842 889 1861 con-

94 1883 208 1910 ventus;
232 1882 324 1905 secuta
350 1878 376 1905 in
403 1879 636 1913 procreationibus
662 1880 755 1912 taedia;
778 1881 848 1908 unde
862 1885 889 1908 et

95 1923 221 1958 pariturae
237 1925 289 1951 tale
313 1926 450 1959 praecessit
465 1926 599 1953 edictum:
620 1925 653 1953 111
673 1926 773 1959 dolore,
791 1928 887 1962 iuquit,

95 1975 118 1998 et
127 1980 232 1999 moerore
243 1973 326 2006 paries
337 1972 405 2007 filios
418 1973 493 2007 (Gen.
509 1973 565 2008 nt);
579 1981 645 2008 quos
656 1975 747 2009 utique
762 1975 800 2002 sic
814 1982 888 2002 crea·

97 2023 139 2045 tos
155 2018 254 2045 diversi
281 2018 328 2053 (ut
352 2019 502 2054 cernimus)
517 2026 595 2047 casus
615 2020 753 2055 luctusque
765 2020 889 2055 subripe-

131 2087 157 2114 6.
180 2086 249 2118 Quas
262 2087 375 2121 poenitet,
390 2091 442 2114 cle.
455 2087 510 2119 Al„
525 2095 589 2120 quas
610 2088 709 2121 penitus
723 2088 888 2122 professionis

96 2123 179 2157 [orma
191 2122 313 2151 declarat.
329 2123 371 2149 sed
392 2123 459 2157 piqet
475 2124 643 2158 confusionis,
663 2127 714 2150 etc.
733 2124 765 2149 Ει
781 2124 806 2149 in
823 2124 886 2158 line,

96 2158 267 2184 emendationi
282 2158 400 2183 serviens.
416 2159 501 2184 Anev.

130 2192 196 2219 Cn.
221 2200 267 2219 xx.
293 2192 326 2218 N.
352 2193 377 2219 l.
397 2193 511 2219 Grialius
535 2193 676 2228 distinguit
698 2194 830 2222 tenuisset.
850 2195 887 2221 Aa

97 2232 163 2261 post.
180 2231 232 2255 etc.
247 2227 310 2259 Alii.
325 2227 453 2255 tenuisset.
481 2227 531 2254 Hic
547 2233 603 2262 post
628 2229 707 2255 beatae
723 2229 790 2256 sedis
802 2237 887 2257 exces-
901 2243 929 2274 D

96 2270 153 2290 sum
166 2263 280 2290 mulieris
293 2270 345 2289 suoe
358 2263 458 2297 pulsum
470 2265 633 2298 agnoscebat.
646 2265 734 2291 Ant-zv.

131 2297 158 2324 Ξ.
179 2297 374 2324 Proecemrum.
389 2299 442 2330 Al..
457 2303 642 2333 expresserunt.
661 2302 743 2327 Auev.

133 2331 161 2359 5.
183 2332 266 2359 Unam
283 2334 314 2359 de
333 2333 408 2359 costis
429 2334 485 2369 ejus
500 2339 630 2361 mutuatus
646 2334 683 2360 vir
697 2335 722 2361 in
737 2335 797 2370 sem.
817 2336 886 2370 secie.

97 2367 224 2398 Terina..
238 2368 264 2393 in
280 2367 327 2395 lib.
348 2369 381 2395 de
400 2369 550 2404 Monogami.
565 2377 573 2396 ε
592 2369 675 2395 Unam
692 2370 812 2403 seminam
832 2380 887 2398 ma-

99 2402 169 2428 scula
183 2401 249 2428 Deus
263 2402 349 2436 lin-tit,
364 2410 415 2430 una
425 2409 494 2430 costa
508 2405 563 2438 ejtts
577 2405 706 2439 decerpta,
723 2410 746 2431 et
757 2406 844 2439 utique
856 2415 888 2434 ea:

100 2436 226 2470 pluribus.
241 2441 307 2469 etc„
321 2444 380 2471 qttae
406 2438 499 2466 eadem
524 2441 550 2465 in
569 2439 760 2468 Exhortatione
771 2442 887 2474 dixerat,

100 2475 238 2505 totumque
252 2471 338 2511 locum
354 2471 530 2509 Hieronymus
548 2474 598 2501 sibi
620 2475 748 2503 adversus
766 2476 886 2504 Jovinia-

101 2513 163 2533 num
178 2510 287 2539 aptavit.
304 2505 398 2535 Gaul..

138 2540 206 2568 ibid.
226 2540 292 2567 tuem
310 2542 450 2569 secundum
459 2543 604 2577 spirituales
615 2550 687 2579 nupt.
703 2546 775 2574 ldem
792 2547 818 2574 in
836 2547 887 2574 Ex-

102 2575 274 2603 hortatione:
289 2576 321 2602 At
340 2583 397 2604 cum
417 2577 554 2612 Apostolus
573 2579 600 2606 in
618 2579 760 2608 Ecclesiam
771 2587 795 2608 et
811 2581 887 2609 Chri-

101 2616 168 2638 stum
178 2611 370 2645 interpretatur,
384 2616 457 2638 erunt
469 2612 520 2638 duo
539 2614 568 2640 in
584 2620 661 2641 earne
671 2624 733 2649 una,
747 2618 888 2645 secundum

101 2646 247 2682 spiritualer
268 2646 371 2680 nuptias
383 2645 504 2674 Ecclesia:
515 2651 543 2674 σι
555 2646 662 2681 Christi,
679 2658 745 2678 unus
758 2650 885 2687 corium,

65 2711 70 2714 ¹
103 2685 127 2708 st
138 2689 191 2708 una
204 2682 260 2717 ejus
276 2680 402 2714 Ecclesia,
417 2689 554 2716 agnoscere
563 2683 682 2711 debemus
693 2685 851 2719 duplicatam
864 2692 888 2715 ει

99 2721 282 2787 53⁹3ssssssss
291 2715 889 2787 *1:322‚tzttzxrfflzatt'ttxtttttmtm}

116 2780 118 2782 ,
503 2773 512 2786 s
804 2771 814 2782 ¹

99 2785 302 2822 'fit-numentum.
317 2785 411 2814 Gatttt..

137 2821 166 2850 Ι.
187 2821 316 2848 Numerus
340 2825 425 2848 autem
447 2823 614 2855 matrimonii.
629 2831 714 2859 usque
727 2824 760 2852 ad
774 2823 888 2862 finiren-

103 2860 157 2892 tur,
172 2857 254 2885 verbs
267 2856 438 2889 Tertulliani..
450 2857 529 2890 ibid..
543 2863 570 2886 et
586 2859 739 2894 Hieronymi
752 2881 759 2894 ,
773 2869 780 2889 ι
795 2867 888 2891 eontra

244 2904 379 2934 Parnoi..
395 2903 572 2936 Lxxxlu.

941 1603 990 1630 bus
1004 1603 1095 1637 plures
1110 1604 1210 1637 nuptiae
1224 1603 1382 1638 figurentur.
1405 1604 1543 1633 Secund-‘ts
1560 1611 1648 1633 autem
1669 1615 1738 1641 nup-

942 1651 991 1677 tias
1007 1654 1117 1684 propter
1140 1649 1359 1677 incontinentiam
1372 1651 1450 1686 Jubet
1470 1652 1614 1686 Apostolus
1631 1653 1656 1684 (Ι
1674 1653 1735 1681 Cor.

939 1695 988 1730 vn)
1002 1704 1008 1728 ;
1023 1696 1118 1723 melius
1131 1700 1172 1722 est
1186 1696 1257 1736 enim
1280 1696 1368 1723 denuo
1384 1697 1429 1723 uui
1446 1697 1503 1724 viro
1526 1698 1638 1732 nubet-c,
1656 1706 1736 1733 quam

894 1762 895 1765 .
940 1742 1080 1776 explendae
1105 1742 1225 1769 libidinis
1253 1750 1333 1770 causa
1358 1751 1419 1770 cum
1447 1744 1570 1778 plurimis
1597 1745 1734 1773 fornicari.

941 1788 1044 1823 Saepius
1060 1789 1132 1816 enim
1147 1788 1265 1815 nubendi
1279 1788 1385 1816 licentia
1398 1790 1453 1824 iam
1469 1797 1523 1817 non
1532 1794 1573 1817 est
1587 1791 1734 1826 religionis¹

941 1835 990 1862 sed
1004 1835 1132 1862 criminis.

982 1880 1008 1907 5.
1030 1881 1095 1908 Nam
1111 1881 1182 1915 quod
1205 1881 1230 1907 in
1242 1881 1298 1915 ipsa
1314 1882 1502 1917 conjunctione
1518 1884 1650 1911 connubia
1665 1891 1679 1910 a
1693 1892 1735 1912 sa-

942 1927 1055 1955 cerdote
1079 1927 1285 1961 benedicuntur,
1310 1929 1362 1955 hoc
1376 1930 1457 1956 etiam
1473 1937 1487 1956 a
1502 1929 1558 1957 Deo
1570 1930 1595 1957 in
1614 1931 1669 1965 ipsa
1685 1932 1736 1965 pri-

942 1981 986 2001 ma
1000 1974 1155 2001 conditione
1170 1973 1309 2001 hominum
1326 1974 1407 2010 454,
1423 1975 1520 2003 iactum
1537 1981 1595 2009 est,
1610 1977 1648 2004 sic
1662 1979 1735 2006 enim

942 2021 1069 2056 scriptum
1097 2025 1157 2048 est:
1181 2019 1253 2047 Fecit
1283 2021 1351 2048 Deus
1374 2022 1523 2049 hominem:
1539 2023 1573 2050 ad
1598 2024 1735 2061 imaqittem

941 2088 1074 2116 Jovinian.
1089 2089 1185 2116 GntAr..

977 2124 1048 2150 Ibid.
1065 2124 1198 2155 Secundus
1212 2129 1295 2151 autem
1307 2128 1395 2158 nupt„
1411 2132 1496 2161 usque
1506 2126 1538 2153 ad
1560 2135 1611 2155 non
1626 2133 1662 2156 est
1674 2130 1735 2158 reli-

941 2159 1035 2194 qiom's,
1060 2159 1103 2186 sed
1128 2161 1242 2186 criminis
1253 2179 1260 2191 ,
1277 2160 1402 2187 dicuntur
1415 2168 1448 2188 ex
1464 2161 1619 2198 llieronymi
1639 2172 1733 2199 sensu,

941 2203 994 2222 non
1023 2195 1067 2230 qut
1094 2195 1232 2229 digamos,
1258 2200 1304 2221 aut
1330 2196 1408 2222 etiam
1425 2202 1580 2231 octogamos
1595 2199 1636 2232 (ut
1650 2200 1734 2232 ipsius

941 2231 1030 2257 verbis
1046 2230 1117 2265 utar)
1133 2231 1258 2262 damnet,
1275 2230 1322 2256 scd
1339 2232 1382 2264 qui
1399 2232 1552 2259 coelibaturn
1578 2239 1604 2260 et
1619 2234 1735 2263 viduita-

943 2270 997 2293 tem
1013 2265 1137 2300 conjugio
1152 2266 1230 2300 longe.
1245 2266 1374 2294 antistare
1385 2267 1459 2295 velit.
1495 2267 1576 2301 Cujus
1590 2270 1670 2295 verba
1683 2271 1735 2297 ali-

941 2306 1041 2345 quanto
1056 2301 1135 2327 etiam
1153 2301 1277 2328 liberiora
1287 2309 1366 2336 quam
1382 2302 1439 2329 baec
1449 2307 1512 2329 sunt
1524 2304 1614 2330 retulit
1627 2311 1734 2339 quoque

942 2337 1095 2368 brutianus,
1107 2335 1152 2368 5¹,
1167 2344 1194 2371 q.
1212 2337 1238 2366 l.
1254 2343 1314 2370 cap.
1332 2337 1476 2369 Quomodo.
1491 2337 1586 2365 cmi..

977 2372 1004 2400 5.
1027 2371 1102 2405 Quod
1113 2379 1170 2397 vero
1191 2372 1280 2397 iisdem
1297 2371 1436 2406 virqinibus
1452 2373 1560 2406 leqitime
1580 2374 1735 2402 nubentibus

942 2409 1058 2434 univiroe.
1071 2406 1197 2438 Tertull.,
1212 2407 1237 2432 in
1249 2406 1363 2432 Exhort.
1373 2406 1553 2442 :Mottoqamt'a
1567 2409 1637 2439 apua
1651 2410 1734 2437 ethni-

941 2451 984 2469 cos
999 2443 1025 2468 in
1039 2449 1137 2467 summo
1153 2441 1251 2467 honore
1264 2445 1310 2472 est.
1322 2445 1350 2466 at
1365 2445 1390 2466 et
1400 2442 1539 2476 virqinibus
1556 2443 1667 2478 legitime
1680 2453 1733 2472 mt-

942 2478 1056 2504 bentibus
1067 2476 1166 2502 univira
1180 2475 1296 2511 pronuba
1316 2475 1483 2509 adluantur,-
1499 2477 1546 2503 etsi
1561 2479 1670 2512 auspicii
1683 2481 1735 2507 im'-

942 2514 1006 2540 tium
1017 2516 1063 2543 est,
1075 2515 1160 2537 tamen
1182 2511 1243 2536 boni
1257 2510 1399 2544 auspicium
1413 2515 1460 2538 est.
1489 2512 1525 2538 lta
1541 2513 1611 2540 enim
1626 2514 1735 2542 Tertul-

941 2548 1005 2575 liani
1031 2547 1098 2573 ratio
1122 2545 1254 2579 explenda
1282 2549 1325 2572 est
1349 2552 1381 2572 ex
1407 2546 1457 2572 hoc
1484 2547 1554 2574 loco.
1574 2549 1650 2582 Quod
1678 2558 1732 2578 no„

942 2583 1041 2610 vidisse
1057 2581 1100 2616 qui
1126 2581 1153 2607 in
1176 2588 1209 2608 eo
1232 2580 1401 2607 emendando
1414 2581 1589 2616 laborarunt,
1605 2591 1692 2620 neque
1703 2586 1733 2614 in

942 2618 1091 2650 interrupta
1116 2620 1144 2643 et
1169 2615 1295 2649 pendenti
1316 2615 1450 2643 sententia
1467 2618 1612 2652 quidquam
1627 2619 1734 2649 deside-

941 2660 1028 2685 rasse,
1042 2651 1120 2678 valde
1133 2651 1225 2678 miror.
1240 2651 1336 2678 omn„

978 2688 1048 2715 thid.
1066 2686 1091 2713 N
1095 2686 1237 2717 ubentttms,
1252 2690 1306 2713 ete.
1321 2685 1363 2713 ΑΙ.
1374 2708 1382 2721 ,
1398 2687 1548 2715 nubentibus
1557 2696 1609 2716 una
1633 2691 1733 2719 univiro

942 2724 1050 2751 tenenda
1062 2723 1103 2752 sit.
1119 2721 1272 2748 adhibentur
1282 2729 1330 2757 pro
1339 2727 1432 2757 nuptu.
1453 2723 1495 2750 Al.
1505 2745 1512 2756 ‚
1525 2723 1676 2753 nubentibus
1687 2727 1733 2754 uni

942 2760 996 2786 atro
1014 2756 1136 2792 pronubae
1151 2756 1338 2785 ,adhibentur..
1349 2776 1356 2784 .
1368 2776 1374 2783 .
1400 2758 1459 2786 boni
1477 2759 1586 2794 auspicii
1607 2765 1655 2788 est.
1679 2760 1732 2789 Pro

941 2794 1035 2856 'dim'
1046 2793 1199 2854 coAujectura
1214 2796 1256 2819 est
1271 2792 1298 2820 in
1321 2791 1446 2822 Editione
1460 2794 1602 2830 Bigntesna
1614 2815 1622 2830 ‚
1643 2795 1691 2823 Ιιοο
1701 2796 1732 2831 fit

941 2830 978 2856 sci
990 2829 1047 2856 icet.
1087 2835 1147 2855 nav.
1442 2832 1445 2834 '
1478 2836 1481 2838 ·

1496 2902 1532 2938 26
