1832 3016
149 194 202 224 72⁷

147 297 304 332 Cupiditate,
319 294 380 321 dum
396 293 508 328 praemio
523 293 641 321 muneris
657 293 771 327 alicujus
786 296 936 330 corrumpi-

146 351 214 371 mur.
230 341 306 373 Odio,
318 340 379 366 dum
392 343 483 366 contra
494 338 642 373 quemlibet
653 338 788 366 adversari
799 340 933 370 molimur.

144 391 252 420 Amore,
268 387 330 414 dum
344 386 430 413 amico
450 385 491 412 vel
507 386 662 420 propinquis
682 390 809 420 prestare
821 390 935 414 conten-

143 435 241 462 dimus.
258 433 304 460 His
318 432 387 460 enim
403 435 517 466 quatuor
527 432 616 459 causis
629 439 701 467 saepe
716 433 828 468 aequitas
847 432 934 461 viola-

142 485 196 514 tur,
213 487 284 514 saepe
295 478 448 507 innocentia
461 477 575 505 laeditur.

442 545 556 573 CAPUT
574 544 628 573 Lv.

453 591 490 617 De
510 591 622 618 testibus.

178 641 204 667 i.
224 640 256 666 Et
271 639 292 666 si
305 637 474 665 mendacium
486 639 569 672 gratis
581 637 689 669 dicitur,
701 641 801 671 quanto
815 636 899 671 magis
910 637 933 663 si

138 686 231 713 venale
247 685 391 720 quaeritur?
417 683 507 719 Neque
523 684 594 711 enim
609 683 696 710 deerit
711 683 849 716 multiplex
866 689 933 709 con-

138 737 234 759 ventus
243 730 411 762 salsorum‚si
425 734 526 756 tantum
540 729 681 764 praesentia
698 729 731 756 sit
745 735 930 755 nummorum.

171 788 198 814 2.
219 787 305 814 Testis
322 785 458 813 falsidicus
479 785 563 812 tribus
586 789 627 812 est
643 785 765 819 personis
787 784 930 812 obnoxius.

137 833 254 859 Primum
270 832 335 864 Deo,
350 839 429 866 quem
446 830 608 865 perjurando
629 830 794 862 contemnit;
812 829 931 857 secundo

135 879 227 913 iudici,
243 886 320 913 quem
337 877 491 904 mentiendo
514 877 600 910 sallit;
621 880 758 911 postremo
782 875 919 903 innocenti

136 932 213 959 quem
230 924 296 951 salso
313 924 467 950 testimonio
482 922 564 949 laedit.

170 971 197 998 5.
218 971 305 998 Unum
331 978 398 1004 pene
416 970 517 997 crimen
539 969 648 1002 habent,
669 974 697 996 et
722 969 765 1003 qui
790 968 931 996 salsitatem
946 958 971 988 Β

135 1017 243 1051 promit,
260 1021 286 1044 et
301 1017 344 1050 qui
360 1016 502 1050 supprimit
524 1015 677 1048 veritatem,
692 1015 753 1049 quia
766 1014 810 1041 ille
835 1015 932 1042 obesse

136 1063 203 1095 vult,
220 1066 247 1089 ει
266 1062 317 1089 iste
340 1062 467 1096 prodesse
486 1069 539 1088 non
554 1061 621 1088 vult.
634 1060 715 1095 Pejor
737 1065 777 1087 est
792 1061 867 1087 testis
887 1061 932 1095 qui

135 1099 206 1134 laed'it
221 1114 299 1142 quam
313 1107 356 1141 qui
370 1110 497 1141 praestare
510 1114 562 1134 non
578 1106 645 1134 vult.
658 1105 725 1133 Nam
738 1106 783 1132 ille
798 1105 930 1140 malignus

134 1158 184 1185 est,
199 1154 247 1180 istc
263 1153 372 1180 inutilis.

169 1199 250 1235 349
264 1199 290 1226 4.
312 1200 436 1228 ‘restibus
453 1200 526 1227 falsis
543 1199 692 1234 conjunctis
709 1198 783 1226 tarde
795 1198 930 1226 mendacii

133 1245 234 1272 salsitas
251 1247 394 1280 reperitur.
410 1246 486 1280 Quod
503 1246 526 1273 si
541 1245 657 1281 separati
671 1245 783 1278 suerint,
805 1244 931 1272 examine

131 1290 276 1324 judicantis
291 1291 344 1317 cito
358 1291 583 1319 manifestantur.
599 1292 664 1318 Nam
681 1291 750 1319 sicut
774 1291 800 1317 in
827 1290 930 1318 unitate

133 1343 276 1370 pravorum
301 1337 409 1371 grandis
433 1341 474 1364 est
499 1336 638 1369 fortitudo,
655 1336 691 1364 ita
714 1337 741 1363 iu
757 1336 929 1370 separatione

134 1382 221 1416 major
237 1382 389 1409 infirmitas.

170 1428 196 1455 5.
218 1428 413 1455 Fraudulentiae
437 1429 491 1455 cito
505 1427 710 1462 reprehenditur
733 1427 902 1454 mendacium
916 1446 925 1459 ,

134 1474 319 1502 falsidicorum
334 1475 406 1502 enim
425 1474 606 1501 testimonium
623 1473 674 1500 sibi
690 1480 744 1500 non
759 1473 895 1500 convenit.

167 1530 195 1558 6.
215 1530 324 1565 iniquus
341 1530 429 1562 testis,
445 1529 567 1564 quamvis
579 1535 625 1555 sua
640 1528 756 1555 falsitate
767 1527 872 1561 corpori
885 1535 927 1555 re-

130 1576 233 1611 busque
254 1576 389 1611 impediat,
415 1575 505 1602 animo
519 1578 609 1601 tamen
636 1573 703 1600 nihil
725 1573 814 1600 damni
830 1574 926 1601 confe-

130 1626 183 1649 ret.
211 1622 271 1649 Erit
285 1625 374 1649 autem
394 1620 438 1647 ille
453 1620 523 1654 apud
548 1620 632 1646 Deum
652 1618 857 1650 condemnatus,
878 1618 925 1653 qui
941 1641 964 1672 C

129 1668 259 1695 adversus
284 1668 452 1694 innocentem
468 1666 563 1692 l'alsum
584 1664 766 1692 testimonium
788 1663 832 1690 vel
847 1664 921 1696 dicit,

129 1714 172 1741 vel
186 1712 336 1740 dicentibus
350 1711 446 1738 credit.
464 1711 529 1738 Nam
555 1717 608 1737 non
624 1709 711 1736 solum
732 1708 778 1736 ille
797 1716 858 1736 reus
871 1714 923 1742 est,

129 1759 173 1793 qui
190 1757 285 1785 falsum
306 1757 339 1784 de
353 1756 406 1783 alio
420 1756 534 1790 profert,
550 1755 597 1782 sed
612 1758 639 1782 et
654 1754 677 1781 is
690 1754 736 1789 qui
756 1754 809 1781 cito
829 1761 923 1781 aurem

128 1803 285 1830 criminibus
300 1802 414 1836 praebet.

158 1843 191 1870 Δ7.
211 1843 261 1875 Qui
279 1848 352 1869 metu
371 1842 512 1876 potestatis
533 1841 675 1868 veritatem
695 1840 824 1872 occultat,
851 1840 925 1873 cius-

128 1889 190 1916 dem
206 1887 325 1915 veritatis
340 1886 505 1914 iracundiam
520 1886 571 1913 sibi
585 1886 693 1913 coelitus
708 1889 848 1918 provocat,
860 1885 924 1919 quia

128 1934 187 1968 plus
202 1933 365 1968 pertimescit
379 1932 515 1959 hominem
526 1938 606 1966 quam
622 1931 739 1958 divinam
751 1930 868 1964 trepidat
881 1931 924 1957 in-

128 1980 320 2014 dignationem.
341 1979 439 2006 Beatus
459 1978 535 2013 cujus
558 1978 713 2005 testimonio
736 1977 866 2004 innocens
889 1977 924 2005 ab

129 2026 231 2054 scelere
245 2026 351 2060 objecto
367 2029 510 2060 purgatur;
537 2024 644 2058 impius,
665 2023 743 2058 cujus
771 2023 924 2057 proditione

126 2073 206 2099 etiam
221 2072 327 2107 iniquus
342 2071 493 2106 perimitur.
508 2070 598 2105 Neque
611 2070 683 2097 enim
702 2069 780 2097 decet
795 2069 924 2096 Christia-

126 2125 189 2144 num
212 2118 291 2144 morti
315 2117 462 2145 obnoxium
478 2116 603 2151 prodere,
627 2119 655 2142 et
678 2115 712 2142 ad
732 2114 922 2142 effundendum

127 2163 283 2196 sanguinem
306 2161 454 2189 infelicium
469 2169 561 2189 vocem
579 2160 775 2188 testificationis
791 2161 922 2195 praebere.

128 2207 224 2234 Sermo
245 2207 318 2233 enim
338 2207 403 2241 iusti
422 2206 540 2234 hominis
564 2210 666 2233 tantum
688 2206 721 2231 ad
743 2205 922 2233 ministerium

129 2253 209 2280 debet
223 2260 283 2280 esse
302 2253 410 2285 salutis;
432 2252 470 2279 ira
485 2252 556 2279 euim
577 2250 768 2284 indignationis
787 2254 813 2277 et
837 2250 922 2278 tribu-

125 2299 246 2331 tationis,
262 2303 289 2326 et
303 2297 482 2326 immissiones
495 2303 544 2331 per
560 2295 668 2329 angelos
683 2295 778 2321 malos.

661 189 690 218 S.
713 188 836 219 tsluottl
855 190 1077 221 tttsracmsts
1096 186 1251 222 Episcopi

147 257 220 282 metu
233 251 369 288 potestatis
381 246 493 282 alieuius
507 247 651 275 veritatem
666 248 739 282 loqui
755 249 935 282 pavescimus.
951 252 979 284 Α

1726 188 1780 223 m

1281 249 1394 278 CAPUT
1411 247 1479 279 Lvt.

1286 296 1325 324 De
1335 297 1482 324 causidicis.

1024 343 1051 371 1.
1066 343 1238 380 Negotiorum
1253 343 1400 372 sorensium
1414 347 1562 372 sectatores
1574 347 1685 380 propter
1693 343 1780 379 proxi-

987 388 1025 415 mi
1038 388 1206 416 dilcctionem
1221 389 1350 417 saeculare
1369 389 1504 425 negotium
1527 389 1653 417 deserere
1665 389 1778 422 debent.

987 438 1035 461 aut
1047 439 1128 467 certe,
1142 440 1267 462 manente
1281 435 1393 469 proximi
1415 435 1557 469 charitate,
1574 436 1708 471 negotium
1733 442 1780 463 se-

988 483 1104 514 quautur
1130 484 1276 508 terrenum.
1303 480 1355 508 Sed
1371 481 1432 516 quia
1449 488 1586 516 perrarum
1600 485 1642 509 est
1657 485 1687 508 ut
1709 481 1780 510 inter

986 525 1123 560 jurgantes
1137 526 1254 553 charitas
1269 531 1385 561 maneat,
1401 528 1583 562 postponenda
1596 532 1638 555 est
1655 527 1696 555 rei
1716 534 1780 555 cau-

988 572 1066 603 satio,
1082 576 1110 598 ut
1124 577 1279 606 perseveret
1292 572 1412 600 dilectio.

1023 627 1051 654 2.
1073 628 1181 663 Antiqui
1198 629 1332 656 sorensem
1346 629 1524 664 eloquentiam
1541 629 1662 657 caninam
1689 630 1781 657 l'acun-

987 674 1058 701 diam
1083 675 1282 710 nuncupabant,
1298 675 1380 711 350
1394 683 1426 703 eo
1441 676 1511 709 quod
1536 675 1665 703 causidici
1681 675 1708 702 in
1722 683 1781 703 cer-

988 720 1132 748 taminibus
1147 729 1300 755 causarum,
1324 721 1432 749 omissis
1445 729 1505 757 quae
1521 726 1613 757 agunt,
1631 721 1712 749 veluti
1736 728 1780 749 ca-

987 773 1035 793 nes
1048 766 1206 794 alterutrum
1218 775 1278 794 sese
1294 767 1425 800 lacerant,
1439 767 1579 803 jurgiaque
1593 774 1733 795 causarum
1745 766 1779 794 ad

987 811 1098 846 injurias
1110 819 1173 840 suas
1185 817 1362 840 commutant.

1269 879 1380 907 CAPUT
1398 879 1476 907 Lvn.

1179 925 1217 953 De
1232 926 1424 962 oppressoribus
1438 927 1596 961 pauperum.'

1024 972 1049 999 1.
1071 971 1222 1007 Pauperum
1241 980 1416 1007 oppressores
1432 977 1494 1000 tuuc
1509 980 1539 1000 se
1559 973 1646 1000 sciant
1661 972 1779 1008 graviori

985 1017 1081 1053 dignos
1105 1018 1250 1051 sententia,
1276 1019 1383 1053 quando
1409 1018 1598 1053 praevaluerint
1624 1019 1665 1046 his
1681 1019 1779 1054 quibus

985 1071 1083 1091 nocere
1100 1065 1245 1092 voluerint.
1271 1065 1336 1092 Nam
1353 1069 1427 1092 tanto
1442 1065 1558 1092 atrocius
1573 1064 1662 1092 futuro
1675 1064 1779 1099 suppli-

984 1109 1027 1136 cio
1038 1110 1233 1138 condemnandi
1249 1116 1320 1143 sunt,
1338 1116 1437 1145 quanto
1451 1111 1495 1139 hic
1510 1111 1605 1138 l'ortius
1618 1114 1711 1138 contra
1725 1110 1778 1138 mi-

984 1162 1105 1183 serorum
1120 1157 1201 1183 vitam
1215 1156 1383 1184 invaluerint.

1019 1213 1047 1240 2.
1068 1213 1183 1241 Audiam
1196 1214 1309 1248 judices,
1333 1218 1360 1241 et
1373 1214 1419 1250 qui
1443 1217 1563 1249 praesunt
1583 1213 1699 1248 populis,
1715 1212 1777 1248 quia

983 1268 1033 1296 pro
1048 1261 1242 1295 temporalibus
1256 1261 1397 1294 molestiis,
1420 1269 1487 1296 quas
1503 1261 1624 1295 plebibus
1639 1260 1774 1295 ingerunt,

948 1323 950 1325 »
983 1310 1085 1333 :eterno
1099 1306 1222 1333 incendio
1236 1306 1436 1337 cremabuntur,
1453 1309 1570 1333 testante
1594 1304 1708 1332 Domino
1729 1311 1777 1339 per

983 1352 1078 1379 Isaiam
1109 1352 1266 1386 prophetam
1292 1362 1298 1380 ε
1332 1362 1341 1378 ε
1358 1352 1459 1385 iratus,
1485 1351 1582 1386 inquit,
1615 1358 1674 1378 sum
1697 1357 1777 1385 supet·

983 1399 1111 1432 populum
1126 1406 1226 1432 meum,
1243 1402 1269 1425 et
1290 1398 1350 1425 dedi
1366 1405 1414 1425 eos
1428 1398 1454 1424 in
1471 1404 1552 1424 manu
1567 1401 1630 1428 tua;
1648 1403 1700 1423 uon
1727 1402 1776 1430 po-

983 1445 1062 1472 suisti
1078 1445 1118 1471 eis
1133 1444 1360 1476 misericordiam,
1372 1444 1419 1471 sed
1434 1443 1583 1478 aggravasti
1594 1443 1687 1477 jugum
1701 1446 1776 1469 tuum

983 1490 1071 1517 valde.
1087 1490 1223 1517 Descende
1239 1490 1265 1517 iu
1290 1490 1411 1524 pulvere,
1427 1490 1502 1521 sede,
1519 1492 1578 1515 tace
1600 1492 1628 1515 et
1654 1487 1725 1514 intra
1747 1487 1775 1515 in

982 1537 1117 1564 tenebras.
1132 1536 1229 1564 Veniet
1242 1544 1323 1571 super
1337 1541 1362 1563 te
1385 1535 1496 1568 matum,
1510 1540 1537 1562 et
1562 1534 1683 1567 nescies;
1698 1538 1726 1562 et
1741 1533 1777 1561 ir-

981 1587 1041 1610 ruet
1055 1591 1137 1617 super
1153 1587 1179 1610 te
1193 1583 1333 1610 calamitas
1346 1589 1427 1617 quam
1453 1587 1507 1608 non
1531 1580 1633 1614 poteris
1655 1580 1775 1615 expiare.

982 1628 1076 1656 Veniet
1104 1636 1185 1663 supet·
1215 1634 1241 1656 te
1263 1632 1375 1662 repente
1397 1626 1505 1654 miseria
1537 1633 1618 1661 quam
1645 1625 1733 1654 nescis
1762 1634 1773 1651 ι

981 1674 1058 1710 (Ioui.
1074 1682 1156 1706 xcvii,
1172 1674 1210 1709 5).

1016 1732 1043 1759 3.
1066 1731 1148 1766 Magis
1163 1730 1232 1758 mala
1249 1729 1407 1757 facientibus
1421 1736 1499 1764 quam
1526 1727 1595 1755 mala
1611 1726 1774 1763 patientibus

982 1777 1075 1807 dolere
1095 1777 1232 1804 debemus.
1249 1774 1289 1802 Illi
1304 1775 1374 1803 enim
1390 1782 1471 1809 prava
1487 1773 1609 1802 faciendo
1635 1773 1661 1800 in
1675 1772 1774 1799 malunt

983 1822 1138 1858 proficiuut;
1165 1821 1209 1848 isti
1225 1821 1349 1855 patiendo
1373 1827 1388 1847 a
1411 1819 1481 1846 malo
1503 1818 1685 1853 corriguntur.
1703 1816 1774 1844 Deus

980 1872 1069 1895 autem
1085 1874 1133 1902 per
1158 1866 1241 1893 malas
1257 1865 1410 1893 voluntates
1435 1864 1548 1892 aliorum
1564 1863 1592 1891 in
1608 1862 1667 1890 aliis
1682 1861 1766 1889 multa

980 1918 1109 1949 operatur
1124 1912 1206 1940 bona.

1015 1972 1043 1998 ιι.
1063 1970 1265 2005 Malignantium
1295 1968 1435 1996 hominum
1458 1966 1585 1995 voluntas
1605 1969 1774 1999 nequaquam

980 2023 1068 2054 potest
1076 2017 1189 2052 impleri,
1199 2017 1248 2043 nisi
1257 2015 1327 2043 Deus
1335 2014 1441 2042 dederit
1451 2017 1622 2048 potestatem.
1630 2009 1697 2038 Nam
1707 2009 1772 2036 dum

980 2065 1113 2097 homines,
1140 2063 1196 2090 Deo
1221 2061 1404 2097 permittente,
1428 2059 1528 2086 malum
1550 2056 1622 2092 quod
1646 2054 1774 2089 concupi-

979 2114 1059 2139 scunt
1085 2109 1246 2145 perficiunt,
1261 2107 1318 2142 ipse
1343 2106 1442 2134 dicitur
1460 2104 1550 2131 facere
1570 2102 1615 2137 qui
1630 2100 1771 2136 permittit.

980 2157 1044 2185 inde
1060 2161 1101 2184 est
1120 2155 1191 2190 quod
1207 2153 1334 2188 scriptum
1349 2156 1390 2179 est
1404 2157 1452 2186 per
1473 2148 1633 2184 prophetam
1649 2155 1656 2172 τ
1675 2145 1706 2173 Si
1726 2144 1774 2171 erit

979 2202 1076 2229 malum
1089 2201 1157 2236 quod
1173 2199 1300 2227 Dominus
1321 2205 1370 2224 non
1397 2196 1466 2232 fecit.
1487 2194 1676 2223 Verumtamen
1702 2189 1774 2225 quod

978 2248 1063 2282 iniqui
1088 2247 1168 2282 351
1192 2245 1262 2272 mala
1287 2251 1320 2272 ex
1343 2243 1481 2270 voluntate
1512 2243 1645 2275 quaerunt,
1671 2235 1773 2264 idcireo

979 2293 1052 2320 Deus
1079 2289 1235 2327 perficiendi
1258 2289 1305 2316 dat
1326 2290 1486 2322 potestatem
1507 2291 1556 2320 per
1578 2289 1654 2310 suam
1674 2281 1772 2308 bonam

160 2378 225 2405 Cir.
239 2376 323 2405 Lv.N.
333 2376 360 2405 5,
375 2375 499 2403 Advertit
510 2373 667 2405 vezzostus,
679 2372 749 2399 hanc
756 2359 918 2399 sententiam
927 2356 963 2405 Δ1)
977 2372 1050 2399 illam
1071 2370 1220 2406 facundiam
1231 2368 1308 2404 (sicut
1322 2366 1463 2395 Sallustius
1475 2364 1507 2391 ab
1520 2363 1605 2400 Appio
1619 2362 1715 2390 dictum
1731 2369 1772 2389 re-

125 2414 258 2454 integram
275 2413 326 2453 hbe
350 2413 409 2439 loco
423 2419 438 2438 a
455 2410 604 2444 Mat-garino
615 2413 642 2436 et
656 2408 752 2448 Loaisa
766 2414 819 2434 non
843 2408 919 2441 poni.
937 2448 939 2450 Ι

126 2445 552 2517 ᾗῇἓῖἳέῒὲὣῖῗξᾞοὲῗῗεὲῗῗὲἓὲ
575 2442 920 2514 ὲῖἓῗέἓέιὲξῖῑιῶ,”ἰὶἔέ.ἶ

127 2517 270 2581 διέῃΑΕΙῖἰε
285 2553 418 2588 Rebusque
428 2551 532 2587 officiat,
545 2550 630 2577 animo
642 2554 726 2576 tamen
739 2547 805 2575 nihil
815 2547 896 2575 oberit
907 2554 919 2576 .-

125 2589 176 2615 imo
191 2590 331 2616 maximum
345 2590 446 2616 lucrum
461 2587 570 2621 confert,
587 2586 609 2613 si
621 2585 752 2620 impetitu:
765 2582 919 2618 ‹equanimi-

124 2629 162 2650 ter
176 2624 270 2651 tulerit.
288 2623 346 2651 Erit
359 2628 453 2654 autem,
468 2627 522 2650 etc.
540 2621 630 2649 Anev.
663 2656 670 2662 ι
878 2652 886 2660 .
925 2626 927 2628 ·

160 2657 225 2686 Car.
242 2668 294 2687 im.
311 2659 343 2686 Ν.
359 2660 386 2686 ⁰2.
402 2658 572 2693 Hieronym„
590 2657 615 2684 in
628 2660 707 2691 epist.
725 2654 758 2682 ad
774 2653 813 2681 Au
833 2657 918 2695 usqn-

126 2693 178 2720 δια
192 2695 292 2729 incidit,
307 2695 402 2730 iuquit,
419 2697 519 2727 tempus
533 2692 722 2727 difficillimum.
736 2698 752 2726 q
825 2697 840 2716 o
855 2687 920 2716 milti

124 2733 205 2756 tacere
219 2730 309 2757 meiius
325 2730 373 2764 {uit
384 2736 460 2764 quam
474 2727 554 2763 loqui,
568 2728 605 2754 ita
619 2731 646 2754 ut
666 2726 751 2754 seudia
766 2728 854 2752 rtontra
866 2731 923 2751 cco·

124 2769 219 2796 tarent,
232 2771 257 2793 et
266 2767 346 2801 juxta
371 2764 482 2801 Appium
495 2765 590 2791 canina
609 2765 771 2789 exerceretur
785 2759 919 2796 facundia.

125 2797 157 2823 Et
167 2800 295 2838 adversus
310 2799 494 2827 Luciferianos
506 2807 513 2826 z
530 2798 654 2826 Proxime
663 2797 759 2824 accidit
773 2799 801 2823 ut
812 2794 920 2837 quidam

82 2866 88 2870 -
124 2831 442 2896 ..imm
456 2829 924 2902 {mactatum

123 2874 160 2929 git
174 2901 294 2931 Laetam.
317 2903 365 2932 lib.
379 2877 499 2938 uff'oap.
516 2903 550 2932 18
564 2911 571 2930 ε
588 2902 642 2931 Sed
657 2902 718 2937 quia
735 2902 790 2938 ipse
802 2881 927 2929 canina-2

917 2953 940 2987 ν’

978 2407 1041 2442 sert)
1054 2406 1175 2437 exercuit.
1189 2404 1267 2431 voluit
1278 2409 1377 2438 quoque
1398 2401 1526 2428 hominem
1540 2399 1631 2439 canino
1645 2405 1716 2424 more
1730 2397 1771 2424 oi-

978 2450 1044 2474 vere,
1057 2446 1085 2468 ut
1098 2440 1263 2467 remorderet.
1272 2438 1440 2471 Exstantque
1451 2435 1503 2463 duo
1513 2435 1628 2462 Sallustn
1637 2434 1772 2467 fragmen-

979 2483 1016 2509 ta,
1041 2478 1067 2503 in
1082 2475 1178 2510 quibus
1202 2474 1253 2500 hoc
1277 2472 1355 2507 Appii
1367 2472 1401 2499 de
1413 2471 1508 2498 canina
1521 2468 1770 2500 facundiadiotuut
1816 2485 1823 2497 ,

977 2511 1102 2540 refertur.
1117 2509 1277 2538 Prudentius
1287 2514 1392 2542 quoque
1406 2506 1433 2533 in
1449 2503 1647 2539 Hamartigenia
1662 2512 1670 2530 ε

1087 2559 1147 2585 inde
1159 2559 1246 2584 canina
1257 2557 1310 2583 ἴοι-ο
1319 2557 1392 2582 latrat
1403 2555 1523 2581 facundia.

1481 2596 1592 2624 Lonst.

1012 2637 1084 2665 Ibid.
1106 2635 1145 2664 De
1158 2635 1254 2664 canina
1269 2632 1422 2668 eloquentia
1432 2632 1488 2668 jam
1500 2631 1567 2659 dixit
1583 2628 1716 2668 Isidorus.
1740 2626 1770 2668 in

977 2673 1063 2701 Exod.
1077 2679 1131 2703 xiv.
1144 2671 1171 2698 9.
1183 2671 1206 2698 Α
1217 2670 1292 2697 rabie
1305 2669 1400 2697 canina
1414 2667 1521 2695 rabula·
1532 2665 1587 2693 diei
1600 2664 1702 2704 Nonius
1709 2669 1770 2704 ,⁶¹¹-

976 2709 1078 2737 atimat.
1099 2707 1179 2734 Plura
1196 2707 1221 2732 in
1243 2705 1313 2732 hane
1334 2711 1391 2732 rem
1412 2701 1515 2734 exaenti
1535 2700 1578 2728 uia
1590 2696 1769 2734 scriptoribus

977 2744 1078 2779 profert
1096 2743 1257 2774 Becmanus,
1279 2740 1314 2768 de
1327 2738 1430 2774 origin.
1444 2737 1505 2766 Lat..
1516 2708 1611 2771 ‘'ing..
1625 2741 1687 2769 pag.
1698 2731 1749 2760 ⁹0¹
1758 2750 1768 2765 .

978 2779 1061 2806 verbo
1075 2777 1165 2805 Rabbi.
1182 2778 1268 2804 Anssv.
1666 2802 1675 2810 ⁶

1013 2815 1080 2841 Cn.
1095 2820 1158 2840 uu.
1174 2812 1207 2839 Ν.
1218 2812 1247 2839 2.
1260 2811 1313 2839 Alii
1327 2817 1388 2838 cum
1402 2807 1535 2844 Vulgm:
1549 2804 1584 2833 Et
1605 2809 1701 2833 nacto·
1723 2808 1768 2829 or-

978 2849 1116 2911 ‘u'g‚⁶{;¹‘⁸’⁸
1130 2853 1154 2875 et
1169 2848 1261 2888 irruet,
1275 2851 1328 2874 etc.
1345 2847 1434 2872 Anu.
1501 2875 1535 2904 ¹¹
1760 2846 1765 2850 ·

1081 2890 1182 2918 regor„
1196 2881 1245 2910 tito.
1260 2889 1294 2908 xz
1307 2881 1412 2913 moral..
1426 2884 1488 2914 enp-
1539 2894 1548 2904 .
1562 2874 1673 2904 tam.
