1832 3016
65 171 116 204 ‘1³9

669 166 940 199 SENTENTtAnttM
961 169 1026 199 1118.
1047 170 1091 199 tit.

1650 168 1702 200 ⁷30

64 236 238 269 voluntatem.
254 231 316 270 quia
337 231 372 261 de
398 234 493 260 nostro
505 229 577 258 malo
591 229 650 265 ipse
672 230 754 257 multa
779 230 848 257 bona
863 230 888 261 Δ
903 230 1000 266 gerim,
1016 238 1077 258 mox
1100 230 1133 257 ad
1157 228 1352 265 blasphemiam
1367 230 1591 266 pusillanimitate
1615 230 1699 259 animi

64 286 269 362 opgragdidam,
283 332 342 353 eum
357 323 406 351 Dei
419 323 553 350 voluntati
569 323 711 356 resistunt.
728 322 853 350 nescien-

63 378 103 401 tes
114 373 162 400 Dei
178 371 317 400 consilium
341 370 458 402 faciunt;
475 376 528 404 quo
542 370 650 397 noveris
664 369 703 396 sic
717 369 773 396 Deo
788 368 852 396 sub-

60 418 131 456 {ecta
145 425 207 446 esse
219 416 319 448 omnia,
334 419 363 442 ut
374 419 402 442 et
418 415 468 449 ipsi
489 414 534 450 qui
550 415 609 462 ejus
620 414 789 449 dispositioni
804 414 851 441 ad-

61 469 202 493 versantur
213 463 270 497 ejus
286 462 415 496 impleant
428 462 609 488 voluntatem.

96 510 123 538 6.
143 509 287 543 Propterea
301 508 327 534 in
342 507 392 534 hac
412 507 465 534 vita
481 506 544 533 boni
557 506 712 540 judicantur
725 513 739 532 a
754 505 832 532 malis
843 526 850 538 ‚

61 561 89 584 ut
104 556 198 583 iterum
222 555 247 581 in
265 554 311 581 illa
325 554 379 581 vita
395 553 457 581 mali
471 553 625 589 judicentur
647 561 660 579 a
674 553 770 585 bonis;
795 553 852 579 sive

59 606 87 630 ut
101 602 181 628 etiam
205 600 239 627 sit
261 601 303 627 hie
325 599 402 627 bonis
428 599 585 633 temporalis
606 598 727 630 afflictio.
750 602 777 625 et
797 598 852 625 illic

58 651 157 674 :eterna
170 645 362 673 remuneratio.

93 702 118 729 7.
141 701 241 728 idcireo
255 705 317 727 sunt
342 699 491 727 necessarii
516 699 588 731 mali,
615 702 644 726 ut
659 699 765 734 quoties
787 699 851 726 boni

56 746 206 778 offundunt,
225 746 393 781 flagellentur
409 746 441 772 ab
457 745 519 772 iltis.
539 745 605 772 Hinc
628 745 751 779 estquod
767 745 851 772 Assur

56 794 155 828 virgam
172 793 269 820 furoris
283 792 324 819 sui
340 797 452 820 testatur
473 791 601 819 Dominus
617 791 696 826 (lsai.
714 800 743 825 x,
761 792 788 825 5,
805 791 850 824 7);

55 840 103 866 sed
118 839 223 874 quoties
238 839 274 865 ita
288 838 326 871 fit,
340 838 373 865 de
396 838 442 866 Dei
460 838 647 873 indignatione
662 838 804 872 procedit,
823 842 852 864 ut

56 885 126 913 Deus
140 892 187 919 per
206 884 267 911 illos
280 885 306 911 in
321 891 368 911 eos
383 884 476 911 saeviat
493 892 559 918 quos
574 884 735 920 flagellando
753 892 849 911 emen-

55 931 120 958 dare
141 930 285 958 desiderat.
311 930 365 958 Sed
390 930 435 958 ille
457 930 609 965 jnstissima
635 930 791 962 voluntate,
815 931 852 958 illi
871 924 892 952 Β

55 985 120 1004 vero
133 985 203 1011 saepe
216 977 317 1004 crudeli
330 977 490 1008 intentione.
500 977 570 1004 sicut
583 984 632 1011 per
642 977 804 1011 Propltetam
817 977 850 1004 de

56 1021 150 1048 eodem
166 1021 251 1048 Assur
267 1022 364 1048 dicitur
377 1030 383 1047 ε
399 1021 460 1056 Ipse
474 1026 559 1048 autem
575 1030 628 1048 non
645 1023 681 1049 sic
700 1023 850 1055 arbitratur,

56 1068 101 1094 sed
112 1068 145 1094 ad
159 1068 339 1094 conterendum
351 1072 469 1102 paratum
483 1072 520 1094 est
530 1076 574 1094 cor
589 1070 655 1103 ejus.

94 1122 121 1150 8.
143 1124 268 1149 Atrocem
280 1129 362 1156 super
376 1130 423 1149 eos
433 1122 552 1150 divinum
569 1123 685 1150 furorem
698 1128 851 1157 venturum,

56 1168 101 1202 qui
113 1168 234 1195 existunt
250 1175 436 1203 persecutores
451 1173 478 1196 et
495 1169 604 1196 violenti
620 1169 754 1197 fidelibus.
775 1169 849 1197 Con-

57 1213 169 1241 solando
182 1215 254 1241 euim
271 1222 318 1248 per
334 1215 491 1249 proplietam
509 1216 577 1242 Deus
589 1223 663 1248 suos,
682 1216 717 1243 ita
731 1216 853 1250 judicare

60 1260 193 1292 promittit
209 1260 378 1287 adversarios
394 1270 400 1286 ε
420 1261 480 1293 Eos,
494 1262 592 1296 inquit,
604 1262 646 1295 qui
667 1263 851 1297 judicaverant

58 1309 91 1338 te,
106 1314 152 1340 eqo
160 1306 306 1339 judicabo,·
321 1311 344 1332 ct
365 1306 453 1333 cibabo
480 1307 564 1334 hostes
578 1312 635 1334 tuos
651 1309 770 1336 carnibus
782 1310 851 1342 suis,

57 1356 80 1378 el
94 1353 167 1385 quasi
182 1361 197 1379 a
223 1356 317 1385 ntuslo,
334 1353 458 1387 sanquine
482 1361 528 1380 tuo
552 1353 754 1382 inebriabuntur.
772 1355 850 1390 (lsai.

57 1405 131 1431 xux,
148 1397 194 1432 25,
208 1398 265 1432 26).

93 1453 120 1481 9.
142 1454 229 1481 Habet
255 1454 371 1489 aliquem
395 1461 472 1481 usum
495 1458 523 1481 et
547 1455 680 1482 malorum
706 1455 831 1490 iniqnitas
842 1476 850 1488 ,

55 1499 126 1534 quod
140 1499 240 1527 electos
257 1500 302 1527 Dei
318 1501 374 1528 suis
397 1500 531 1528 morsibus
544 1501 659 1535 laniant,
676 1509 708 1529 ac
734 1509 781 1537 per
801 1502 852 1529 boc

55 1546 109 1572 vita
122 1546 264 1580 impiorum
278 1546 329 1573 sibi
342 1546 468 1581 deperit;
484 1546 617 1581 justorum
631 1551 721 1574 antem
737 1555 790 1574 non
806 1555 852 1582 pe-

905 281 1107 307 convertuntur.

942 322 987 349 15.
1001 322 1114 355 Quidam
1128 321 1291 357 simplicium
1303 322 1457 350 nescientes
1471 323 1701 358 dispensationem

905 367 963 399 Dei,
982 368 1007 394 in
1034 369 1164 395 malorum
1181 368 1346 403 profectibus
1365 369 1592 403 scandalizantur,
1609 370 1701 398 dicen-

905 418 954 446 tes,
978 413 1053 448 juxta
1070 415 1228 448 proplietam
1244 423 1251 441 ε
1274 415 1360 447 Quare
1374 415 1416 441 viu
1431 415 1571 448 impiorum
1598 425 1703 451 prospe-

903 464 986 491 ratur,
1005 459 1066 486 bene
1085 464 1121 486 est
1142 454 1259 486 omnibus
1287 460 1332 494 qui
1347 460 1550 495 praevaricantur
1574 466 1597 488 et
1617 463 1703 495 inique

904 510 985 541 ayunt
1000 505 1108 542 (Ierem.
1125 514 1175 539 xit,
1190 505 1234 541 i)?
1246 505 1296 538 Qui
1314 514 1380 542 crgo
1394 507 1446 534 hoc
1459 507 1559 540 dicunt,
1578 515 1631 535 non
1650 509 1702 535 mi-

905 557 996 580 rentur
1011 552 1082 587 quod
1098 559 1242 586 pravorum
1266 552 1404 579 hominum
1421 553 1636 586 temporalem-et
1656 560 1702 580 ca-

904 598 999 624 ducam
1028 597 1186 625 felicitatem
1211 598 1362 632 aspiciunt;
1381 598 1428 624 sed
1454 599 1540 633 magis
1555 598 1701 627 novissima

904 650 995 671 eorum
1020 643 1172 677 intendant,
1189 649 1288 679 quanta
1304 643 1356 671 illis
1372 646 1433 677 post
1449 644 1506 671 lunc
1521 648 1620 672 aeterna
1635 652 1699 679 sup·

906 690 984 725 plicia
1009 696 1213 726 prteparentur„
1241 691 1349 719 dicente
1375 692 1503 726 propbeta
1528 701 1534 718 :
1557 691 1662 719 Ducunt
1674 693 1703 719 in

904 737 976 764 bonis
1003 738 1056 764 dies
1078 746 1148 770 auos,
1176 742 1199 765 et
1231 738 1314 765 subito
1337 738 1371 764 ad
1405 738 1507 773 inferna
1533 738 1701 766 aescendune.

905 782 966 818 (Job
981 791 1036 816 xxi,
1054 783 1112 816 ¹3).

1193 840 1307 868 CAPUT
1328 840 1419 868 LVlll.

1121 885 1159 913 De
1175 886 1339 914 tribulatione
1348 888 1492 922 justorum.

946 942 969 968 l.
992 940 1084 969 Justus
1111 942 1138 969 iu
1154 943 1275 970 adversis
1294 944 1402 978 probari
1429 951 1457 971 se
1471 947 1628 979 cognoscat,
1648 949 1703 972 nou

904 987 998 1022 dejici.

940 1044 967 1072 2.
988 1045 1044 1072 Viri
1060 1046 1144 1073 sancti
1160 1046 1219 1080 plus
1235 1047 1378 1075 formidant
1401 1055 1530 1083 prospera
1554 1055 1632 1083 quam
1656 1047 1703 1075 ad-

904 1097 991 1123 versa,
1018 1091 1077 1125 qnia
1095 1091 1141 1118 Dei
1164 1100 1255 1120 servos
1273 1101 1399 1128 prospera
1426 1093 1566 1127 dejiciunt.
1591 1093 1704 1120 adversa

904 1142 968 1162 vero
978 1136 1111 1163 erudiunt.
1131 1137 1244 1172 ideoque
1260 1141 1343 1165 sancti
1358 1139 1406 1166 viri
1423 1139 1575 1166 constantia
1587 1139 1622 1167 ita
1636 1145 1700 1173 por-

905 1187 961 1208 tare
976 1182 1054 1209 debet
1067 1183 1190 1216 adversa,
1206 1189 1234 1210 nt
1249 1184 1335 1217 frangi
1353 1192 1405 1211 non
1421 1189 1510 1218 queat.

939 1226 965 1254 5.
982 1227 1056 1254 Tunc
1069 1229 1153 1264 magis
1166 1234 1228 1256 sunt
1241 1229 1286 1256 Dei
1302 1229 1370 1256 oculi
1387 1237 1469 1264 super
1481 1230 1579 1264 justos,
1593 1227 1704 1263 'quaudo

903 1280 949 1300 eos
965 1272 1046 1308 affligi
1062 1274 1095 1300 ab
1118 1275 1215 1309 iniquis
1237 1275 1403 1309 providentia
1419 1282 1536 1309 superna
1563 1274 1703 1309 permittit.

904 1317 970 1344 Nam
988 1322 1050 1345 tunc
1073 1320 1111 1346 eis
1134 1320 1230 1354 gaudia
1256 1320 1434 1354 disponuntur
1459 1325 1572 1354 aeterna,
1595 1320 1703 1356 quando

902 1364 1028 1398 praesenti
1043 1365 1213 1392 tribulatione
1226 1367 1382 1400 probantur.

938 1410 965 1437 t.
987 1409 1088 1437 Omnes
1112 1411 1173 1437 vitae
1191 1412 1269 1445 liujus
1293 1412 1479 1439 tribulationes
1499 1412 1576 1446 aquis
1595 1419 1703 1448 compa-

902 1460 996 1482 rantur
1011 1455 1249 1489 prtetcreuntibus;
1267 1457 1348 1492 353
1365 1462 1516 1491 propterea,
1530 1458 1591 1492 quia
1608 1457 1702 1492 siquid

903 1501 929 1527 in
945 1500 994 1527 bac
1020 1501 1071 1527 vita
1089 1501 1270 1529 tribulationis
1286 1502 1423 1535 acciderit,
1447 1510 1499 1529 uon
1515 1507 1579 1536 stat,
1596 1502 1643 1530 sed
1660 1509 1703 1530 ce-

905 1546 997 1573 leriter
1012 1547 1118 1573 transit.

56 1593 101 1626 rit,
117 1592 164 1619 sed
179 1593 296 1627 proficit,
312 1593 374 1620 dum
385 1600 431 1620 eos
446 1593 508 1620 mali
520 1601 568 1628 per
580 1593 762 1621 tribulationis
773 1601 851 1621 exer·
864 1608 887 1638 C
939 1601 965 1628 5,
987 1602 1038 1634 Qui
1053 1602 1114 1629 ngae
1140 1603 1235 1629 futurae
1261 1604 1370 1636 maemja
1393 1603 1537 1639 diligente..
1551 1604 1696 1638 excogitat,

56 1637 147 1666 (fllium
169 1639 201 1665 ad
222 1643 381 1672 l‘faesesslem
403 1638 545 1666 odiendam
569 1639 651 1666 vllam
677 1644 705 1666 θῑ
734 1639 848 1667 summm
903 1647 971 1674 mala
988 1648 1153 1681 omniaxvitae
1169 1649 1309 1681 praesentis
1324 1649 1510 1683 aequanimiter
1525 1653 1623 1683 portat,
1635 1655 1702 1684 quo-

56 1683 261 1712 desiderandam
281 1685 418 1714 erudiunt.

95 1741 139 1769 10.
160 1741 296 1770 Interdum
309 1743 380 1770 enim
395 1743 504 1778 prodest
518 1750 709 1778 perversorum
733 1745 851 1779 pravitas

57 1788 167 1815 utilitati
181 1788 324 1823 justorum,
337 1790 399 1816 dum
415 1797 462 1817 eos
477 1789 577 1817 malitia
601 1797 649 1818 sua
679 1790 805 1818 erudiunt
824 1795 851 1818 et

58 1834 91 1861 ad
112 1841 195 1869 regna
219 1834 348 1862 coelorum
372 1835 533 1870 requirenda
554 1836 679 1863 molestia
710 1836 849 1870 temporali

57 1879 210 1914 impellunt.
227 1880 358 1907 Probatur
369 1881 420 1908 hoc
439 1881 570 1916 exemplis
586 1881 740 1909 lsraeliticae
754 1882 849 1917 plebis,

58 1931 118 1959 quae
133 1929 197 1952 tunc
221 1925 316 1952 durius
338 1925 467 1960 agebatur
491 1927 518 1954 in
543 1927 774 1964 AEgypto(Exod.
797 1929 849 1963 ιιι),

58 1969 166 2004 quando
180 1971 322 2005 oportebat
334 1979 393 1998 eam
411 1979 457 2006 per
472 1972 581 2007 Moysen
595 1973 629 2000 ad
643 1978 741 2001 terram
758 1981 851 2009 repro-

58 2015 195 2043 missionis
215 2017 317 2050 vocari,
333 2022 360 2045 et
375 2025 407 2045 ex
424 2018 502 2045 malis
519 2026 577 2053 quae
594 2019 620 2046 in
633 2018 751 2055 AEgypto
767 2020 852 2054 palle-

59 2061 138 2090 batur
152 2062 300 2096 discedere,
316 2067 344 2092 et
359 2065 390 2091 ad
407 2066 569 2099 promissam
582 2066 698 2100 patriam
711 2066 849 2094 festinare.

96 2121 140 2148 tt.
162 2120 259 2156 iniqui,
274 2121 337 2148 dum
351 2123 530 2150 constantiam
546 2123 612 2158 justi
639 2124 667 2150 in
686 2125 852 2159 persecutio-

60 2165 139 2193 nibus
162 2167 219 2194 suis
242 2167 386 2201 aspiciunt,
416 2169 513 2195 mentis
528 2169 686 2197 contusione
701 2170 851 2198 tabescunt.

60 2211 95 2239 Et
108 2211 170 2239 dum
191 2212 303 2240 adversa
316 2217 464 2247 ostentant,
479 2214 561 2250 352
577 2222 626 2243 nec
648 2215 770 2248 vincunt.
797 2221 854 2245 tan-

61 2257 124 2286 dem
139 2259 173 2286 de
189 2266 246 2287 suae
260 2260 442 2294 perversitatis
456 2261 560 2289 insania
575 2261 785 2292 confunduntur.

903 1693 974 1720 niam
991 1701 1024 1720 ex
1048 1693 1121 1721 illius
1140 1694 1283 1721 dulcedine
1306 1694 1385 1729 hujus
1408 1695 1613 1722 amaritudinem
1626 1699 1699 1722 tem-

902 1746 989 1776 perat,
1008 1745 1035 1768 et
1049 1749 1080 1768 ex
1099 1742 1248 1769 :eternitate
1263 1741 1334 1769 illius
1348 1742 1504 1769 brevitatem
1519 1741 1596 1777 hujus
1609 1743 1702 1776 despi-

903 1788 938 1814 cit
955 1788 1147 1815 transitoriam.

939 1832 965 1859 6.
986 1833 1099 1860 Gravari
1123 1833 1229 1860 diverso
1254 1833 1324 1860 malo
1349 1833 1489 1868 temporali
1513 1840 1563 1868 pro
1585 1832 1700 1861 utilitate

903 1887 995 1907 eorum
1012 1884 1064 1912 est,
1078 1879 1147 1913 quod
1161 1880 1222 1905 vitae
1235 1879 1312 1906 istius
1325 1880 1394 1907 mala
1406 1879 1555 1914 perferunt,
1568 1879 1629 1914 quia
1640 1886 1702 1907 cum

904 1925 996 1952 dolore
1011 1929 1167 1959 gravantur,
1185 1925 1349 1959 cupiditatis,
1366 1930 1393 1953 et
1408 1925 1531 1959 luxuriat,
1555 1925 1699 1952 vitiorum-

903 1978 955 2005 que
968 1976 1125 1998 caeterorum
1142 1971 1210 1997 mala
1225 1979 1278 1997 non
1294 1975 1436 2006 appetunt.

940 2017 966 2043 7.
988 2016 1050 2043 Plus
1072 2016 1199 2051 prodesse
1222 2017 1299 2044 saluti
1322 2018 1483 2045 tentationes
1498 2016 1590 2044 saecuti
1619 2023 1698 2051 quam

903 2064 1095 2098 prosperitates
1109 2064 1247 2099 (constat),
1267 2071 1327 2091 nam
1344 2072 1379 2092 ex
1393 2064 1574 2099 prosperitate
1587 2063 1616 2090 in
1624 2063 1703 2090 dete-

904 2111 960 2138 rius
976 2110 1039 2143 itur,
1055 2117 1088 2137 ex
1102 2111 1258 2138 tentationis
1273 2111 1368 2138 dolore
1382 2111 1409 2138 in
1425 2110 1520 2138 melius
1536 2109 1684 2144 proficitur.

941 2157 965 2184 8.
980 2156 1167 2191 Unusquisque
1180 2157 1212 2183 ad
1227 2157 1403 2184 tentationem
1417 2157 1535 2184 animum
1547 2162 1703 2191 praeparare

905 2202 985 2230 debet
999 2202 1093 2236 (Eccli.
1110 2210 1140 2236 ιι,
1156 2202 1192 2237 1).
1208 2202 1296 2230 Minus
1311 2202 1383 2230 enim
1399 2202 1462 2230 dum
1477 2206 1602 2236 speratur
1615 2205 1704 2228 tenta-

907 2252 954 2283 tio,
979 2256 1090 2285 gravam
1107 2249 1174 2278 dure
1189 2254 1279 2277 autem
1296 2249 1407 2284 premit,
1423 2249 1446 2277 si
1461 2256 1515 2276 non
1534 2252 1640 2282 sperata
1654 2246 1704 2274 ad-

98 2304 141 2332 ¹2.
170 2305 251 2334 Stulti
275 2311 369 2334 contra
393 2308 478 2336 bonos
505 2309 623 2337 studium
648 2318 756 2346 semper
776 2296 1021 2340 aggfflnveneril-

62 2356 147 2385 munt,
161 2353 258 2387 quibus
271 2353 334 2381 dum
359 2355 525 2390 prosperitas
544 2356 643 2390 elucet,
658 2357 796 2392 jactanter
817 2359 852 2387 de

62 2397 120 2424 suls
133 2397 237 2425 meritis
251 2399 408 2435 gloriantur,
425 2406 453 2429 et
475 2402 605 2430 bonorum
620 2407 701 2439 atque
716 2404 853 2440 justorum

62 2442 254 2473 afflictionibus
265 2445 424 2481 detrabunt;
445 2448 564 2485 dumque
581 2450 621 2478 eis
636 2451 750 2480 adversa
762 2453 851 2480 conti-

99 2534 129 2564 9.
148 2535 187 2562 tta
211 2535 330 2564 nonnulli
363 2536 428 2565 Mss.
451 2537 566 2566 naritus
585 2543 698 2576 uterque
719 2540 801 2570 Gotb.
830 2546 857 2571 et

66 2573 120 2599 vet.
136 2569 187 2597 Ed.
201 2570 308 2599 Lonsa.

105 2605 150 2633 to.
170 2604 262 2640 Gress..
277 2605 325 2634 lib.
341 2614 407 2635 nvi
420 2608 527 2643 norat..
538 2617 564 2637 c.
578 2610 606 2637 9.
622 2611 732 2640 LoAtst.

105 2639 149 2668 12.
166 2639 230 2673 Alii.
245 2641 358 2669 studium
370 2643 477 2670 nocendi
487 2651 585 2680 semper
594 2652 737 2675 antumant.
751 2649 838 2676 Aaev.

103 2675 168 2704 Gn».
192 2683 267 2704 ινιιι.
282 2676 312 2705 Ν.
329 2678 354 2704 t.
370 2677 496 2714 Gregor„
509 2679 556 2707 lib.
573 2687 639 2708 xxxi
662 2681 771 2716 norat„
797 2691 857 2718 cap.

66 2709 113 2740 23.
128 2710 236 2739 Lousi.

74 2744 80 2756 ²
101 2745 130 2774 ἱ.
151 2746 235 2779 Idem.
252 2746 298 2774 lib.
311 2746 404 2775 norat.
419 2755 447 2781 v.
462 2755 522 2784 cap.
540 2750 565 2778 t.
581 2748 692 2779 Lonu.

95 2782 131 2813 3.
151 2781 234 2814 idem,
249 2782 297 2810 lib.
313 2790 348 2810 xx
363 2783 470 2816 uorat..
485 2792 511 2812 c.
526 2783 573 2812 21.
588 2785 696 2814 Loarsa.

103 2816 136 2854 Q.
153 2816 238 2852 Aquoe
251 2817 410 2853 significatio
429 2819 568 2854 multiplex
581 2822 662 2848 estin
677 2821 774 2850 divinis
786 2821 859 2851 litte-

109 2871 119 2884 .
138 2857 170 2880 nt
194 2857 298 2880 constat
318 2859 352 2880 ex
366 2853 479 2889 Gregor.
495 2854 547 2884 tib.
564 2854 662 2883 uorat.
677 2863 734 2891 xta,
750 2862 811 2894 cap.
828 2859 857 2892 ὁ,

91 2919 94 2921 ‚
141 2887 291 2924 ⁴desumpta
305 2892 347 2916 est
357 2887 415 2917 baec
428 2890 573 2923 mittentia.
586 2890 620 2918 ad
632 2890 699 2920 iliud
709 2892 760 2922 lob
774 2901 856 2922 xxix:

941 2353 967 2380 9.
988 2352 1123 2386 Sapientis
1137 2356 1180 2380 est
1193 2356 1287 2380 contra
1301 2352 1390 2380 omnia
1411 2352 1528 2380 adversa
1543 2354 1606 2377 ante
1619 2344 1706 2376 medi-

907 2397 976 2431 tari·‚
993 2405 1043 2425 nec
1067 2395 1183 2425 inveniri
1197 2405 1275 2425 casus
1299 2397 1392 2431 debet,
1414 2404 1493 2432 quem
1519 2403 1572 2423 non
1592 2394 1704 2423 consilia

908 2443 965 2479 ejus
981 2443 1160 2479 praeveniant.

913 2542 946 2568 Et
956 2541 1029 2577 aquis
1042 2539 1164 2576 appendit
1177 2547 1319 2567 mensuras.
1327 2539 1412 2574 Aqua,
1424 2538 1518 2574 inquit.
1530 2539 1558 2566 in
1569 2538 1706 2574 Scriptura

910 2585 985 2604 sacra
1007 2577 1148 2611 aliquando
1162 2574 1289 2609 Spiritum
1313 2580 1440 2607 sanctam.
1462 2575 1602 2609 aliquando
1624 2575 1705 2603 scien·

913 2613 972 2639 tiam
994 2619 1110 2644 sacram,
1134 2610 1273 2644 aliquando
1285 2610 1416 2636 scientiam
1432 2617 1548 2642 pravam,
1562 2610 1703 2645 aliquando

912 2647 1111 2678 tribulationem,
1126 2646 1266 2680 aliquando
1277 2646 1418 2680 defluentes
1431 2644 1552 2680 populos,
1564 2645 1705 2679 aliquando

911 2686 1005 2710 mentes
1017 2683 1149 2714 bonoram,
1166 2680 1228 2715 fidei
1249 2680 1448 2715 proedr'camema
1463 2681 1624 2715 sequentium
1638 2681 1706 2709 deti-

929 2726 991 2745 nare
1017 2717 1091 2744 solet.
1117 2717 1243 2750 August„
1269 2722 1329 2750 cap.
1351 2715 1396 2748 62,
1420 2715 1445 2742 in
1470 2717 1556 2750 prima
1577 2717 1704 2745 canoniea

929 2753 1036 2785 oannis,
1063 2751 1156 2778 homil.
1168 2751 1185 2778 6
1207 2758 1215 2778 z
1239 2750 1332 2778 Nonne
1351 2757 1425 2786 σφω
1445 2750 1528 2778 nautia
1543 2751 1707 2787 niqnificant?

911 2788 1064 2823 quibusdam
1079 2787 1142 2813 tocie
1157 2785 1284 2821 Spiritum
1297 2790 1425 2818 sanctum,
1449 2790 1503 2813 etc.
1527 2786 1559 2814 Et
1580 2786 1648 2815 libro
1667 2787 1707 2815 tli-

912 2830 1050 2851 versaruui
1073 2820 1251 2856 quoestlonum
1267 2821 1299 2848 ad
1314 2821 1407 2854 oms„
1432 2828 1460 2856 q.
1475 2819 1520 2854 5¹,
1540 2821 1706 2858 significatur

913 2863 1011 2894 praeter
1021 2858 1071 2884 alia
1080 2856 1189 2884 nomine
1198 2863 1275 2891 aquae
1285 2857 1373 2884 onmis
1386 2863 1478 2892 potus;
1494 2858 1562 2892 ipse,
1572 2858 1705 2894 quat-in

914 2893 1004 2921 ttxmt.
1018 2897 1046 2922 et
1059 2893 1106 2921 lib.
1123 2891 1287 2921 locutionum
1302 2891 1398 2920 Exodi.
1416 2892 1526 2920 Loun-
