1832 3016
4 2895 73 3016 il

99 103 150 133 689

717 95 986 127 SENTEN‘rtAttUM
1007 96 1071 125 ΗΒ.
1095 96 1139 125 111.

1678 95 1731 125 690

98 162 151 190 nisi
166 168 213 197 per
227 161 341 194 aliquam
355 159 505 187 evidentem
520 155 714 188 ostensionem,
729 154 775 182 vix
798 161 882 189 appa·
898 154 925 184 Α
936 154 1142 189 contemplativa
1153 152 1299 188 speculatio
1310 159 1507 187 supernorum;
1521 151 1566 180 illa
1578 153 1732 182 communis

98 214 159 237 rent
173 208 277 236 occulta
293 207 358 242 legis
373 204 508 241 mysteria.

132 255 161 283 t.
175 255 250 283 Sicut
265 254 396 281 instruere
410 250 479 278 solet
492 249 616 282 collatio,
630 248 668 276 ita
690 247 826 276 contentio
838 247 886 275 de-

98 299 185 328 struit.
197 300 258 327 iiaec
268 298 349 330 enim,
361 295 454 324 relicto
465 302 545 322 sensu
556 294 686 327 veritatis,
694 294 754 321 lites
763 298 884 328 generat,

97 350 124 374 et
140 346 280 380 pugnando
294 343 380 371 verbis
392 343 471 369 etiam
487 341 513 369 in
528 341 614 368 Deum
627 341 805 375 blasphemat.
822 340 885 367 lude

96 395 124 419 et
138 391 263 422 baereses,
278 393 304 416 et
318 388 480 421 schismata,
497 387 594 422 quibus
618 387 782 414 subvertitur
805 386 882 419 sides,

97 439 197 466 veritas
217 435 404 470 corrumpitur,
420 434 552 462 scinditur
562 434 690 462 charitas.
706 433 751 470 (11
767 434 834 461 Tim.
851 442 882 467 ιι,

95 482 140 516 25,
159 482 207 509 Tit.
222 489 261 513 ιιι,
277 482 314 516 9).

129 528 155 555 5.
171 527 405 555 contentiosorum
421 527 537 554 studium
553 534 606 554 non
628 534 676 561 pro
696 527 819 558 veritate,
835 525 881 553 sed

93 581 141 609 pro
154 574 272 608 appetitu
287 574 382 606 laudis,
395 578 495 605 certat;
512 578 638 608 tantaque
661 577 703 600 est
724 574 750 599 in
766 572 806 598 liis
822 579 882 606 per-

90 621 250 653 versitas,ut
262 620 369 647 veritati
380 619 476 647 cedere
487 620 616 652 nesciant,
631 619 768 654 ipsamque
780 623 879 645 rectam

90 665 239 693 doctrinam
256 674 384 694 evacuare
399 666 573 693 contendant.

125 712 205 747 300
220 713 246 739 (i.
263 712 290 739 ln
305 712 484 747 disputatione
498 711 614 738 fidelium
631 710 751 738 cavenda
762 714 804 737 est
819 718 881 744 pro-

89 759 250 794 positionum
267 758 409 786 artificiosa
424 757 565 790 subtilitas,
584 765 644 792 quae
666 756 768 783 callidis
790 756 880 790 objec-

88 804 205 832 tionibus
220 805 286 831 retia
303 803 403 836 tendit;
420 804 455 830 ita
470 803 541 830 enim
557 803 672 831 versutis
683 802 878 830 assertionibus

939 202 1082 229 multorum
1095 206 1147 235 est,
1166 201 1217 228 ista
1227 208 1292 229 vero
1303 207 1461 235 paucorum.

973 247 1000 274 2.
1015 248 1111 275 ‘Activa
1129 248 1186 275 vita
1201 247 1343 274 mundanis
1367 247 1448 274 rebus
1463 246 1532 275 bene
1551 246 1644 280 utitur,
1665 252 1732 274 con-

938 293 1091 328 templativa
1114 300 1179 320 vero
1202 292 1302 320 mundo
1317 293 1484 326 renuntians,
1500 292 1550 320 soli
1570 292 1626 320 Deo
1640 291 1732 320 vivere

938 340 1096 367 delectatur.

971 384 1050 419 301
1068 384 1095 411 5.
1111 385 1161 417 Qui
1177 385 1251 419 prius
1266 385 1292 411 in
1306 385 1391 412 activa
1406 384 1462 411 vita
1482 383 1604 418 prolicit,
1619 383 1652 411 ad
1666 390 1733 411 con-

936 429 1140 464 templationem
1157 430 1227 457 bene
1248 429 1417 457 conscendit.
1436 428 1530 455 Merito
1546 428 1618 455 enim
1639 429 1665 455 in
1681 428 1732 456 ista

936 476 1097 510 sustollitur,
1122 477 1166 509 qui
1193 476 1219 502 in
1242 476 1287 502 illa
1311 476 1386 502 utilis
1409 475 1553 501 invenitur.
1574 474 1732 508 Quicunque

934 522 1021 549 adliuc
1047 521 1225 555 temporalem
1245 522 1374 556 gloriam.
1399 525 1445 547 aut
1468 520 1604 547 carnalem
1624 519 1731 547 allectat

933 569 1209 603 concupiscentiam,a
1226 567 1453 601 contemplatione
1469 565 1672 600 prohibebitur,
1697 570 1728 593 ut

935 619 1035 648 positus
1051 614 1078 640 in
1105 613 1218 640 actualis
1231 613 1292 639 vitae
1308 611 1463 646 operatione
1484 615 1621 645 purgetur.
1634 611 1662 637 ln
1680 615 1729 639 ista

933 660 1004 687 enim
1021 660 1093 694 prius
1109 667 1157 694 per
1172 660 1329 687 exercitium
1343 658 1404 685 boni
1417 657 1505 692 operis
1520 662 1614 684 cuncta
1629 657 1729 684 exhau-

933 707 1027 734 rienda
1044 711 1107 733 sunt
1121 707 1199 740 vitia,
1215 707 1284 734 utin
1302 706 1346 733 illa
1359 706 1414 740 jam
1429 712 1494 739 pura
1512 704 1609 732 mentis
1624 705 1681 731 acie
1695 705 1729 731 ad

933 753 1168 786 contemplandum
1195 753 1278 780 Deum
1295 752 1408 786 quisque
1423 755 1602 786 pertranseat.
1620 750 1653 776 Et
1668 750 1730 778 licet

932 806 1078 825 conversus
1099 799 1192 825 statim
1209 798 1243 825 ad
1264 797 1519 832 contemplationem
1549 796 1730 824 conscendere

87 857 230 885 pravorum
246 849 390 884 disputatio
406 849 560 882 innodatur,
577 853 605 876 ut
626 853 699 876 recta
714 855 775 876 esse
794 849 877 875 simu-
893 846 915 875 Β
930 845 1029 878 cupiat,
1043 849 1131 872 tamen
1148 844 1252 872 ratione
1264 844 1378 879 cogitur,
1395 847 1424 870 ut
1437 843 1511 877 prius
1527 842 1552 870 in
1563 841 1657 870 activa!
1666 842 1727 870 vitae

86 897 143 925 lent
154 905 213 931 quae
226 904 350 931 perversa
362 894 533 931 persuadent.
619 930 621 934 .

122 943 150 970 7.
167 942 260 970 Lectio
287 944 423 970 memoriae
446 942 548 969 auxilio
570 946 640 976 eget.
665 941 741 974 Quod
761 941 783 968 si
798 940 878 967 suerit

87 989 244 1016 naturaliter
273 988 374 1016 tardior
386 1009 394 1021 ,
426 987 557 1022 frequenti
584 992 674 1015 tamen
702 987 878 1014 meditatione

87 1034 201 1066 acuitur,
216 1041 246 1060 ac
263 1034 367 1068 legendi
382 1033 537 1060 assiduitate
551 1034 696 1067 colligitur.

122 1078 148 1106 8.
161 1079 238 1114 Saepe
252 1080 354 1114 prolixa
372 1079 449 1106 lectio
471 1079 645 1113 longitudinis
673 1086 755 1106 eausa
776 1086 879 1106 memo-

85 1125 152 1153 riam
167 1126 280 1161 legentis
293 1125 419 1160 obtergit.
442 1125 518 1159 Quod
534 1126 556 1152 si
577 1125 666 1152 brevis
681 1126 724 1158 sit,
741 1125 878 1152 submoto-

85 1180 138 1207 que
151 1172 220 1199 libro
234 1173 365 1200 sententia
388 1177 547 1200 retractetur
563 1173 588 1199 in
604 1172 704 1204 animm
731 1177 794 1199 tunc
819 1173 877 1199 sine

84 1217 176 1245 labore
189 1219 294 1253 legitur,
307 1223 335 1246 et
356 1226 387 1246 ea
400 1227 460 1253 quae
475 1219 542 1246 lecta
555 1223 618 1246 sunt
633 1219 776 1246 recolendo
790 1226 804 1245 a
821 1226 878 1246 me-

84 1266 168 1292 moria
183 1266 293 1292 minime
306 1266 443 1293 excidunt.

119 1312 145 1338 9.
161 1312 358 1347 Acceptabilior
372 1317 413 1339 est
434 1312 557 1339 sensibus
583 1312 663 1339 lectio
691 1313 769 1339 tacita
796 1320 875 1345 quam

83 1363 192 1393 aperta;
215 1358 329 1392 amplius
343 1359 414 1385 enim
437 1358 586 1385 intellectus
602 1358 753 1390 instruitur,
769 1359 876 1391 quando

83 1412 133 1431 vox
147 1405 262 1440 legentis
274 1404 399 1438 quiescit,
415 1409 442 1432 et
457 1405 507 1431 sub
520 1405 626 1431 silentio
640 1405 730 1438 lingua
742 1409 873 1432 movetur.

82 1451 147 1478 Nam
160 1452 232 1479 clare
244 1451 358 1486 legendo
379 1456 406 1479 et
419 1458 516 1486 corpus
531 1451 657 1485 lassatur,
679 1457 706 1479 et
720 1452 793 1480 vocis
813 1459 876 1479 acu-

82 1504 143 1526 men
159 1498 324 1526 obtunditur.

375 1533 488 1562 CAPUT
507 1533 565 1561 XV.

263 1579 300 1607 De
312 1580 524 1615 contemplatione
539 1584 562 1606 et
577 1580 686 1606 actione.

118 1627 145 1654 1.
162 1626 254 1654 Activa
279 1627 332 1654 vita
356 1627 508 1654 innocentia
534 1631 575 1654 est
596 1634 707 1661 operum
730 1626 872 1659 bonorum,

82 1688 136 1711 tate
149 1684 273 1711 credendi
289 1684 321 1710 ad
339 1684 511 1711 Honoratum.
530 1684 674 1718 Sopor-atis,
691 1684 787 1718 iuquit,
800 1683 876 1719 παρίει

82 1719 197 1745 locorum
211 1720 391 1749 communium.
407 1728 509 1746 '‘e-§cum
518 1728 554 1750 re,
569 1728 645 1746 causa
659 1727 715 1747 Cum
728 1727 817 1752 causa,
832 1727 875 1745 ΠΙ·

83 1755 118 1780 tt'o
131 1763 188 1780 cum
202 1755 299 1781 ratione
314 1756 446 1790 confliqnt.
462 1755 569 1782 Lomsa.

117 1789 145 1815 4.
162 1789 207 1816 Sic
229 1790 341 1820 Paulus,
364 1791 383 1816 ll
399 1790 467 1816 Tim.
491 1798 508 1816 ιι
527 1800 532 1816 :
551 1790 649 1816 Stultos
674 1794 757 1816 autem
776 1794 800 1816 et
821 1790 876 1816 sine

82 1824 219 1859 disciplina
233 1826 384 1859 quoestiones
402 1825 492 1857 devita,
508 1826 590 1851 sciens
603 1826 661 1858 quia
674 1831 794 1859 qenernm
810 1826 874 1852 tues.

83 1859 117 1886 Et
131 1860 164 1885 ad
180 1859 267 1886 Titum
282 1859 338 1886 sere
351 1861 432 1892 idem,
450 1868 507 1893 cap.
524 1868 552 1887 ιιι
571 1869 576 1887 :
594 1861 692 1886 sinuas
705 1865 789 1887 niuem
809 1869 876 1894 quae-

81 1895 188 1927 stiones,
204 1899 226 1921 ee
241 1895 412 1930 qeneuloyins,
429 1901 451 1921 et
467 1897 639 1922 contentiones
660 1900 682 1922 et
698 1904 796 1930 puqnns
814 1896 876 1931 quis

83 1930 182 1962 deuna,-
197 1935 255 1957 sunt
269 1931 335 1956 enim
350 1931 462 1962 inutiles,
486 1935 508 1957 et
533 1939 622 1961 vnnoe;
647 1931 691 1957 ubi
715 1932 876 1964 quaestiones

83 1965 181 1992 multas
198 1965 343 1992 ineruditas
366 1966 494 2000 appellat.
512 1965 652 1992 Ambrosio
672 1970 791 1998 auctore,
817 1974 877 2000 quae

82 2007 115 2027 ex
131 2001 302 2028 contentione
319 2001 394 2035 liunt,
410 2006 435 2028 et
457 2002 515 2028 sinc
539 2002 594 2028 ullo
618 2002 706 2028 l'ructu
730 2002 877 2035 disciplinae

83 2035 252 2063 christianae.
271 2038 381 2063 Lonisi.

119 2070 146 2097 6.
163 2069 301 2098 Fistetium.
317 2072 370 2105 ΑΙ.,
381 2072 533 2106 infidelinm,·
546 2071 596 2099 boc
608 2075 659 2104 est,
674 2075 766 2098 contra
783 2071 877 2099 inlide-

84 2106 133 2133 lcs.
150 2106 234 2133 Anuv.

118 2141 145 2167 8.
163 2141 287 2177 Obterqit.
311 2142 348 2169 lta
368 2146 408 2169 est
431 2141 455 2168 in
471 2141 551 2169 Goth.
566 2142 673 2174 Tolet.;
700 2148 759 2168 nam
784 2149 798 2168 a
821 2142 878 2174 Sal-

85 2181 169 2204 mant.
186 2177 262 2203 abest
277 2182 330 2204 tota
345 2176 488 2211 sententia,
504 2177 529 2204 in
543 2177 652 2211 reliquis
662 2177 797 2210 omnibus,
811 2177 876 2204 obti-

86 2215 158 2238 terot.
176 2212 282 2240 tonsi.

118 2246 182 2274 Cito.
197 2255 242 2274 xv.
254 2247 286 2275 N.
304 2248 328 2275 1.
341 2247 378 2274 De
394 2248 447 2274 vita
459 2248 544 2274 activa
559 2251 585 2273 et
596 2247 802 2282 contemplativa
816 2255 876 2282 pas-

84 2281 134 2309 sim
148 2281 290 2316 Gregorius
300 2282 364 2315 agit,
376 2283 422 2310 sed
435 2283 580 2316 praesertim
591 2283 634 2308 lib.
647 2291 664 2309 ιι
675 2290 753 2316 snper
765 2283 874 2316 Ezecb.,

85 2315 179 2347 homil.
203 2318 251 2349 tt.
266 2322 293 2345 et
313 2318 358 2345 lib.
376 2326 391 2343 v
407 2318 524 2352 Exposit.
542 2318 568 2344 in
585 2317 593 2344 1
611 2317 720 2352 Regum,
745 2325 802 2351 cap.
830 2326 874 2350 xv,

85 2351 151 2379 illud
165 2360 173 2379 ε
190 2352 245 2380 Noe
259 2354 325 2380 enim
349 2361 435 2380 tumus
459 2353 615 2380 circumcisio
628 2374 634 2386 ,
652 2354 694 2387 qni
710 2354 800 2387 spirim
822 2353 875 2380 Deo

86 2387 220 2421 servimus,
234 2388 266 2414 ad
282 2388 395 2423 Philipp.
410 2397 449 2416 ιιι.
463 2389 519 2415 Vita
531 2388 616 2415 activa
631 2395 658 2415 et
668 2389 874 2422 contemplativa

88 2421 199 2449 mirifice
212 2422 290 2456 depin
309 2422 362 2450 itur
383 2423 417 2450 ab
441 2425 600 2458 Augustino,
626 2425 774 2457 praesertim
794 2432 875 2458 super

87 2455 177 2489 toan..
190 2461 266 2484 tract.
282 2465 298 2484 u
311 2462 330 2484 t.
347 2458 418 2486 Dua·
431 2460 514 2493 itaque
527 2460 590 2486 vitas
606 2459 652 2485 sibi
672 2459 793 2486 divinitus
808 2467 875 2490 μνω-

88 2491 186 2518 dicatas
200 2497 225 2518 et
235 2493 420 2521 commendatas
430 2495 497 2521 novit
506 2493 640 2526 Ecclesia·
655 2502 763 2528 quarum
777 2503 828 2521 una
839 2499 874 2522 est

88 2525 116 2553 ιἰι
128 2525 190 2560 fide.
204 2526 284 2554 attera
297 2532 336 2555 cet
349 2529 376 2554 in
385 2530 486 2563 specim
500 2537 552 2556 una
564 2529 591 2555 in
604 2534 715 2564 tempore
728 2530 876 2564 peremine-

89 2561 176 2594 tionis,
198 2563 280 2589 attera
302 2563 329 2589 in
343 2565 482 2591 oeternitate
496 2565 647 2596 ηιαηιίοηίις
664 2573 715 2591 nna
729 2566 756 2591 in
777 2565 872 2598 labore,

89 2596 172 2623 attera
183 2597 212 2624 in
225 2598 329 2631 requie.-
344 2606 396 2625 uno
413 2599 439 2625 in
451 2599 503 2631 uia.
519 2599 600 2626 attera
617 2600 644 2626 in
659 2601 762 2635 pati-im
777 2609 829 2626 una
847 2601 874 2627 in

151 2639 165 2658 e
176 2632 294 2665 actionis,
307 2632 389 2660 auara
406 2633 433 2661 itt
446 2635 558 2661 mercede
569 2635 806 2670 contemplationis:
821 2643 873 2662 una

136 2666 201 2694 linat
214 2675 230 2694 a
243 2667 322 2698 mato.
337 2671 360 2694 et
371 2669 432 2703 facit
444 2668 536 2696 bonum
545 2689 553 2702 ,
569 2669 649 2697 altera
661 2669 760 2697 nullum
771 2670 844 2698 habet
856 2678 873 2697 a

86 2709 90 2712 ⁴
107 2709 142 2729 tto
159 2701 268 2730 declinet
289 2702 397 2736 malum.
421 2711 541 2739 nunqnam
562 2703 635 2731 natm
659 2713 706 2740 quo
727 2705 874 2740 perfruatur

185 2757 193 2765 .
210 2738 244 2766 Et
257 2738 304 2766 lib.
321 2745 340 2766 ιι
355 2739 389 2766 de
401 2739 490 2767 verbis
505 2739 620 2773 Domini,
640 2746 722 2767 serm.
737 2739 774 2767 ΞΒ
788 2745 813 2766 et
826 2740 872 2768 27.

90 2771 164 2801 luem
176 2773 232 2801 fere
245 2773 356 2801 Basilius
366 2774 392 2801 in
404 2774 555 2810 regularum
567 2775 772 2802 monasticarum
786 2782 875 2810 prom-

90 2807 158 2843 nio,
173 2809 217 2836 ubi
233 2807 291 2837 tuse
303 2808 374 2837 banc
386 2810 524 2837 mater-tam
539 2812 643 2836 tractat.
655 2807 777 2837 Clemens
794 2810 875 2838 enam

89 2842 301 2879 Alexandrinus,
316 2844 362 2874 lib.
378 2845 477 2874 strom.
495 2851 521 2872 vt
530 2865 538 2878 ,
551 2844 690 2872 veritatem
704 2843 732 2872 in
746 2845 875 2881 cognitio-

889 1537 913 1568 C

931 893 1087 926 operatione
1098 896 1230 919 versetur.

965 939 993 966 4.
1009 938 1167 972 Exemplum
1185 938 1256 965 enim
1273 938 1367 964 activae
1393 941 1419 964 et
1434 935 1652 971 contemplativae
1667 935 1729 963 vitae

931 984 964 1011 de
980 983 1064 1010 Jacob
1080 990 1166 1015 sume,
1191 983 1236 1017 qui
1261 983 1324 1009 dnm
1347 982 1380 1008 ad
1403 981 1520 1015 Rachel,
1543 981 1594 1008 boc
1614 985 1672 1013 est,
1695 980 1729 1007 ad

930 1029 1015 1056 visum
1032 1029 1202 1064 principium,
1219 1028 1369 1055 destinaret
1381 1047 1389 1060 ,
1401 1034 1460 1061 quae
1472 1026 1728 1061 contemplationem

931 1076 1074 1111 significat,
1091 1075 1138 1102 Lia
1166 1075 1214 1107 illi,
1233 1075 1284 1101 lioc
1305 1079 1357 1107 est,
1380 1075 1513 1102 laboriosa
1530 1075 1585 1102 vita
1599 1074 1727 1110 supponi-

931 1127 984 1155 tur,
1000 1130 1058 1157 quae
1083 1122 1196 1149 activam
1212 1121 1381 1148 demonstrat
1396 1120 1472 1155 (Gen.
1490 1122 1579 1157 xxix).

967 1170 994 1196 5.
1011 1168 1084 1196 Sicut
1099 1168 1221 1202 sepultus
1233 1167 1266 1194 ab
1277 1167 1349 1194 omni
1359 1167 1467 1202 negotio
1478 1172 1584 1194 terreno
1593 1167 1724 1201 privatur,

930 1216 966 1242 ita
986 1220 1013 1242 et
1035 1213 1256 1248 contemplationi
1278 1220 1376 1240 vacans
1395 1213 1428 1240 ab
1454 1214 1527 1240 omni
1550 1214 1727 1248 occupatione

930 1260 1027 1287 actuali
1043 1260 1181 1286 avertitur.
1201 1259 1234 1286 Et
1257 1259 1326 1285 sicut
1346 1258 1380 1285 ab
1400 1258 1499 1286 actuali
1520 1258 1575 1286 vita
1598 1266 1728 1286 conscen-

929 1307 1023 1333 dentes
1039 1307 1064 1333 in
1081 1305 1318 1340 contemplationis
1331 1305 1421 1339 quiete
1443 1305 1624 1339 sepeliuntur,
1637 1306 1673 1333 ita
1689 1306 1723 1333 ab

929 1353 1034 1378 actione
1050 1351 1141 1378 saeculi
1153 1351 1312 1378 recedentes
1324 1357 1371 1377 eos
1388 1350 1440 1377 vita
1459 1350 1545 1377 activa
1562 1350 1588 1377 in
1605 1358 1635 1378 se
1649 1351 1725 1385 quasi

928 1398 1098 1432 sepeliendos
1130 1397 1258 1432 suseipit;
1284 1405 1315 1424 ae
1343 1404 1390 1432 per
1417 1397 1468 1424 boc
1494 1398 1556 1424 vitae
1583 1398 1725 1426 mundante

927 1444 1012 1472 activa
1028 1444 1094 1478 vita,
1112 1449 1138 1472 et
1155 1444 1217 1472 vitae
1238 1444 1334 1472 activae
1349 1445 1556 1480 contemplativa
1572 1446 1724 1481 sepulcrum

927 1494 980 1517 esi.

965 1536 992 1563 6.
1013 1536 1069 1563 Viri
1091 1537 1176 1564 sancti
1194 1557 1202 1570 ,
1223 1537 1293 1564 sicut
1315 1545 1330 1565 a
1353 1543 1459 1566 secreto
1485 1539 1719 1574 contemplationis

926 1582 1099 1616 egrediuntur
1120 1582 1152 1609 ad
1179 1581 1314 1616 publicum
1342 1583 1474 1617 actionis,
1502 1585 1538 1611 ita
1564 1592 1658 1612 rursus
1689 1586 1722 1613 ab

926 1627 1038 1654 actionis
1052 1627 1195 1654 manifesto
1203 1627 1236 1654 ad
1248 1633 1383 1656 secretum
1395 1629 1476 1665 302
1486 1631 1722 1665 contemplationis

927 1692 986 1712 nem
998 1688 1025 1711 et
1035 1685 1166 1711 actionem
1180 1684 1302 1718 partitur.
1320 1685 1352 1711 Et
1367 1685 1399 1712 de
1414 1685 1570 1713 excellentia
1584 1686 1646 1713 vitaz
1657 1694 1723 1714 con-

927 1720 1089 1753 templativae
1102 1720 1147 1746 lib.
1164 1727 1211 1746 vn.
1230 1720 1342 1753 Prosper
1357 1720 1436 1747 etiam
1452 1725 1504 1748 tres
1519 1722 1599 1748 libros
1613 1723 1647 1749 de
1663 1722 1719 1749 Vita

927 1755 1132 1789 contemplativa
1146 1757 1306 1789 composuit,
1316 1760 1343 1782 et
1354 1756 1498 1783 discrimen
1511 1758 1646 1792 utriusque
1659 1757 1721 1785 vitae

927 1791 1030 1822 statuit,
1049 1791 1215 1822 potissimum
1234 1790 1278 1817 lib.
1294 1798 1317 1821 1,
1333 1798 1391 1824 cap.
1408 1791 1452 1818 12.
1470 1791 1578 1819 tonsi.

963 1825 990 1854 3.
1004 1825 1097 1859 Greg.‚
1116 1826 1162 1851 lib.
1179 1833 1204 1851 νι
1222 1825 1327 1857 Moral.‚
1344 1834 1368 1853 c.
1387 1827 1429 1853 17.
1450 1826 1559 1854 Lousn.

964 1860 1033 1887 lbid.
1051 1861 1083 1886 Et
1097 1861 1155 1886 licet
1170 1868 1315 1887 conversus.
1331 1860 1483 1888 Conversus
1497 1863 1518 1889 is
1543 1863 1650 1896 dicitur,
1674 1863 1720 1898 qui

928 1897 1026 1922 saeculo
1039 1895 1194 1922 renuntians
1206 1896 1326 1929 sequitur
1342 1897 1367 1923 in
1377 1897 1428 1923 vita
1445 1898 1561 1931 perfecta
1570 1897 1717 1926 Christum.

931 1931 1005 1958 Unde
1026 1931 1096 1962 laici,
1111 1931 1156 1964 qui
1181 1931 1280 1957 saeculo
1301 1932 1506 1965 renuntiarunt,
1535 1933 1562 1960 in
1589 1933 1718 1967 religione

931 1967 1053 1993 conversi
1080 1966 1257 1999 appellantur.
1277 1966 1323 1993 Est
1348 1967 1419 1994 enim
1446 1967 1473 1994 in
1501 1967 1553 1994 illis
1578 1969 1718 1996 conversio

929 2003 1050 2035 quandam
1067 2001 1156 2027 cordis
1169 2002 1266 2028 versio.
1285 2002 1439 2036 impositum
1465 2003 1516 2030 illis
1532 2011 1628 2030 nornen
1643 2004 1718 2031 vide-

930 2041 973 2063 tur
989 2037 1022 2063 ab
1037 2037 1081 2062 illo
1098 2036 1195 2062 Ececli.
1213 2045 1306 2068 xxxin,
1323 2038 1392 2070 quod
1417 2038 1592 2072 Augustinus,
1622 2039 1668 2066 lib.
1684 2039 1718 2066 de

930 2079 991 2098 vera
1007 2076 1033 2097 et
1050 2071 1114 2097 l'alsa
1138 2071 1298 2098 Paenitentia
1319 2072 1355 2099 ita
1371 2074 1433 2099 citat
1450 2081 1456 2099 :
1476 2074 1633 2108 Quocunque
1655 2075 1719 2101 hora

929 2112 1046 2141 peccator
1057 2107 1216 2141 inqemnerit,
1227 2111 1251 2133 et
1265 2115 1398 2134 conversus
1410 2109 1499 2142 suerit,
1511 2109 1563 2135 vita
1574 2111 1649 2135 vivet.
1664 2109 1717 2136 Ad-

930 2143 1023 2174 dit-uie
1042 2143 1182 2175 Augustin.
1200 2151 1205 2167 ε
1236 2141 1322 2174 Dixit,
1349 2151 1517 2177 conversum,
1544 2152 1595 2171 non
1617 2149 1717 2171 tantum

930 2185 1038 2208 versum,
1053 2178 1103 2203 vita
1115 2178 1204 2204 vivere.
1220 2177 1329 2204 Versum
1345 2178 1445 2212 quidem
1466 2184 1538 2213 puto.
1553 2180 1596 2213 qui
1609 2180 1676 2206 dotet
1687 2180 1719 2206 de

892 2222 917 2251 Β
930 2213 1054 2242 crimina
1070 2220 1228 2242 conversum.
1255 2213 1298 2245 qm'
1319 2214 1386 2239 dolet
1405 2214 1435 2240 de
1460 2214 1539 2241 animi
1558 2215 1615 2250 ejus
1639 2223 1716 2248 quam

930 2249 1092 2282 cei-posuimus
1105 2248 1235 2274 varietate.
1251 2247 1364 2274 Vertitur
1375 2257 1389 2274 a
1406 2254 1518 2281 peccato,
1537 2251 1581 2284 qni
1597 2250 1653 2283 jam
1666 2250 1718 2276 vult

930 2284 1054 2309 dimittere
1064 2289 1203 2317 peccatum.
1221 2282 1393 2311 Convertitur.
1405 2285 1448 2317 qui
1457 2286 1514 2320 jam
1533 2290 1599 2310 totus
1620 2289 1644 2310 et
1665 2292 1718 2311 om-

929 2319 990 2344 nino
1002 2319 1115 2349 vertitur,
1127 2318 1233 2352 quijmn
1247 2326 1296 2344 non
1305 2324 1402 2344 mutum
1414 2327 1502 2352 plenas
1514 2328 1563 2345 non
1578 2319 1659 2351 timet,
1674 2322 1717 2346 sed

928 2355 962 2380 ad
979 2354 1071 2380 honum
1095 2353 1199 2379 Domini
1210 2353 1360 2380 contendere
1374 2354 1486 2387 festinat.
1502 2354 1567 2386 Quoe
1588 2356 1717 2381 conversio

928 2389 949 2415 si
960 2389 1093 2423 contiqerit
1101 2389 1190 2420 alicui,
1202 2391 1277 2414 elium
1290 2389 1315 2414 in
1333 2389 1395 2422 fine,
1414 2389 1601 2421 desperandum
1615 2397 1665 2415 non
1681 2394 1717 2417 eat

929 2425 960 2450 de
971 2425 1026 2459 ejus
1038 2425 1196 2450 remissione.
1217 2423 1269 2450 Sed
1285 2424 1404 2457 quoniam
1420 2425 1462 2449 via:
1474 2422 1512 2449 vet
1531 2431 1589 2449 raro
1611 2429 1647 2450 est
1664 2428 1716 2451 tam

925 2461 1000 2495 justa
1029 2460 1177 2491 conversio,¹
1191 2458 1331 2484 [intendunt
1361 2462 1397 2484 est
1432 2458 1464 2484 de
1485 2459 1621 2493 poenitente
1645 2467 1713 2487 sero.

929 2495 1036 2521 homst.

965 2529 992 2555 4.
1012 2529 1124 2563 Gregor.
1140 2548 1148 2560 ‚
1172 2527 1218 2555 lib.
1249 2535 1266 2554 ιι
1293 2535 1373 2559 super
1397 2527 1496 2555 Ezecli.
1511 2547 1520 2561 ,
1550 2528 1643 2557 homil.
1670 2530 1714 2557 tt.

929 2565 1037 2592 Lousi.

965 2599 1035 2626 lbid.
1053 2598 1114 2625 lime
1129 2603 1154 2625 et
1168 2598 1262 2626 similia
1289 2598 1402 2633 repetita
1416 2602 1478 2626 sunt
1493 2598 1520 2625 in
1536 2603 1714 2629 commentor.

929 2636 956 2662 in
970 2634 1082 2667 Geues„
1101 2634 1127 2660 in
1153 2634 1282 2668 opusculo
1293 2633 1327 2660 de
1341 2633 1397 2660 Vita
1413 2634 1497 2661 activa
1513 2638 1541 2661 et
1551 2636 1713 2669 contempla-

926 2671 991 2702 tiva,
1007 2670 1075 2695 inter
1095 2669 1257 2703 appendices
1274 2669 1426 2701 referendo,
1449 2674 1475 2697 et
1497 2669 1524 2696 in
1551 2670 1714 2698 Differentiis

924 2711 1024 2732 rerum.
1039 2706 1126 2730 Ansv.

962 2739 989 2766 5.
1006 2740 1044 2765 Ex
1061 2737 1152 2773 (ἶνες,
1165 2739 1210 2766 lib.
1226 2746 1251 2766 vi
1263 2738 1369 2772 Mora-t..
1384 2746 1444 2774 cap.
1462 2740 1506 2767 17.
1521 2740 1629 2768 ιοΑιςΑ.

962 2775 988 2801 6.
1005 2774 1044 2801 Ex
1060 2772 1183 2808 Gregor..
1198 2774 1245 2801 lib.
1259 2782 1284 2800 vi
1303 2773 1408 2808 Morsu„
1427 2781 1486 2809 cap.
1503 2775 1546 2804 17.
1565 2777 1612 2804 Est
1632 2776 1712 2803 etiam

927 2810 974 2838 lib.
990 2816 1028 2839 vi.
1043 2808 1122 2842 epist.
1150 2809 1212 2842 wo,
1231 2808 1264 2836 ad
1281 2808 1422 2845 cyriacum
1437 2810 1602 2847 episcopum.
1618 2811 1652 2840 ΕΙ,
1665 2809 1711 2838 hn-

928 2845 1004 2874 betur
1017 2844 1043 2878 8,
1060 2851 1086 2878 q.
1103 2843 1128 2877 t.
1143 2851 1202 2878 cap.
1217 2843 1250 2872 In
1260 2843 1412 2877 Sci-waaris.
1430 2844 1537 2874 Louna.

917 2899 922 2902 .
1607 2902 1610 2904 ,
1639 2900 1647 2906 ..
1660 2902 1674 2906 ,,
1687 2900 1707 2914 a
