1832 3016
172 185 224 214 ⁴²5

174 287 207 313 ad
226 285 297 312 illam
313 281 448 309 coelestem
471 278 620 307 Jerusalem
641 285 672 305 ex
689 276 767 311 hujus
781 275 873 304 saeeuli
887 283 963 311 pere-

172 329 322 365 grinatione
341 324 525 353 redeundum?

208 375 235 400 2.
251 373 302 401 Per
314 379 405 406 quem,
418 371 469 398 nisi
484 377 532 404 per
545 370 636 396 Jesum
648 368 783 395 Christum
797 374 860 395 vere
874 373 966 394 sacer-

173 420 264 447 dotem
289 425 432 453 magnum,
451 417 529 451 cnjus
549 415 664 451 figuram
688 414 798 449 gerebat
820 413 866 441 ille
886 413 964 440 Jesus

172 466 296 494 sacerdos
324 471 436 499 magnus
462 462 533 490 illius
556 461 694 495 temporis,
716 467 731 487 a
755 467 810 494 quo
835 459 963 494 templum

172 513 331 541 aediticatum
353 515 395 537 est
420 513 481 544 post
503 507 702 543 captivitatem?
723 506 808 540 Quem
834 505 964 540 propheta

155 588 158 596 Ι
173 557 314 586 Zacharias
325 556 392 583 vidit
403 555 430 582 in
443 554 553 582 sordido
564 553 668 586 habitu,
677 553 835 587 devictoque
846 551 964 583 diabolo,

172 604 218 640 qui
236 604 274 630 ad.
289 602 348 637 ejus
364 600 564 629 accusationem
587 600 686 631 stabat,
703 598 818 626 ablatam
838 597 863 625 ei
877 597 965 624 sordi-

172 650 233 677 dam
249 653 361 680 vestem,
379 651 406 674 et
417 646 510 673 datum
533 645 716 672 indumentum
733 643 843 670 honoris
862 649 890 670 et
908 642 966 677 glo-

172 695 238 726 riae;
259 694 328 721 sicut
346 699 444 726 corpus
463 691 526 718 Jesu
549 689 659 722 Christi,
676 689 746 723 quod
767 692 809 715 est
833 688 964 720 Ecclesia,

172 739 327 768 adversario
340 739 366 765 in
382 738 436 765 fine
454 742 604 771 temporum
620 743 668 770 per
679 734 809 770 judicium
828 738 964 768 superato,

173 794 188 813 a
202 786 276 814 luctu
297 783 519 820 peregrinationis
534 783 562 810 in
575 782 688 818 gloriam
710 781 882 816 sempiternae
895 780 967 807 salu-

175 831 210 860 tis
225 831 381 859 assumitur.

208 877 235 904 5.
249 877 325 910 Quod
335 877 415 904 etiam
431 876 458 904 in
474 875 578 911 psalmo
589 873 766 902 dedicationis
778 873 875 900 domus
890 879 965 906 aper-

471 176 500 204 S.
520 174 644 204 lSlDORl
662 172 708 209 Qu
715 172 800 202 AEST.
817 171 849 200 lN
867 171 982 201 VETUS
996 170 1144 199 TESTAM.
1160 184 1195 190 —
1213 169 1259 197 DE
1279 167 1499 197 MACHABAEts.
1749 171 1783 198 42

175 242 246 269 tione
258 238 452 266 transcurrunt,
468 233 549 260 etiam
565 232 653 265 nobis,
667 232 693 259 id
708 235 757 262 est,
774 230 900 258 Ecclesiae
913 230 962 258 Dei
976 232 1001 261 Α
1016 229 1101 256 cultui
1126 228 1290 262 mancipata,
1305 235 1353 254 rex
1373 226 1537 262 Babylonius
1555 226 1678 256 diabolus
1692 235 1744 264 est,
1758 238 1775 266 q

1018 274 1137 302 fidelium
1161 274 1288 309 populum
1312 281 1433 301 errorum
1455 274 1609 308 captivitate
1630 275 1747 303 vinctum
1770 276 1787 304 d

1016 320 1177 353 Jerusalem,
1190 320 1216 348 id
1230 325 1283 352 est,
1300 320 1459 352 Ecclesiam,
1475 320 1502 347 in
1515 320 1698 355 Babyloniam,
1711 321 1738 349 id
1750 325 1804 358 est,

1017 366 1201 394 contusionem
1217 367 1351 394 haereticae
1366 366 1517 400 pravitatis,
1533 365 1654 393 abduxit.

1051 411 1080 437 2.
1093 411 1146 439 Sed
1164 416 1192 438 et
1206 416 1308 446 partem
1323 418 1457 442 vasorum,
1472 411 1497 438 id
1512 417 1565 443 est,
1579 415 1746 440 sacramento
1808 443 1811 445 ,

1017 455 1096 483 simul
1119 463 1180 483 cum
1195 456 1306 490 captivis
1320 455 1479 490 asportavit.
1496 455 1561 482 Nam
1575 463 1638 483 vasa
1653 463 1808 484 sacramen-

1021 506 1109 529 torum
1134 502 1191 537 ipsa
1215 507 1383 529 sacramenta
1407 502 1568 537 significant,
1584 510 1633 537 per
1647 511 1707 539 quae
1724 503 1814 532 divini-

1018 548 1106 574 cultus
1122 546 1253 581 perfectio
1268 547 1440 582 adimpletur.
1459 548 1617 576 Detulerunt
1633 557 1750 584 namquo
1774 556 1810 577 ex

1018 594 1059 621 eis
1074 593 1199 620 nonnulla
1213 600 1303 620 secum
1319 592 1489 621 haeretici.1n
1505 595 1592 628 primo
1607 602 1705 622 nomen
1720 595 1780 630 ipsu

1017 639 1127 671 Christi,
1141 646 1194 673 quo
1208 646 1238 666 se
1250 637 1419 665 Christianos
1432 638 1523 673 utique
1533 639 1637 671 dicunt,
1652 644 1794 674 asportare

1021 689 1082 711 runt
1109 686 1204 718 legem,
1233 683 1416 718 EvangeHum,
1439 684 1616 718 Apostolum,
1643 685 1797 719 psalterium

1018 728 1195 764 baptismum,
1211 736 1300 762 amen,
1317 728 1436 756 alleluia.

1328 785 1441 813 CAPUT
1461 785 1505 813 111.

1191 831 1229 858 De
1244 831 1328 858 reditu
1343 831 1432 867 populi
1443 832 1469 858 ιἰι
1484 831 1639 859 Jerusalem.

1057 876 1083 903 1.
1098 877 1163 904 Cum
1177 882 1266 904 autern
1279 882 1402 912 respectu
1417 877 1474 910 Dei,
1489 877 1644 912 ignorantiae
1655 865 1832 914 confusions]

173 923 276 951 tissime
288 923 411 951 canitur:
427 921 580 950 Cortuertisti
595 921 691 948 luctum
706 928 789 947 meum
802 919 829 946 in
842 918 964 954 gaudium
981 920 1005 950 Β
1018 924 1123 958 renem,
1139 925 1252 959 „opums
1274 926 1307 952 ad
1325 926 1486 959 Jerusfflen„
1504 927 1529 954 id
1545 931 1596 959 est,
1613 927 1746 955 visj0nem
1768 919 1832 963 9³⁸¹*

174 969 248 1002 mihi,
260 969 405 996 conscidisti
415 976 515 995 saccum
527 975 620 999 ineam,
632 972 654 993 et
670 966 802 992 accinxisti
816 972 854 991 me
869 964 967 997 laelitia,

172 1019 199 1042 ut
209 1019 293 1042 cantet
302 1015 346 1041 tibi
355 1015 439 1050 qloria
451 1022 516 1046 mea,
525 1018 549 1040 et
559 1021 610 1039 non
619 1019 775 1046 compunqur
783 1009 871 1045 (Psal.
879 1011 966 1043 xxix).

487 1069 601 1097 CAPUT
621 1069 653 1095 11.

228 1141 230 1143 ¹
259 1107 297 1134 De
313 1107 379 1133 vasis
394 1106 497 1133 Domini
510 1106 537 1132 in
552 1104 720 1139 Babyloniam
735 1102 885 1137 deportatis.

211 1153 237 1180 1.
251 1152 328 1186 Quod
344 1157 432 1178 autem
454 1158 519 1178 vasa
540 1149 644 1176 Domini
658 1148 807 1180 sacrificiis,
825 1146 866 1174 vel
880 1153 969 1173 sacra-

174 1199 272 1226 mentis
295 1198 417 1233 mysticis
433 1197 568 1231 deputata,
586 1203 630 1222 rex
657 1194 791 1230 quondam
810 1192 969 1228 Babylonius

175 1244 210 1272 de
222 1244 371 1271 Jerusalem
395 1243 554 1273 abstulisse,
578 1241 656 1276 551
673 1239 826 1274 pariterque
855 1245 915 1264 cum
929 1243 971 1263 ca-

177 1289 259 1323 ptivis,
273 1288 430 1320 abduxisse,
449 1292 476 1314 et
501 1287 556 1314 suis
578 1286 670 1313 usibus
697 1285 840 1319 deputasse
862 1282 968 1316 legitur,

178 1334 324 1361 miserante
353 1338 442 1359 autem
467 1332 536 1364 Deo,
564 1336 624 1366 post
649 1331 761 1357 solutam
789 1328 970 1363 captivitatem

176 1387 241 1408 vasa
255 1380 299 1407 illa
312 1380 395 1407 relata
411 1383 473 1406 sunt
487 1386 541 1406 non
554 1377 704 1409 confracta,
716 1382 741 1403 et
755 1376 847 1403 divino
862 1382 971 1402 rursum

1022 971 1070 1003 cis,
1088 979 1146 1005 quae
1157 976 1198 998 est
1219 972 1340 999 Ecclesia
1362 972 1409 1000 Dei
1424 972 1487 1005 vivi,
1502 973 1570 1000 duce
1585 973 1708 1006 Domino,
1725 974 1832 1009 redirefi

1023 1015 1142 1047 festinat,
1158 1016 1216 1043 haec
1231 1024 1304 1049 vasa,
1325 1016 1352 1043 id
1373 1022 1425 1050 est,
1441 1024 1619 1053 sacramenta,
1634 1026 1725 1047 secum
1739 1018 1832 1048 dere--

1023 1069 1096 1095 rens,
1110 1069 1163 1089 non
1176 1062 1310 1095 immutat,
1326 1063 1373 1090 sed
1390 1068 1509 1098 reportat
1522 1065 1613 1099 utique
1628 1065 1748 1100 integrm
1763 1059 1832 1102 nee<

1022 1107 1178 1142 confringit,
1192 1108 1269 1142 quasi
1290 1108 1318 1134 in
1337 1108 1432 1136 melius
1449 1111 1620 1142 renovanda;
1638 1110 1686 1137 sed
1698 1117 1731 1138 ea
1746 1113 1832 1147 tem-i

1025 1153 1069 1187 plo
1086 1153 1205 1180 restituit
1215 1174 1223 1187 ,
1239 1154 1383 1188 usibusque
1396 1154 1494 1182 divinis
1509 1155 1705 1183 accommodat.

1060 1199 1086 1225 2.
1104 1199 1142 1225 lta
1157 1203 1187 1226 ut
1207 1207 1238 1227 ea
1263 1208 1355 1228 secum
1380 1209 1432 1228 non
1449 1202 1563 1236 perdita,
1585 1202 1633 1230 sed
1649 1202 1729 1230 etiam
1744 1199 1832 1237 apudf

1026 1244 1122 1278 impios
1144 1251 1248 1273 servata
1274 1246 1367 1279 fuisse,
1395 1247 1470 1283 plebs
1494 1249 1617 1276 restituta
1636 1244 1828 1284 congaudeam

1026 1289 1079 1317 Nec
1102 1290 1221 1319 delemus
1245 1291 1435 1326 Evangelium,
1461 1300 1510 1321 nec
1530 1293 1717 1321 oblitteramus
1742 1283 1832 1341 Apo-ig

1028 1336 1138 1369 stolum,
1153 1345 1230 1364 amen
1242 1346 1348 1373 quoque-
1368 1344 1394 1366 et
1413 1339 1519 1367 alleluia
1543 1347 1597 1367 non
1610 1339 1832 1378 commutamus]

1029 1380 1161 1415 baptisma
1175 1390 1228 1410 non
1242 1384 1380 1411 iteramus.

176 1448 245 1482 quod
260 1447 336 1473 etiam
350 1450 415 1480 11081·
432 1445 495 1475 Alfi·
511 1446 564 1478 jam
584 1443 653 1477 ‘Wffll
665 1442 739 1469 ‘liam
753 1446 818 1476 p081·
833 1441 886 1468 Pf⁰
898 1440 971 1468 lere·
985 1445 1008 1475 C
1061 1446 1126 1482 Cap.
1138 1456 1168 1476 ιι.
1179 1449 1211 1476 N.
1223 1449 1250 1476 2.
1261 1449 1325 1482 Alii,
1342 1458 1393 1485 quo
1403 1455 1426 1477 et
1437 1450 1576 1478 Christiani
1586 1452 1674 1486 utique
1685 1452 1832 1491 dt'cmuur..¹

180 1483 238 1510 miae
253 1483 298 1508 alii
318 1482 416 1508 habent
431 1480 532 1507 Esdroe.
544 1481 630 1506 Anev.

213 1518 241 1544 2.
256 1517 319 1549 Alii,
335 1515 463 1543 Christum
478 1523 564 1541 verum
578 1513 745 1540 sacerdotem.
759 1512 792 1539 Et
803 1519 875 1545 mox,
887 1511 969 1538 stabat

179 1552 266 1579 ablata
285 1553 307 1578 ei
322 1551 427 1578 sordida
439 1555 503 1576 veste
517 1551 616 1575 clatum.
635 1551 720 1575 Anev.

212 1587 238 1615 5.
252 1586 304 1614 Alii
319 1595 327 1613 ι
344 1585 449 1612 Cantent
463 1585 507 1612 eibi
523 1584 632 1619 gloriam
647 1591 739 1610 meam.
754 1583 842 1610 Ansv.

1025 1483 1111 1510 Ansv.

1059 1519 1124 1559 (ξΑι).
1140 1526 1180 1546 ιιι.
1191 1520 1223 1546 N.
1243 1521 1269 1547 1.
1286 1519 1396 1547 Relicta.
1414 1521 1468 1554 At„
1484 1521 1598 1554 reticius,
1611 1525 1640 1549 ut
1654 1522 1832 1558 intelligatur?

1027 1553 1135 1581 relictus
1156 1555 1280 1589 populus.
1295 1557 1382 1583 Ansv.

762 1731 842 1772 DE
869 1728 1235 1771 MACHABAEIS.

215 1822 295 1859 552
309 1823 335 1850 1.
361 1822 399 1850 De
415 1821 575 1849 Machabaeis
595 1825 684 1849 autem
709 1820 773 1855 quid
789 1820 914 1847 fratribus
929 1820 970 1847 lo-
982 1820 1009 1849 D
1024 1826 1084 1854 quae
1098 1826 1189 1846 rerum
1211 1818 1306 1846 ordine
1319 1826 1366 1853 per
1389 1826 1435 1847 sua
1452 1824 1572 1855 tempora
1593 1825 1768 1850 cucurrerunt
1781 1819 1832 1857 d}

179 1878 263 1905 quar,
277 1869 321 1904 qui
335 1869 385 1897 sub
399 1869 532 1896 Antiocho
545 1875 607 1903 rege
622 1876 670 1902 pro
685 1867 768 1895 sacris
791 1867 893 1901 legibus
915 1867 972 1893 dira

179 1919 310 1944 tormenta
323 1915 442 1949 perpessi
455 1913 537 1940 sunt?
554 1914 639 1940 hhter
652 1913 696 1948 pia
709 1920 771 1940 cum
783 1911 896 1939 diversis
907 1919 973 1946 sup·

179 1961 266 1997 pliciis
287 1965 436 1995 urgeretur,
452 1967 507 1987 non
528 1959 615 1987 solum
637 1966 690 1986 non
705 1958 790 1992 flevit,
809 1957 854 1986 sed
867 1962 895 1985 et
907 1964 972 1992 gau-

181 2007 247 2035 dens
262 2007 418 2034 hortabatur
429 2007 462 2034 ad
475 2006 587 2040 gloriam
600 2005 743 2040 passionis.

212 2052 240 2080 2.
256 2052 300 2080 Sic
314 2057 341 2079 et
355 2056 442 2079 mater
453 2051 572 2079 Ecclesia
583 2051 693 2086 gaudet,
707 2056 786 2086 atque
804 2051 831 2078 in
847 2049 971 2086 martyri·

179 2098 230 2125 hus
240 2098 296 2125 suis
310 2097 468 2130 collaetatur,
485 2098 667 2132 majoremque
681 2097 795 2131 gloriam
814 2104 860 2130 per
872 2100 971 2131 marty-

179 2143 218 2170 ria
242 2142 357 2169 tiliorum
371 2142 556 2176 consequitur,
572 2142 635 2168 dum
659 2149 705 2169 eos
725 2149 772 2175 per
786 2141 970 2176 septiformem

179 2186 308 2222 Spiritum
324 2194 466 2221 superasse
479 2186 615 2214 diabolum
629 2186 787 2221 gratulatur.
799 2187 864 2220 Quis
875 2187 972 2222 poterit

180 2231 270 2259 omnia
284 2239 342 2266 quae
354 2231 407 2258 illis
420 2231 556 2259 veteribus
571 2231 638 2265 legis
652 2236 679 2258 et
690 2232 879 2266 prophetarum
895 2232 971 2259 libris

180 2279 293 2313 figurate
326 2277 516 2305 annuntiantur
526 2300 534 2311 ,
561 2278 728 2313 quantalibet
755 2279 884 2307 brevitate
911 2287 971 2314 per-

179 2323 330 2360 stringere!
344 2323 403 2352 Nisi
422 2324 481 2360 quis
495 2323 564 2353 sorte
580 2328 657 2359 putat
679 2324 786 2359 ingenio
803 2325 872 2359 fieri,
894 2330 923 2353 ut
939 2332 972 2353 ea

214 2403 327 2457 1.⁹Qntid
338 2401 460 2438 tratribus
470 2402 579 2438 loquar?
591 2401 646 2435 at„
658 2401 781 2436 [ratribus
794 2401 857 2436 quid
867 2401 971 2436 eloqua-

178 2441 426 2520 muQ’i'QAtdsmiioter-it
442 2473 538 2506 omnia.
554 2480 639 2507 usque
654 2472 687 2500 ad
701 2472 790 2507 figuroe
806 2476 900 2500 nostrat
914 2472 970 2507 sue-

177 2513 247 2571 mg..
258 2508 368 2577 5:⁶02.
382 2508 703 2579 fflssssafflficffifquff
726 2542 875 2577 Christiani,
898 2542 970 2578 quod

1799 1777 1832 1805 »1-

1027 1865 1153 1899 mysticas
1188 1864 1397 1899 significationes
1434 1865 1635 1901 interpretando
1669 1859 1832 1939 vertanttq

1025 1910 1081 1938 Hoc
1094 1911 1163 1938 forte
1176 1910 1260 1938 Judaei
1273 1917 1387 1946 possunt
1400 1912 1500 1945 dicere,
1515 1914 1572 1941 sive
1587 1914 1695 1950 Pagani.
1794 1920 1798 1933 ¹

1059 1957 1086 1984 5.
1115 1957 1161 1984 Eis
1173 1962 1263 1985 autem
1276 1957 1321 1991 qui
1339 1966 1367 1984 se
1382 1957 1547 1987 Christianos
1562 1967 1623 1987 esse
1642 1960 1734 1988 volunt
1757 1969 1773 1996 p

1024 2002 1072 2030 mit
1087 2003 1217 2030 cervicem
1239 2002 1387 2037 apostoliea
1411 2004 1564 2039 auctoritas,
1591 2005 1706 2033 dicens:
1725 2006 1773 2033 Om
1802 2006 1804 2008 ’

1024 2048 1078 2076 lzoec
1097 2049 1123 2075 in
1143 2049 1227 2084 figura
1250 2049 1429 2084 contingebant
1448 2049 1499 2076 illis
1519 2048 1558 2084 (1.
1575 2050 1636 2078 Cor.
1658 2050 1697 2086 x);
1717 2055 1745 2078 et
1759 2051 1774 2078 h
1802 2039 1806 2043 ,

1025 2094 1116 2121 omnia
1131 2094 1223 2128 figurae
1249 2099 1348 2121 nostrai
1371 2094 1489 2127 fuerunt,
1505 2096 1532 2123 in
1546 2103 1613 2131 quos
1629 2096 1689 2124 finis
1701 2088 1799 2124 saecut'

1023 2148 1084 2167 rum
1100 2140 1219 2168 omnium
1235 2141 1318 2173 venit,
1331 2145 1446 2176 suntque
1460 2141 1583 2168 universa
1605 2142 1739 2177 mysteriis

1025 2189 1157 2213 sununata
1180 2193 1227 2221 per
1250 2185 1392 2214 Dominum
1409 2193 1530 2214 nostrum
1553 2187 1645 2215 Jesum
1669 2186 1759 2215 Christ
1792 2219 1796 2222 ,

1025 2232 1067 2258 cui
1084 2232 1142 2258 laus
1157 2236 1209 2264 est,
1224 2236 1251 2259 et
1267 2231 1364 2265 honor,
1380 2237 1406 2260 et
1425 2232 1519 2266 gloria,
1536 2240 1645 2267 regnum
1658 2236 1687 2260 et
1699 2237 1773 2267 potes

1025 2284 1084 2304 cum
1107 2277 1184 2305 Patre
1207 2282 1234 2304 et
1251 2277 1351 2312 Spiritu
1376 2281 1470 2305 sancto
1485 2278 1511 2305 in
1532 2279 1630 2305 saecula
1643 2278 1781 2306 saeculoru‘
1795 2270 1802 2275 ⁴

1025 2324 1122 2351 Amen.

1023 2401 1121 2428 clarius
1140 2404 1191 2428 est.
1214 2399 1305 2428 Codex
1328 2399 1499 2427 Florentinus
1525 2398 1642 2431 in-solio,
1666 2407 1719 2434 quo
1742 2406 1756 2428 s

1022 2443 1088 2463 usus
1101 2443 1171 2468 sum,
1191 2435 1299 2463 exhibet
1313 2435 1339 2462 in
1352 2435 1405 2462 tine
1416 2440 1507 2461 notam
1518 2454 1525 2467 ‚
1551 2442 1603 2469 qun
1625 2436 1753 2462 asseritur

1022 2471 1150 2505 scriptum
1158 2478 1218 2498 eum
1229 2469 1313 2497 fuisse
1323 2478 1355 2497 ex
1367 2469 1554 2505 exemplaribus
1564 2470 1627 2496 satis
1637 2469 1696 2504 fidis
1707 2469 1762 2497 Mat

1022 2507 1098 2569 2232
1114 2505 1267 2541 flunqarioe.
1292 2505 1351 2538 Quo
1375 2506 1435 2540 olus
1458 2506 1572 2541 pretium
1599 2505 1756 2535 commend!
