1832 3016
145 113 194 136 251

147 210 201 238 cies
225 210 258 236 ad
282 205 448 235 altitudinem
466 210 555 236 suam,
578 202 686 229 humani
707 200 829 236 corporis
855 197 940 227 inst'ar

147 254 276 286 ostendit,
303 251 331 278 in
354 257 406 285 quo
422 248 545 276 Christus
568 248 702 282 apparuit.
718 245 848 280 Corporis
867 245 939 272 enim

147 298 296 333 longitude,
323 303 339 323 a
353 294 455 323 vertice
471 301 555 328 usque
579 292 612 319 ad
628 291 752 327 vestigia,
772 291 861 318 sexies
882 295 941 317 tan-

147 351 201 373 tuin
215 345 296 372 habet
308 350 388 379 quam
403 341 527 374 latitudo,
549 347 610 375 quat
625 343 667 366 est
685 338 719 366 ab
741 345 795 365 uno
810 338 892 365 latere
907 337 941 364 ad

146 392 260 419 alteru'ut
281 390 367 421 latus;
391 392 418 415 et
431 386 519 414 decies
540 390 643 413 tantum
665 390 794 420 quantum
816 383 940 415 altitudo,

146 437 223 472 cujus
245 433 393 463 altitudinis
418 439 543 460 mensura
569 431 653 459 estin
670 430 754 458 latere
776 437 791 456 a
807 429 888 457 dorso
908 428 940 455 ad

147 487 279 511 ventrem.

184 528 210 555 9.
233 526 314 555 Velut
327 525 349 553 si
359 524 495 560 iacentem
509 523 646 551 hominem
668 524 789 549 metiaris
804 524 938 555 supinum.-

148 581 197 602 seu
212 580 335 608 pronum,
355 571 444 599 sexies
469 574 569 597 tantum
594 569 688 603 longus
708 572 750 595 est
772 574 787 593 a
801 566 889 601 capite
910 566 943 592 ad

150 619 244 655 pedes,
260 625 339 653 quam
354 617 423 645 latus
435 624 450 642 a
465 615 576 642 dextera
592 614 619 641 in
633 614 782 646 sinistram,
796 612 838 639 vel
851 620 865 638 a
880 611 945 639 sini-

151 669 206 692 stra
229 664 255 691 in
279 663 435 694 dexteram;
462 665 489 688 et
512 660 601 688 decies
628 667 709 694 quam
733 659 803 686 altus
826 666 840 684 a
862 662 944 685 terra.

151 710 228 739 Unde
243 710 312 737 sacta
326 714 368 737 est
390 716 451 735 arca
467 712 647 735 trecentorum
664 705 817 732 cubitorum
843 703 869 730 in
890 704 947 730 lon-

152 757 282 793 gitudine,
296 760 324 784 et
342 754 531 790 quinquaginta
547 753 573 780 in
591 752 743 784 latitudine,
760 756 787 778 et
801 751 908 786 triginta
920 751 946 777 in

153 803 308 831 altitudine.
326 801 389 828 ltem
405 799 476 835 quod
487 798 581 826 eadem
605 805 666 824 arca
682 797 795 824 collecta
811 796 845 822 ad
864 803 946 822 unum

151 850 270 878 cubitum
292 848 407 882 desuper
423 848 637 876 consummatur,
658 844 697 870 sic
711 842 831 870 Ecclesia
850 850 947 877 eorpus
962 839 987 870 B

151 893 251 922 Christi
267 893 294 920 in
309 892 410 919 unitate
429 890 542 918 collecta
563 889 725 916 sublimatur
756 892 783 915 et
800 887 944 921 perficitur.

188 933 233 966 ¹0.
256 937 331 965 Unde
355 936 453 964 dicitur
473 935 498 961 in
524 933 689 967 Evangelio:
705 932 755 966 Qui
776 940 874 959 mecum
894 940 946 958 non

152 989 300 1020 congregat,
312 982 409 1017 spargit
425 981 502 1016 (Luc.
519 987 556 1012 xi,
572 979 631 1012 23).
648 978 724 1012 Quod
745 982 835 1004 autem
858 977 947 1004 aditus

152 1030 184 1058 fit
197 1030 223 1058 ei
238 1037 253 1056 a
269 1030 473 1060 latere;·nemo
497 1025 594 1060 quippe
615 1025 697 1052 intrat
716 1024 875 1056 Ecclesiam,
897 1023 947 1051 nisi

153 1082 201 1110 per
214 1078 418 1109 gsacramcntum
442 1071 609 1099 remissionis
624 1075 807 1105 peccatorum,
828 1069 899 1104 quod
915 1070 948 1096 de

154 1119 253 1147 Christi
271 1119 355 1146 latere
373 1121 467 1152 aperto
490 1116 616 1144 manavit.
638 1115 714 1148 Quod
728 1114 854 1142 inferiora
879 1121 949 1141 arcae

155 1165 318 1193 bicamerata
341 1168 368 1191 et
383 1164 553 1190 tricamerata
567 1166 771 1194 construuntur,
785 1161 824 1188 sic
839 1168 871 1187 ex
889 1167 948 1188 om-

154 1211 232 1239 nibus
240 1211 364 1246 gentibus
381 1210 424 1237 vel
439 1209 592 1244 bipertitam
615 1207 814 1235 multitudinem
835 1215 949 1242 congre-

156 1262 200 1292 gat
228 1256 347 1284 Ecclesia
381 1259 491 1290 propter
523 1254 755 1282 circumcisionem
788 1258 815 1281 et
846 1261 948 1287 praepu-

157 1303 235 1335 timi,
251 1303 335 1338 288
348 1301 390 1328 vel
413 1300 573 1335 tripertitam
595 1304 706 1334 propter
720 1305 774 1327 tres
799 1299 868 1327 tilios
882 1299 950 1331 Noe,

157 1356 270 1383 quorum
282 1347 408 1382 progenie
424 1347 541 1380 repletus
555 1350 597 1373 est
608 1345 690 1372 orbis.

196 1394 239 1420 ¹¹.
260 1393 294 1420 Et
308 1392 370 1420 ideo
382 1398 451 1419 arcae
468 1391 594 1418 interiora
611 1391 681 1418 dicta
695 1395 768 1423 suut,
786 1393 846 1424 quia
862 1392 889 1416 in
902 1392 952 1416 liac

159 1443 265 1467 terrena
281 1438 335 1465 vita
355 1443 397 1466 est
418 1437 560 1464 diversitas
575 1437 703 1471 gentium.
727 1437 754 1463 ln
780 1444 884 1463 summo
907 1444 953 1463 au-

158 1490 213 1514 tem
225 1492 319 1512 omnes
339 1485 365 1511 in
381 1492 465 1510 unum
479 1487 711 1516 consummantur,
731 1488 755 1510 et
773 1490 828 1510 non
843 1487 885 1510 est
908 1490 952 1509 va-

673 100 703 128 S.
725 97 849 127 tstoottt
869 97 1095 127 tttsrAtENsts
1113 96 1266 126 Ertscot‘t

178 164 206 191 8.
226 161 303 197 Quod
314 160 402 189 sexies
421 158 499 192 longa
513 156 547 184 ad
557 156 725 184 latitudinem
746 162 834 187 suam,
848 157 876 182 et
888 154 934 181 de·
948 155 973 185 Α
987 154 1091 182 binario
1116 162 1227 181 numero
1249 153 1282 180 ad
1307 152 1455 180 schismata
1481 151 1583 184 faciles,
1604 155 1632 179 et
1650 140 1817 186 quodam-¹⁷*

992 200 1071 227 modo
1085 200 1230 228 divisibiles
1243 199 1421 228 ostenduntur
1435 197 1542 234 (Ephes.
1558 205 1595 231 tv,
1610 197 1650 233 5).
1783 197 1818 237 [ᾗ

1027 257 1071 285 11.
1092 258 1168 290 Quod
1183 258 1241 292 ipse
1262 257 1319 285 Noe
1332 265 1392 284 cum
1411 256 1467 284 suis
1490 261 1602 283 octavus
1617 242 1817 290 numeratur-,7-

991 304 1053 339 quia
1069 304 1095 333 in
1110 303 1217 331 Christo
1231 310 1295 338 spes
1313 307 1412 330 nostrae
1428 301 1636 329 resurrectionis
1651 291 1832 336 apparuit,mi

992 349 1038 384 qui
1056 354 1149 377 octava
1163 349 1218 380 die,
1231 348 1258 376 id
1268 354 1321 382 est,
1338 354 1398 384 post
1413 347 1683 384 sabbati-septimum
1702 342 1832 382 primo-12

994 402 1008 420 a
1023 395 1134 422 mortuis
1148 394 1310 427 resurrexit;
1329 394 1373 428 qui
1387 393 1446 421 dics
1467 401 1481 421 a
1497 393 1621 428 passione
1642 393 1746 426 tertius,
1760 392 1788 421 lu
1815 400 1832 420 't

995 448 1106 469 numero
1121 445 1210 469 autem
1224 441 1326 468 dierum
1341 441 1386 475 qui
1406 447 1453 474 per
1466 447 1547 467 omne
1561 444 1665 474 tempus
1679 438 1800 479 volvutt·2

995 493 1038 516 tur
1057 494 1082 516 et
1094 492 1204 515 octavus
1217 494 1244 515 ει
1262 479 1364 522 primus
1379 493 1430 515 est.
1793 481 1800 491 ”

1033 545 1076 572 15.
1097 544 1173 577 Quod
1196 548 1256 578 post
1277 548 1378 578 septem
1392 543 1461 577 dies,
1476 550 1509 571 ex
1525 551 1578 578 quo
1591 543 1729 578 ingressus
1746 546 1790 572 est
1804 541 1832 555 '¹‘

996 591 1052 619 Noe
1063 592 1090 619 in
1105 599 1205 624 arcam,
1220 590 1319 618 factum
1331 595 1372 618 est
1383 590 1524 625 diluvium,
1540 590 1600 624 quia
1616 590 1642 618 in
1656 598 1731 624 spem
1747 587 1806 619 i'u-·¹
1816 583 1832 634 2·

998 642 1065 665 turae
1080 637 1189 672 quietis,
1202 643 1262 671 quae
1277 636 1392 671 septimo
1415 636 1459 664 die
1474 636 1622 671 significata
1636 641 1689 670 est,
1707 637 1792 672 capti-
1814 642 1832 679 ,ζ

999 692 1100 710 zamur.
1119 683 1194 716 Quod
1216 687 1314 717 praeter
1327 689 1417 709 arcam
1441 683 1528 709 omnis
1544 690 1608 710 caro
1622 690 1701 717 quam
1722 687 1802 711 terra-

999 730 1167 757 sustentabat
1178 728 1279 755 diluvio
1290 732 1449 762 consumpta
1461 733 1512 761 est,
1526 728 1587 762 quia
1604 732 1702 762 praeter
1713 729 1794 764 289

1001 772 1128 803 Ecclesia:
1142 775 1310 806 societatem,
1328 781 1396 808 aqua
1415 774 1551 808 baptismi.
1567 774 1688 809 quamvis
1699 775 1805 802 eadem*

1001 822 1047 853 sit,
1064 829 1116 848 non
1132 821 1218 847 solum
1243 827 1296 847 non
1312 820 1382 847 valet
1395 820 1428 847 ad
1452 821 1576 852 salutem.
1593 820 1642 848 sed
1657 821 1727 849 valet
1748 828 1796 856 po·

1001 871 1053 894 tius
1064 867 1097 894 ad
1114 866 1258 901 perniciem

1037 924 1081 950 16.
1102 923 1177 957 Quod
1193 922 1364 958 quadraginta
1380 922 1474 949 diebus
1485 926 1512 949 et
1522 922 1698 957 quadraginta
1710 922 1796 950 nocti-

1000 971 1051 997 bus
1067 970 1143 1004 pluit¹
1161 969 1222 1003 quia
1239 969 1326 996 omnis
1350 974 1440 996 reatus
1460 972 1630 1003 peccatorum
1654 970 1681 996 in
1704 969 1798 996 decem

1001 1016 1144 1051 praeceptis
1159 1015 1226 1049 legis
1241 1015 1391 1044 admittitur
1404 1022 1450 1048 per
1466 1015 1619 1042 universum
1636 1015 1728 1041 orbem
1744 1019 1801 1042 ter-

1001 1068 1093 1088 rarum
1107 1080 1115 1093 ,
1149 1060 1193 1094 qui
1221 1064 1336 1094 quatuor
1363 1060 1482 1094 partibus
1511 1059 1674 1087 continetur.
1700 1060 1798 1088 Decem

1002 1106 1101 1141 quippe
1115 1111 1209 1141 quater
1222 1106 1299 1132 ducta
1316 1105 1491 1140 quadraginta
1508 1106 1591 1139 liunt;
1608 1106 1666 1133 sive
1680 1106 1725 1134 ille
1740 1114 1800 1135 rea·

1005 1158 1046 1180 tus
1057 1153 1101 1187 qui
1118 1153 1151 1179 ad
1167 1152 1225 1180 dies
1242 1152 1356 1186 pertinet
1368 1160 1399 1180 ex
1415 1160 1505 1180 rerum
1530 1153 1723 1188 prosperitate,
1740 1149 1807 1182 sive⁴

1003 1199 1049 1234 qui
1064 1199 1096 1225 ad
1111 1203 1204 1225 noctes
1226 1205 1258 1225 ex
1281 1206 1371 1224 rerum
1395 1198 1556 1226 adversitate
1573 1203 1725 1227 contractus
1747 1200 1799 1235 sit,

1004 1249 1175 1272 sacramento
1189 1244 1315 1278 baptismi
1331 1244 1449 1271 coelestis
1463 1244 1588 1271 abluitur.

1043 1291 1087 1317 ¹7.
1109 1291 1185 1324 Quod
1200 1291 1255 1318 Noe
1268 1291 1475 1326 quingentorum
1496 1295 1553 1318 erat
1574 1299 1704 1319 annorum
1715 1312 1724 1326 ,
1739 1299 1801 1322 cum

1004 1336 1029 1363 ei
1041 1336 1146 1362 locutus
1161 1341 1202 1363 est
1216 1335 1355 1368 Dominus,
1370 1341 1397 1362 ut
1410 1343 1499 1362 arcam
1513 1336 1563 1364 sibi
1577 1337 1688 1371 faceret,
1700 1343 1727 1365 et
1741 1345 1801 1366 sex-

1004 1386 1099 1408 centos
1125 1382 1240 1408 habebat
1265 1388 1349 1408 annos
1362 1401 1369 1413 ,
1385 1388 1445 1408 cum
1468 1382 1494 1408 in
1510 1390 1568 1409 eam
1585 1388 1627 1410 est
1646 1384 1801 1418 ingressus;

1005 1427 1077 1454 unde
1094 1427 1253 1462 intelligitur
1277 1435 1324 1461 per
1344 1432 1452 1454 centum
1473 1434 1558 1455 annos
1574 1436 1635 1455 arca
1653 1429 1801 1463 fabricata:

1006 1473 1070 1507 quid
1087 1473 1160 1499 aliud
1178 1472 1221 1499 hic
1238 1472 1364 1499 videntur
1379 1477 1485 1499 centum
1500 1474 1563 1500 anni
1575 1474 1734 1508 significare,
1752 1466 1810 1502 nisi*

160 1533 254 1565 rictas,
270 1530 331 1566 quia
348 1529 436 1557 omnia
453 1535 479 1556 et
494 1530 519 1556 in
537 1529 661 1556 omnibus
681 1534 721 1556 est
732 1529 866 1561 Christus,
893 1534 950 1556 tan-
965 1527 991 1559 G
1007 1522 1101 1545 ae¹³¹e⁵
1116 1517 1209 1544 saefflffi
1224 1518 1361 1552 Singfflas'?
1382 1518 1457 1545 unde
1478 1517 1529 1545 55²³
1547 1523 1622 1546 ⁵0¹1³
1643 1524 1707 1547 2²³⁵
1721 1540 1727 1552 ι
1744 1528 1803 1555 ‘1⁰³2

159 1586 238 1615 quam
261 1585 310 1605 nos
333 1578 360 1605 in
388 1584 440 1604 uno
466 1576 557 1604 cubito
580 1577 697 1610 desuper
724 1576 827 1603 coelesti
853 1576 954 1603 unitate

158 1630 359 1652 consummans.
376 1621 452 1655 Quod
468 1626 562 1648 cuncta
579 1620 733 1648 animalium
754 1628 852 1656 genera
869 1621 954 1648 inclu-

159 1671 260 1698 duntur
280 1670 306 1697 in
322 1676 396 1700 arca,
419 1668 553 1702 significat
567 1668 627 1702 quia
643 1675 676 1694 ex
692 1667 817 1694 omnibus
830 1667 955 1702 gentibus

159 1721 187 1745 et
201 1715 354 1744 nationibus
369 1713 542 1748 congregatio
557 1713 585 1739 lit
603 1713 629 1739 in
646 1713 776 1740 Ecclesia.

198 1762 242 1789 ¹2.
263 1760 339 1794 Quod
362 1760 442 1786 etiam
469 1758 548 1786 Petro
570 1757 770 1784 demonstratus
794 1757 838 1784 ille
866 1757 955 1784 discus

160 1808 229 1839 (Act.
246 1807 275 1841 x)
293 1805 426 1841 significat
444 1804 514 1838 quod
537 1803 635 1831 munda
653 1808 680 1831 et
699 1803 835 1830 immunda
850 1803 887 1830 ibi
902 1803 956 1831 sint

160 1854 297 1887 animalia,
323 1853 363 1880 sic
390 1852 416 1880 in
439 1851 561 1878 Ecclesia
589 1856 616 1879 et
644 1851 821 1878 sacramentis
843 1850 905 1878 boni
929 1856 957 1878 et

161 1899 224 1927 mali
238 1903 390 1926 versantur.
407 1897 483 1931 Quod
500 1901 613 1931 septena
634 1902 696 1924 sunt
719 1897 830 1929 munda,
852 1902 878 1924 et
895 1897 955 1924 bina

160 1945 309 1977 immunda,
326 1952 379 1971 non
399 1945 461 1979 quia
478 1944 618 1978 pauciores
634 1947 696 1970 sunt
710 1943 771 1970 mali
784 1951 864 1978 quam
880 1943 955 1976 boni,

159 1991 207 2019 sed
228 1991 289 2026 quia
312 1990 374 2018 boni
399 1994 511 2016 servant.
533 1989 662 2016 unitatem
676 1989 787 2024 spiritus
807 1990 834 2016 in
849 1989 957 2017 vinculo

161 2038 245 2073 pacis.
268 2037 395 2065 Sanctum
410 2041 498 2063 autem
520 2035 648 2069 Spiritum
663 2035 754 2063 divina
775 2035 914 2070 Scriptura
929 2036 956 2062 in

161 2084 310 2119 septiformi
327 2085 485 2118 operatione
505 2083 689 2115 commendat,
714 2083 854 2116 sapientiae
876 2086 903 2109 et
916 2083 957 2110 in-

162 2129 296 2162 tellectus,
311 2129 418 2156 consilii
440 2132 467 2156 et
488 2127 665 2161 fortitudinis,
680 2129 801 2156 scientiae
822 2132 850 2156 et
871 2129 957 2164 pieta·

162 2175 206 2208 tis,
221 2178 250 2201 et
261 2174 364 2200 timoris
378 2173 436 2201 Dei.

1007 1564 1149 1598 completis
1163 1563 1316 1598 quingentis
1332 1571 1415 1598 usque
1435 1564 1467 1591 ad
1483 1569 1625 1592 sexcentos
1639 1558 1804 1600 significatur

1008 1610 1034 1637 in
1050 1609 1268 1637 manifestatione
1282 1609 1447 1644 evangelica,
1464 1610 1612 1638 Ecclesiam
1627 1612 1767 1639 construit.

1046 1666 1088 1695 18.
1111 1668 1144 1695 Et
1168 1667 1228 1694 ideo
1250 1667 1294 1702 qui
1312 1668 1363 1695 sibi
1381 1668 1413 1695 ad
1428 1668 1509 1695 ritant
1525 1670 1640 1697 consulit
1653 1691 1660 1704 ,
1683 1670 1718 1698 sit
1732 1671 1805 1700 velut

1009 1714 1167 1749 quadratum
1183 1713 1282 1748 lignum
1295 1733 1303 1746 ,
1324 1717 1433 1746 paratus
1448 1714 1480 1741 ad
1497 1722 1577 1742 omne
1596 1722 1664 1750 opus
1684 1716 1782 1744 bonum
1793 1737 1803 1750 ‚

1009 1765 1037 1787 et
1053 1760 1134 1786 intret
1145 1760 1170 1786 in
1186 1759 1313 1786 fabricam
1325 1764 1455 1794 sanctam,
1469 1761 1531 1796 quia
1542 1765 1570 1788 et
1582 1762 1715 1790 secundus
1726 1771 1803 1791 men-

1009 1806 1047 1833 sis
1061 1805 1124 1832 anni
1138 1805 1340 1837 sexcentesimi,
1354 1813 1407 1840 quo
1420 1805 1501 1833 intrat
1514 1806 1570 1834 Noe
1581 1806 1608 1834 in
1620 1815 1720 1841 arcam,
1731 1816 1806 1837 eant-

1009 1850 1070 1877 dcm
1084 1849 1218 1876 senariam
1237 1853 1343 1877 oetatem
1364 1850 1516 1885 significat3
1540 1852 1596 1879 ‹luo
1610 1853 1682 1881 enim
1697 1861 1805 1883 meuses

1008 1896 1184 1930 sexagenario
1199 1903 1311 1923 numero
1326 1896 1531 1924 concluduntur.

1046 1943 1089 1970 19.
1110 1943 1132 1970 A
1144 1943 1252 1970 senario
1267 1948 1355 1970 autem
1370 1951 1482 1971 numero
1493 1949 1520 1971 et
1533 1945 1670 1980 sexaginta
1687 1953 1805 1974 comme·

1009 1992 1159 2022 morantur,
1173 1992 1200 2015 et
1215 1993 1340 2015 sexcenta
1353 2008 1360 2021 ,
1378 1992 1406 2016 et
1427 1996 1474 2016 sex
1495 1989 1576 2017 millia
1589 2010 1597 2023 ,
1618 1995 1645 2018 et
1666 1992 1804 2027 sexaginta

1009 2036 1104 2070 millia,
1122 2040 1150 2064 et
1163 2041 1288 2064 sexcenta
1306 2036 1402 2069 millia,
1418 2043 1444 2064 et
1458 2038 1619 2071 sexcenties,
1635 2043 1662 2066 et
1677 2038 1804 2074 quidquid

1009 2083 1136 2118 deinceps
1161 2083 1186 2110 in
1209 2082 1356 2118 majoribus
1371 2083 1484 2111 snnunis
1506 2091 1552 2118 per
1565 2084 1688 2112 eumdem
1703 2085 1804 2112 articu-

1010 2130 1064 2157 lum
1081 2129 1185 2156 numeri
1200 2129 1228 2156 in
1242 2128 1346 2156 infinita
1361 2129 1526 2157 incrementa
1538 2129 1686 2164 consurgit.

1046 2176 1091 2203 20.
1113 2176 1146 2203 Et
1167 2175 1239 2210 quod
1263 2175 1406 2202 vicesimus
1427 2180 1455 2202 et
1481 2176 1611 2210 septimus
1629 2175 1687 2204 dies
1705 2177 1805 2205 mensis

198 2219 243 2247 ¹3.
265 2218 341 2246 Unde
355 2224 382 2246 et
395 2218 439 2246 ille
454 2225 580 2246 numerus
596 2219 790 2255 quinquaginta
803 2220 907 2248 dierum
921 2221 955 2248 ad
969 2214 998 2246 D
1010 2226 1248 2254 commemoratur,
1273 2221 1306 2248 ad
1332 2221 1452 2255 ejusdem
1474 2221 1644 2255 quadraturae
1666 2222 1806 2256 signitica-

162 2265 306 2294 adventum
320 2264 405 2292 sancti
419 2263 536 2298 Spiritus
549 2265 687 2299 pertinens
706 2265 732 2292 in
751 2266 852 2300 septies
866 2271 955 2300 septe-

162 2311 215 2345 nis,
227 2310 274 2351 qui
289 2311 355 2338 liunt
367 2310 543 2346 quadraginta
565 2318 674 2343 novem,
697 2319 749 2339 uno
773 2312 874 2345 addito,
890 2320 955 2340 con-

162 2362 321 2386 summatur.
337 2357 452 2392 Propter
470 2357 540 2392 quod
561 2356 661 2384 dictum
676 2361 736 2384 est:
750 2356 888 2385 studentes
901 2366 954 2384 :er-

162 2413 221 2433 vare
231 2404 354 2431 unitatem
367 2403 475 2438 spirituc
497 2403 524 2430 in
535 2402 636 2430 vinculo
649 2403 730 2437 pacis.
746 2403 808 2432 Mati
822 2408 912 2431 autern
927 2404 954 2432 iu

198 2474 226 2502 8.
245 2473 366 2509 Corporis
378 2474 446 2501 enim
460 2473 605 2508 longitudo,
616 2480 701 2508 usque
714 2472 746 2500 ad
758 2472 828 2501 altus
842 2481 859 2500 a
873 2477 952 2503 terra.

163 2510 228 2537 naec
242 2518 295 2537 nnn
311 2514 372 2537 sunt
387 2509 456 2543 apud
477 2508 666 2541 Augustinum.
691 2508 761 2536 Sunt
782 2513 872 2537 tamen
886 2509 913 2537 in
924 2517 952 2537 ο.

163 2546 194 2579 1.,
210 2549 237 2573 et
252 2545 321 2579 apud
337 2545 510 2572 Eucherium.
523 2543 618 2571 Gaui..

198 2581 225 2608 9.
246 2579 313 2609 lum
325 2579 394 2614 quod
405 2587 468 2608 arca
485 2578 592 2607 collecta
606 2580 642 2607 ad
654 2587 733 2607 unum
745 2579 804 2607 cub.
818 2586 853 2608 ex
867 2587 892 2607 c.
908 2578 954 2611 16,

164 2617 256 2645 Galat..

199 2652 242 2680 10.
263 2651 352 2680 Verba
362 2651 442 2679 Luca
456 2651 484 2678 iu
502 2651 615 2687 Vulgata
632 2651 705 2685 :Qui
718 2658 769 2679 non
789 2650 888 2678 collinit
902 2658 955 2679 me·

164 2696 231 2720 cum.
245 2687 377 2723 dispergit.
392 2688 478 2715 Aur.

201 2722 243 2750 11.
264 2721 491 2750 (Ξοηειιηιηιωιιαν.
513 2721 739 2757 eomummamur,
765 2722 834 2758 Aug.
851 2721 953 2755 Gaui..

167 2793 186 2822 c
201 2757 271 2785 thid.
292 2757 368 2791 Quod
389 2762 481 2786 cuncta
499 2758 652 2786 animalium
669 2766 775 2795 genera.
800 2765 835 2786 ex
860 2763 886 2785 c.
908 2757 954 2786 15.

189 2801 258 2821 κιΑι..

202 2827 247 2856 12.
261 2826 295 2855 In
307 2827 423 2857 catania
441 2833 466 2856 et
483 2829 660 2861 sacr-mtto.
684 2828 718 2858 In
733 2828 856 2859 Eccum
866 2835 954 2858 nora·

1010 2267 1109 2294 tionem
1123 2267 1250 2301 pertinet,
1262 2273 1322 2300 quae
1332 2265 1387 2300 jam
1399 2265 1428 2292 in
1443 2266 1581 2300 quadratis
1594 2266 1672 2301 lignis
1684 2269 1806 2302 exposite

1009 2318 1050 2341 cst
1063 2321 1070 2346 ;
1086 2312 1133 2341 sed
1150 2312 1194 2339 hic
1206 2311 1360 2339 evidentius
1371 2331 1379 2344 ‚
1395 2312 1456 2346 quia
1470 2319 1519 2339 nos
1534 2311 1566 2338 ad
1580 2319 1660 2340 omne
1672 2321 1739 2348 opus
1754 2314 1803 2342 bo-

1010 2368 1074 2388 num
1089 2364 1206 2395 paratos,
1224 2358 1251 2386 id
1266 2362 1318 2392 est,
1334 2357 1478 2393 quadratos
1489 2379 1497 2392 ,
1513 2359 1711 2393 quodammodo
1725 2360 1813 2390 trini-..

1011 2410 1051 2433 tas
1067 2405 1172 2441 perlicit
1183 2424 1191 2438 ,
1209 2404 1235 2432 in
1251 2404 1379 2432 memoria
1392 2423 1400 2436 ,
1417 2411 1467 2439 qua
1489 2403 1572 2431 Deum
1598 2401 1741 2433 rcctssimus
1752 2425 1762 2438 ‚
1777 2405 1811 2434 itt·

1009 2475 1110 2508 memte,
1126 2474 1194 2508 Aug.
1208 2473 1302 2501 Gaui..

1045 2509 1090 2537 15.
1112 2509 1188 2543 Quod
1202 2514 1262 2544 post
1277 2513 1382 2544 septem,
1397 2515 1430 2535 ex
1445 2515 1470 2535 c.
1489 2507 1532 2535 17.
1550 2508 1646 2538 Gaui..
1804 2519 1814 2532 ,τ

1046 2544 1117 2573 Ibid-
1139 2545 1208 2578 Quia
1231 2545 1258 2571 in
1279 2552 1324 2579 spe
1345 2545 1427 2579 futur.
1452 2544 1530 2578 quiet.
1546 2543 1586 2572 lta
1605 2543 1825 2580 Aug.,-Eucli.‚„

1010 2581 1088 2613 ned..
1107 2580 1164 2608 Val.
1182 2581 1238 2613 At..
1253 2580 1284 2607 in·
1295 2580 1390 2614 specie.
1405 2579 1503 2608 Galat..
1750 2598 1756 2603 -
1791 2597 1825 2614 23.

1045 2616 1117 2644 ma.
1134 2615 1219 2643 Grial.
1237 2616 1262 2643 in
1277 2620 1351 2644 textu
1362 2623 1444 2649 spem.
1459 2615 1487 2642 in
1503 2620 1561 2644 not.
1581 2615 1735 2652 spe-,Auia

1047 2653 1091 2680 ¹6.
1111 2650 1189 2686 Apud
1202 2651 1329 2678 Grialiutn
1341 2657 1401 2678 erat
1413 2650 1549 2684 pertinent.
1563 2651 1617 2684 Alii
1633 2650 1701 2679 sciti
1711 2670 1720 2684 ,
1732 2630 1832 2691 quot&

1007 2688 1041 2715 ad
1054 2688 1108 2715 dies
1123 2687 1230 2722 pertinet
1243 2687 1295 2713 sive
1308 2686 1377 2721 quod
1389 2687 1423 2714 ad
1435 2691 1532 2720 stactes,
1547 2691 1600 2718 etc.
1614 2686 1702 2716 Aur.
1753 2704 1755 2707 v
1799 2695 1832 2726 s*

1043 2724 1088 2752 ¹¹1.
1111 2722 1186 2756 Quod
1202 2721 1259 2749 Noe
1271 2722 1447 2758 quinqaemor„
1461 2728 1488 2750 c.
1505 2720 1660 2754 ¹8.Gnut..
1767 2728 1776 2745 τ’

1041 2759 1087 2786 2⁰.
1107 2757 1142 2785 Et
1153 2758 1223 2794 quod
1234 2758 1367 2785 vicesimus
1381 2762 1405 2785 et
1416 2760 1481 2792 sepe.
1497 2751 1537 2785 Ex
1551 2763 1577 2785 e.
1593 2756 1639 2785 19.
1651 2756 1750 2790 Gm.
1762 2775 1781 2787 ,l

1043 2794 1113 2822 thid.
1129 2793 1287 2828 occearano.
1302 2792 1338 2821 Et
1349 2792 1550 2829 unq-adram.
1560 2792 1631 2829 Aug.
1640 2790 1748 2823 esui.

1445 2853 1447 2858 .
1528 2847 1532 2854 ³
1573 2851 1576 2857 .
1595 2854 1597 2858 .
1620 2847 1622 2850 v
1650 2843 1661 2857 Γ
1700 2847 1716 2863 ...ν

1747 2839 1771 2862 ’.ὓ
