1832 3016
137 166 189 195 367

665 160 694 187 S.
715 156 839 187 lSlDORl
859 157 1081 187 tttSPALErtsts
1100 157 1251 189 EPISCOP!

1718 155 1775 184 563

139 222 250 254 dientia,
264 217 439 253 blasphemia.
457 216 643 249 murmuratio,
664 216 806 247 detractio,
824 214 928 249 aliaque
943 216 966 245 A
980 223 1047 250 eam,
1063 217 1137 244 rades
1150 225 1235 244 omnes
1260 215 1327 252 pilos
1344 216 1436 252 capitis
1447 217 1513 252 ejus.
1537 219 1561 243 et
1578 214 1688 251 unqnlas
1704 215 1769 251 ejice,

141 267 279 302 complura
301 264 408 296 similia,
423 270 483 297 quae
500 269 560 289 cuin
577 262 630 289 sint
649 262 732 288 multu
754 260 865 296 majoris
880 268 931 288 nu-

143 312 210 341 meri
235 318 314 345 quam
344 310 467 340 virtutcS.
494 307 604 334 devictis
632 312 719 334 tamen
746 306 798 333 illis
825 310 929 340 septem

145 355 337 392 principalibus
362 355 445 388 vitiis,
462 363 493 382 ex
509 361 622 389 quoi-uni
647 358 741 381 natura
763 354 813 381 ista
838 360 931 388 proce-

142 403 219 435 dunt,
244 409 337 429 omncs
361 400 482 435 protinus
510 399 715 433 conquiescunt,
745 406 776 426 ae
805 403 930 434 perpetua

142 448 242 483 pariter
256 455 315 475 cum
332 446 373 483 liis
388 445 571 473 internecione
585 445 720 472 delentur.

177 492 204 520 5.
226 493 301 526 Quod
313 496 400 519 autem
416 491 456 518 11oe
477 496 565 524 pestes
584 491 751 518 robustiores
764 490 827 523 sint,
844 490 933 517 mani-

141 539 208 567 festa
225 543 326 566 naturae
342 538 426 571 ipsius
446 537 650 572 impugnatione
669 537 810 564 sentimus.
828 536 933 564 Fortius

142 584 214 611 enim
243 583 338 610 militat
352 582 379 610 in
407 583 534 610 membris
558 583 656 610 nostris
679 583 825 610 oblectatio
839 590 933 610 carna-

140 629 204 656 lIum
221 628 384 663 passionum,
400 636 478 666 qnam
493 628 580 655 studia
599 628 737 660 virtutum,
751 636 812 663 quae
827 627 933 655 nonnisi

140 683 243 703 sumnia
266 675 427 703 contritione
450 675 539 702 cordis
553 680 581 703 et
601 675 723 710 corporis
747 674 931 709 acquiruntur.

140 722 214 756 Quod
231 730 293 750 vero
308 722 388 758 [471
403 722 514 749 istarum
526 722 740 756 perniciosarum
755 721 875 756 gentium
892 727 935 748 re-

140 768 232 802 giones
255 767 398 795 salubriter
413 767 552 803 possidere
575 767 756 802 praecipimur,
780 767 817 794 ita
832 765 933 794 intent·

141 813 222 847 gitur.

179 859 205 886 G.
228 859 312 886 {labet
327 859 397 887 enim
412 859 620 894 unumquodque
635 859 728 886 vitium
751 858 776 885 in
792 857 874 885 corde
888 864 935 884 no-

144 910 200 933 stro
215 906 350 941 propriam
374 906 539 939 stationem;
564 906 611 934 sed
632 907 654 933 si
670 914 730 933 cum
750 904 935 939 spiritualibus
950 899 974 928 B

141 951 256 986 populis,
276 951 302 978 id
331 956 382 984 est,
413 952 558 978 virtutibus
584 956 678 979 contra
700 958 729 979 se
750 950 937 978 dimicantibus

142 998 241 1024 fuerint
265 997 326 1024 vitia
351 1003 495 1032 superata,
518 998 605 1025 locum
631 1006 709 1032 qncm
734 997 784 1024 sibi
809 997 835 1024 in
857 996 937 1024 corde

142 1047 237 1070 nostro
252 1043 476 1077 concupiscentia}
491 1044 532 1071 vel
549 1043 733 1070 fornicationis
747 1042 857 1077 spiritus
872 1042 936 1069 reti-

147 1088 239 1122 nebat,
255 1089 382 1124 deinceps
398 1090 506 1117 castitas
520 1089 660 1117 obtinebit.
674 1090 757 1123 Quem
774 1089 846 1116 furor
860 1096 939 1123 cepe·

145 1139 196 1166 rat,
209 1134 336 1168 patientia
354 1135 508 1163 vindicabit.

179 1179 205 1205 7.
226 1180 310 1213 Quem
333 1180 449 1211 tristitia.
472 1186 585 1209 mortem
603 1188 729 1216 operans,
748 1184 937 1215 occupaverat,

147 1226 270 1253 salutaris
292 1231 318 1253 et
335 1227 410 1260 plena
437 1227 535 1262 gaudio
559 1228 648 1254 laetitia
675 1227 830 1261 possidebit.
854 1228 938 1260 Quem

145 1272 245 1299 accidia
268 1273 388 1299 vastabat
413 1273 523 1307 incipiet
546 1274 669 1301 excolere
692 1274 829 1301 fiiriitudo.
853 1273 938 1306 Quem

145 1318 270 1352 superbia
294 1318 467 1345 conculcabat
493 1319 629 1345 humilitas
655 1319 822 1351 honestabit,
853 1323 879 1345 et
904 1318 939 1345 ita

147 1364 260 1398 singulis
276 1364 346 1391 vitiis
362 1364 491 1398 expulsis,
515 1372 607 1391 eorum
624 1365 693 1397 loca,
718 1366 743 1391 id
759 1370 810 1398 est,
828 1364 940 1391 affectus

146 1410 296 1436 contrarios
311 1410 484 1444 possidebunt
499 1409 545 1436 lilii
561 1410 654 1443 lsrael,
673 1410 698 1437 id
713 1415 764 1442 est,
785 1411 880 1438 anima:
896 1411 939 1437 vi-

146 1457 240 1484 dentes
258 1457 351 1484 Deum.

431 1501 544 1530 CAPUT
566 1502 647 1529 xvii.

147 1548 198 1575 Cur
213 1549 322 1576 ‚lbrnltae
339 1550 442 1583 loquens
462 1549 548 1576 decem
569 1553 664 1583 yentes.
680 1557 731 1576 non
745 1553 850 1584 septem,
868 1549 942 1576 dinu-

433 1584 567 1611 meraverit
580 1584 657 1611 Deus.

187 1631 212 1657 l.
235 1629 301 1657 lllud
323 1638 396 1661 vero.
421 1630 490 1664 quod
515 1638 575 1657 cum
592 1630 626 1657 ad
647 1630 780 1657 Abrabam
798 1630 941 1659 defuturis

148 1675 281 1703 Dominus
299 1676 463 1710 loqueretur,
483 1684 536 1703 non
561 1681 664 1710 septem
689 1682 780 1711 gentes
796 1677 892 1711 legitur
905 1677 941 1705 di·

149 1729 318 1754 numerasse.
345 1722 391 1750 sed
407 1722 512 1755 decem,
536 1730 648 1756 quarum
677 1727 749 1750 terra
772 1722 865 1750 semini
882 1723 942 1758 eius

153 1767 239 1794 danda
258 1768 432 1799 promittitur.
448 1768 498 1799 Qut
515 1775 651 1800 numerus,
674 1767 775 1802 adjecta
792 1768 942 1796 idololatria

151 1814 281 1847 gentium,
307 1813 470 1847 blasphemia
491 1813 660 1847 Jiutaeorum,
688 1821 780 1841 errore
803 1814 943 1842 liaeretieo-

150 1867 222 1891 rum,
234 1858 435 1887 evidentissime
449 1859 618 1894 adimpletur.

185 1906 212 1932 2.
224 1905 326 1939 Quibus
337 1910 398 1933 ante
410 1906 530 1933 notitiam
542 1906 588 1934 Dei
600 1910 627 1933 et
641 1907 752 1940 gratiam
765 1905 886 1941 baptismi
899 1906 942 1934 vel

151 1951 232 1986 impia
249 1952 377 1986 gentium,
401 1952 444 1980 vel
466 1952 620 1986 blasphema
634 1952 786 1980 Judaeorum
803 1951 944 1979 multitudo

151 1997 271 2031 subiecta
284 2003 336 2030 est,
352 1998 438 2025 donec
452 1998 478 2025 in
496 1998 669 2026 intellectuali
693 1998 810 2034 AEgypto
826 2006 944 2026 commo-

150 2047 254 2070 rantur.
283 2043 310 2070 Si
337 2048 426 2070 autem
454 2044 647 2071 abrenuntians
676 2044 752 2079 quis,
768 2050 795 2071 et
821 2051 944 2078 egressus

152 2089 249 2116 exinde
262 2098 308 2122 per
324 2091 436 2124 gratiam
452 2091 497 2118 Dei
514 2091 546 2118 ad
563 2099 681 2118 eremum
696 2092 849 2125 pervenerit
864 2091 944 2125 spiri-

153 2135 263 2166 tualem,
288 2135 321 2162 de
341 2136 540 2171 impugnatione
556 2137 634 2163 trium
662 2137 780 2171 gentium
804 2136 943 2170 liberatus,

153 2184 247 2206 contra
260 2183 362 2213 septem
377 2185 491 2213 tantum,
508 2189 566 2215 qua:
580 2188 627 2214 per
638 2181 755 2216 Moysem
769 2181 943 2209 dinumeran-

153 2228 206 2258 tur,
219 2224 286 2252 bella
300 2225 437 2259 suscipiet.

410 2281 490 2316 472
502 2280 613 2308 CAPUT
634 2280 726 2309 xvnt.

310 2327 346 2355 De
361 2328 465 2354 niutfere
479 2328 571 2354 decora
587 2331 662 2360 capta
675 2327 702 2353 in
716 2326 794 2353 bello.

192 2373 218 2402 1.
239 2374 281 2408 Si,
302 2374 397 2409 inquit,
418 2373 509 2401 exieris
533 2373 568 2399 ad
595 2372 689 2399 bellum
718 2378 806 2399 contra
831 2373 947 2401 inimicos

156 2425 223 2455 tuos,
237 2425 260 2448 et
274 2421 366 2448 videris
380 2420 511 2447 ntulit-rem
531 2419 623 2446 decora
638 2419 730 2455 specie,
751 2423 774 2446 el
790 2420 948 2454 concupieris

982 268 1005 290 et
1026 263 1118 291 indues
1136 273 1190 291 cam
1210 264 1363 291 vestimentis
1388 262 1547 298 [aquai-ibus,
1573 267 1598 289 et
1623 261 1718 288 sedebit
1743 261 1772 288 in

982 307 1068 340 άοηιο,
1085 309 1174 344 tuqem
1185 313 1283 343 patrem
1305 315 1391 340 suum,
1405 313 1428 333 ει
1444 311 1549 333 inmrem
1571 313 1656 338 suain,
1680 309 1705 332 et
1719 304 1772 333 do—

982 361 1051 380 mum
1063 358 1203 388 paternam,
1218 358 1241 381 et
1259 358 1314 388 post
1329 353 1433 388 triginta
1446 353 1502 380 dies
1520 353 1567 378 erit
1582 351 1627 378 tibi
1642 359 1718 379 uxor.

1018 398 1046 424 (ὲ.
1067 398 1161 425 Dicant
1179 406 1243 433 crgo
1257 398 1339 425 διιὼν]
1355 397 1489 433 quomodo
1503 396 1573 432 apud
1587 404 1634 424 eos
1647 395 1697 423 ista
1712 402 1773 423 ser·

982 447 1088 476 ventur,
1104 443 1166 479 quid
1181 451 1279 477 causae,
1295 432 1358 479 quid
1380 443 1492 470 rationis
1508 446 1549 470 cst
1561 441 1701 470 decalvare
1715 448 1774 468 mu·

984 488 1088 522 limem,
1103 494 1130 515 et
1142 489 1252 524 ungulas
1265 489 1324 523 ejus
1336 487 1478 515 abscindi?
1495 488 1568 515 verbi
1580 495 1672 519 causa.
1686 493 1773 521 pona·

984 543 1043 563 mus
1058 535 1130 570 quod
1144 536 1178 562 ita
1198 535 1330 562 invenerit
1342 542 1401 562 eam
1416 535 1439 561 is
1462 534 1506 569 qui
1519 534 1616 561 dicitur
1628 531 1772 565 invenisse,

985 586 1014 608 ut
1036 589 1122 616 neque
1139 581 1263 613 capillos,
1286 588 1372 614 neque
1390 580 1501 614 ungulas
1526 579 1632 612 babeat,
1646 578 1709 613 quid
1726 577 1774 604 ba-

985 628 1050 661 buit,
1068 627 1137 662 quod
1150 627 1295 655 secundum
1312 627 1398 661 legem
1414 627 1523 654 demere
1536 624 1689 652 videretur?

1020 684 1048 712 5.
1068 684 1122 712 Nos
1149 691 1211 711 vcro
1225 704 1232 717 ‚
1262 683 1360 718 quibus
1385 682 1480 709 militia
1497 679 1643 715 spiritualis
1664 683 1720 711 cst,
1749 682 1776 706 et

986 737 1060 757 arma
1083 739 1136 757 non
1158 730 1284 762 carnalia,
1311 729 1358 756 sed
1379 728 1497 763 potentia
1520 727 1586 760 Deo,
1608 725 1630 752 si
1652 725 1776 752 decoram

988 777 1137 808 mutierem.
1167 775 1193 802 id
1221 779 1273 807 est,
1302 775 1429 806 animam,
1452 781 1511 807 qum
1539 779 1554 798 a
1585 771 1640 799 Deo
1667 770 1776 805 putem-a

986 826 1077 849 creata
1093 825 1144 853 cst,
1166 821 1192 847 in
1208 820 1301 855 gentili
1323 819 1527 847 conversatione
1543 817 1734 849 invenerimus,
1747 819 1776 843 et

990 867 1092 893 sociare
1117 864 1279 892 voluerimus
1308 872 1366 891 cum
1393 863 1499 897 corpori
1520 862 1630 894 Christi,
1657 861 1778 895 deposito

990 911 1147 938 idololatriae
1158 911 1241 943 cultu,
1260 910 1376 937 induitur
1393 908 1547 944 lugubribus
1560 906 1724 942 poenitentiae
1738 906 1778 933 in-

988 958 1134 990 dumentis,
1151 962 1178 985 et
1196 957 1318 990 deplorat
1339 961 1452 990 patrem,
1475 961 1501 983 et
1522 961 1646 986 matrem,
1661 954 1711 980 boc
1724 956 1778 987 est,

988 1010 1096 1031 omnem
1115 1002 1271 1030 memoriam
1287 1001 1390 1034 mundi,
1407 1000 1519 1035 ejusque
1533 999 1683 1027 illecebras.

1025 1063 1052 1090 4.
1074 1062 1174 1090 Deinde
1189 1061 1261 1089 verbi
1287 1060 1332 1087 Dei
1352 1059 1482 1087 novacula
1509 1063 1535 1086 et
1557 1058 1676 1086 doctrina
1701 1063 1780 1084 omne

990 1113 1128 1144 peccatum
1153 1106 1318 1135 infidelitatis
1338 1105 1414 1140 eius.
1445 1103 1515 1140 quod
1538 1108 1671 1131 mortuum
1692 1106 1734 1130 est
1753 1104 1781 1130 et

992 1155 1080 1186 inane,
1096 1153 1253 1185 ab:aditur;
1280 1153 1330 1178 lioc
1349 1151 1419 1178 enim
1444 1154 1505 1177 sunt
1524 1147 1611 1182 capilli
1631 1147 1727 1182 capitis
1751 1149 1781 1174 et

992 1201 1095 1235 ungulae
1110 1199 1239 1227 mulieris.
1264 1199 1349 1232 Atque
1363 1196 1398 1224 ita
1414 1196 1521 1223 demum
1537 1194 1663 1222 salutaris
1683 1191 1781 1219 lavacri

992 1247 1061 1273 undu
1089 1245 1224 1280 purificata
1248 1243 1417 1278 conjungitur
1441 1240 1541 1268 sanctis
1565 1239 1612 1267 Dei
1634 1260 1642 1272 ‚
1668 1238 1781 1270 scilieet,

992 1299 1052 1319 cum
1068 1291 1121 1325 jam
1139 1290 1203 1316 nihil
1221 1289 1246 1316 in
1269 1289 1356 1323 capite
1373 1285 1515 1318 mortuum,
1533 1285 1597 1312 nihil
1618 1284 1644 1311 in
1660 1283 1782 1311 manibus

995 1345 1027 1363 cx
1055 1336 1108 1363 illis
1124 1342 1183 1370 qua:
1203 1343 1249 1369 per
1265 1334 1446 1360 infidelitatem
1467 1336 1570 1360 mortua
1591 1331 1712 1358 dicuntur
1736 1328 1783 1356 lta·

994 1382 1093 1414 buerit,
1117 1385 1146 1407 ut
1170 1387 1254 1414 neque
1277 1379 1409 1411 sensibus,
1434 1385 1520 1412 neque
1545 1377 1649 1405 actibus
1667 1376 1783 1404 immun—

992 1427 1055 1454 dum
1072 1425 1172 1461 aliquid
1188 1429 1234 1452 aut
1249 1428 1382 1451 mortuum
1399 1427 1483 1458 gerat.

1028 1488 1054 1514 5.
1076 1485 1152 1519 Quod
1175 1492 1239 1512 vero
1262 1487 1322 1518 post
1345 1482 1454 1517 triginta
1479 1481 1536 1508 dies
1549 1480 1625 1516 jubet
1646 1487 1706 1507 eam
1721 1478 1784 1506 duci

994 1539 1120 1565 uxorem,
1137 1530 1243 1557 teminae
1255 1528 1354 1564 quippe
1374 1526 1510 1562 sanguinis
1526 1527 1710 1560 purgationem
1725 1527 1785 1559 post

957 1587 981 1618 C
998 1585 1117 1606 mensem
1133 1577 1232 1604 babere
1247 1575 1344 1602 solent.
1362 1574 1425 1601 Post
1444 1573 1627 1608 purgationem
1644 1578 1708 1607 ergo
1723 1578 1786 1605 pec-

994 1630 1126 1657 catorum,
1152 1622 1240 1650 anima
1251 1621 1307 1656 jam
1333 1620 1428 1647 effecta
1453 1619 1551 1646 munda
1573 1622 1601 1646 et
1621 1623 1731 1652 purgata
1751 1615 1786 1643 ab

994 1670 1161 1700 immunditia
1178 1676 1228 1696 sua
1243 1667 1360 1696 sociatur
1375 1666 1433 1693 viro
1449 1665 1587 1698 Israelitis,
1609 1663 1713 1698 corpori
1734 1661 1787 1690 sci-

995 1718 1058 1745 licet
1068 1715 1177 1743 Christi.

1029 1771 1110 1808 473
1120 1770 1148 1798 6.
1158 1768 1287 1797 Ternario
1294 1774 1407 1801 namque
1421 1773 1453 1793 ac
1467 1765 1577 1793 denario
1592 1771 1704 1792 numero
1721 1764 1788 1791 tides

995 1826 1115 1854 opusque
1129 1816 1303 1852 significatur.
1321 1813 1373 1841 Per
1388 1813 1467 1840 sidem
1481 1819 1545 1846 ergo
1558 1811 1695 1838 Trinitatis
1708 1815 1787 1845 atque

995 1872 1061 1899 opus
1073 1864 1138 1898 legis
1150 1866 1222 1889 recte
1233 1861 1350 1888 sociatur
1364 1858 1623 1893 quaecunqueanima
1633 1857 1689 1883 viro
1699 1855 1786 1883 lsrae-

995 1911 1065 1943 titae,
1080 1908 1184 1942 corpori
1199 1907 1300 1934 scilicet
1322 1904 1438 1937 Christi,
1456 1903 1597 1930 adhaerens
1609 1902 1645 1928 illi
1659 1901 1719 1928 sine
1732 1907 1788 1928 ma-

995 1956 1053 1984 cula
1063 1978 1070 1989 ,
1081 1954 1234 1983 sinceritate
1264 1952 1324 1979 {idei
1346 1955 1373 1979 et
1387 1955 1493 1978 actuum
1507 1949 1630 1984 puritate.
1643 1947 1693 1975 Alii
1710 1953 1787 1982 puta-

996 2005 1092 2029 verunt
1114 2000 1182 2027 lianc
1207 1997 1344 2025 mulierem
1364 1995 1511 2030 captivam,
1536 1994 1660 2022 decoram
1686 1992 1788 2028 specie,

997 2046 1179 2075 rationabilem
1200 2044 1314 2078 aliquam
1342 2041 1510 2075 disciplinam
1544 2039 1709 2075 significare,
1728 2044 1790 2073 quae

997 2094 1131 2130 sapienter
1145 2092 1215 2120 dicta
1231 2090 1364 2118 invenitur
1379 2089 1447 2124 apud
1464 2087 1587 2123 gentiles.

1032 2152 1058 2177 7.
1075 2150 1137 2177 llaee
1150 2156 1213 2183 ergo
1227 2155 1243 2175 a
1264 2146 1341 2174 nobis
1360 2149 1464 2180 reperta
1475 2165 1483 2178 ,
1504 2147 1610 2178 oportet
1623 2140 1738 2178 primurn
1753 2141 1789 2170 de

997 2203 1027 2223 ca
1041 2195 1146 2222 auterre
1161 2199 1188 2221 et
1205 2199 1329 2220 resecare
1341 2198 1446 2218 omnem
1461 2188 1658 2224 superstitionis
1671 2187 1729 2222 ejus
1739 2187 1792 2215 im·

998 2241 1153 2269 munditiam
1164 2261 1172 2273 ‚
1186 2244 1213 2267 et
1227 2239 1266 2266 sic
1275 2245 1335 2266 eam
1349 2238 1376 2265 in
1390 2236 1478 2264 studio
1501 2236 1622 2262 veritatis
1640 2240 1788 2262 assumere.

959 2273 984 2304 n
998 2287 1067 2315 Ndiil
1076 2286 1146 2314 enim
1160 2285 1286 2313 mnndum
1300 2285 1397 2311 liabent
1406 2282 1552 2316 disciptinae
1563 2281 1716 2316 gentilium,
1728 2280 1797 2316 quia¹

1001 2332 1071 2360 nulla
1085 2330 1155 2366 apud
1170 2329 1288 2358 infideles
1302 2326 1431 2362 sapientia
1444 2330 1486 2354 est
1498 2325 1541 2353 cui
1561 2325 1726 2354 immunditia
1741 2325 1807 2354 atim

1001 2385 1053 2413 qua
1065 2378 1106 2405 vel
1121 2375 1276 2410 superstitio
1296 2381 1350 2402 non
1366 2373 1403 2400 sit
1417 2372 1546 2400 admixta.

1040 2495 1111 2558 11ιὶιὲ
1130 2493 1242 2521 Albai-n.
1268 2491 1333 2520 facit
1353 2491 1434 2520 etiam
1455 2498 1515 2519 cum
1537 2489 1682 2523 Cassiano,
1705 2476 1806 2524 qunti-⁴

1000 2532 1073 2559 lium.
1114 2537 1176 2557 nav.

1034 2567 1100 2594 Car.
1124 2571 1200 2592 xvnt.
1215 2563 1248 2591 N.
1263 2561 1290 2590 5.
1312 2561 1347 2589 Ea
1368 2563 1484 2598 deplorat
1508 2567 1607 2598 patrem
1626 2565 1651 2589 et
1671 2564 1776 2588 ”wrm

998 2602 1046 2630 Sic
1065 2600 1183 2635 reposui,
1198 2607 1258 2628 cum
1274 2597 1345 2632 apud
1366 2599 1496 2626 Grialinm
1516 2598 1649 2632 legeretur
1661 2601 1685 2624 et
1698 2595 1731 2623 de
1783 2627 1788 2630 ⁵
1822 2597 1832 2630 Γ,

996 2641 1035 2664 τοι
1051 2640 1148 2670 patrem
1162 2639 1186 2661 et
1200 2639 1317 2662 niati-em.
1334 2633 1417 2662 Vetus
1431 2633 1529 2667 Editio,
1547 2632 1726 2668 deploratque.
1738 2637 1775 2666 ρι
1788 2635 1790 2637 ·

997 2677 1061 2700 trem
1073 2675 1096 2699 et
1109 2677 1225 2698 matrem.
1242 2671 1326 2697 Ansv.

1037 2706 1064 2735 4.
1085 2705 1211 2737 Crianos,
1225 2704 1374 2732 abradatur.
1391 2704 1477 2732 Anav-

1035 2742 1062 2770 7.
1079 2740 1144 2768 Hoec
1166 2748 1226 2776 erqo
1246 2748 1262 2766 a
1275 2739 1347 2767 nobis
1360 2743 1472 2775 reperta.
1496 2737 1536 2766 lta
1549 2742 1602 2766 ms.
1616 2735 1752 2765 Alburno!

998 2782 1028 2805 ut
1039 2777 1074 2805 sit
1097 2776 1276 2804 nominativus
1287 2774 1440 2808 absolutus,
1455 2773 1527 2816 quod
1538 2771 1634 2800 mettas
1647 2775 1690 2799 est
1699 2779 1723 2807 ,q
1759 2804 1762 2806 v

996 2812 1067 2847 apud
1082 2810 1212 2840 Grialium
1220 2830 1229 2843 .
1237 2810 1303 2838 hanc
1313 2817 1373 2846 erqo
1382 2818 1399 2838 a
1409 2808 1482 2838 nobis
1493 2813 1632 2844 repemm.
1642 2806 1738 2836 Posset

1032 2847 1058 2876 ni
1067 2867 1076 2880 .
1093 2846 1142 2876 hac
1155 2846 1224 2876 enim
1237 2844 1337 2875 anobis
1358 2849 1460 2881 reperta
1470 2846 1570 2880 oportet
1583 2843 1711 2882 prim,
1736 2876 1741 2878 ‚

1020 2890 1080 2913 nu.
1253 2885 1258 2890 ·
1668 2889 1669 2893 ’

193 2497 219 2525 5.
242 2499 315 2531 Quod
338 2503 422 2526 autem
434 2498 473 2525 ha.-
484 2502 565 2532 peues
575 2496 671 2524 robuse.
683 2496 771 2531 Cass„
787 2497 865 2532 paulo
875 2502 945 2533 post.

158 2534 262 2597 GnllliiLd.
284 2569 358 2603 Quod
382 2577 439 2597 vero
463 2569 570 2596 istarum
593 2568 793 2604 perniciosarum
818 2569 945 2605 gentium.

159 2603 246 2637 Cass.¹
262 2613 320 2638 cap.
334 2604 378 2631 25.
395 2605 500 2632 Gutta?

192 2638 219 2665 6.
241 2640 354 2671 Spiritus
368 2640 502 2667 retinebat.
513 2654 548 2660 —
562 2639 722 2671 Retentatme,
737 2638 813 2666 Cass.
830 2639 925 2667 Gmu..

192 2674 231 2715 7..
242 2674 383 2716 {himilitas
398 2675 549 2706 lioiiestabit,
565 2682 596 2702 ex
610 2674 687 2715 Cass
706 2673 816 2716 Incipiet
829 2674 945 2715 excolere

160 2708 301 2749 Ιιμιῃιίιιιιε,
314 2718 378 2738 mss.
395 2719 436 2752 m,
451 2710 588 2737 mendose.
605 2709 715 2737 Dixerat
729 2717 800 2737 enim
817 2714 890 2743 ante,
906 2717 948 2736 m-

159 2745 509 2815 ‘minantia‘szzz'tffz’s
517 2745 638 2807 ἒὲὶζὲ.
649 2778 774 2815 effecit...
789 2780 838 2809 us.
847 2779 943 2808 unu„

195 2813 260 2840 Cn.
277 2822 341 2842 xvtt.
365 2814 440 2843 ΝΛ.
462 2816 535 2843 [llud
551 2823 620 2847 vero.
640 2816 708 2850 quod
726 2824 786 2844 cnm
803 2816 837 2845 ad
860 2814 944 2843 Atura·

161 2846 231 2875 hain.
247 2848 287 2878 Ex
300 2849 360 2876 ead.
378 2849 454 2883 coll..
465 2857 526 2886 cap.
535 2849 582 2877 22.
596 2849 693 2878 ΩιιιΑι.

196 2883 224 2911 2.
237 2881 284 2911 Vei
293 2884 374 2918 impia
387 2884 699 2920 gencium-Gentilium,
708 2885 829 2916 cassian.
845 2886 940 2916 Garis.
