<?xml version="1.0" encoding="UTF-8"?>
<!DOCTYPE html PUBLIC "-//W3C//DTD XHTML 1.0 Transitional//EN"
    "http://www.w3.org/TR/xhtml1/DTD/xhtml1-transitional.dtd">
<html xmlns="http://www.w3.org/1999/xhtml" xml:lang="en" lang="en">
 <head>
  <title>
</title>
<meta http-equiv="Content-Type" content="text/html;charset=utf-8" />
  <meta name='ocr-system' content='tesseract 3.04.00' />
  <meta name='ocr-capabilities' content='ocr_page ocr_carea ocr_par ocr_line ocrx_word'/>
</head>
<body>
  <div class='ocr_page' id='page_1' title='image "./patrologiae83unknuoft_0502.png"; bbox 0 0 1832 3016; ppageno 0'>
   <div class='ocr_carea' id='block_1_1' title="bbox 99 171 150 200">
    <p class='ocr_par' dir='ltr' id='par_1_1' title="bbox 99 171 150 200">
     <span class='ocr_line' id='line_1_1' title="bbox 99 171 150 200; baseline -0.039 0"><span class='ocrx_word' id='word_1_1' title='bbox 99 171 150 200; x_wconf 71' lang='grc'>991</span> 
     </span>
    </p>
   </div>
   <div class='ocr_carea' id='block_1_2' title="bbox 617 160 1217 194">
    <p class='ocr_par' dir='ltr' id='par_1_2' title="bbox 617 160 1217 194">
     <span class='ocr_line' id='line_1_2' title="bbox 617 160 1217 194; baseline 0.002 -1"><span class='ocrx_word' id='word_1_2' title='bbox 617 164 648 193; x_wconf 77' lang='lat' dir='ltr'>S.</span> <span class='ocrx_word' id='word_1_3' title='bbox 670 161 799 192; x_wconf 78' lang='lat' dir='ltr'>tsinont</span> <span class='ocrx_word' id='word_1_4' title='bbox 820 160 1040 193; x_wconf 67' lang='lat' dir='ltr'>ttlsmLchis</span> <span class='ocrx_word' id='word_1_5' title='bbox 1060 164 1217 194; x_wconf 69' lang='lat' dir='ltr'>Episcopi</span> 
     </span>
    </p>
   </div>
   <div class='ocr_carea' id='block_1_3' title="bbox 100 219 1743 262">
    <p class='ocr_par' dir='ltr' id='par_1_3' title="bbox 100 219 1743 262">
     <span class='ocr_line' id='line_1_3' title="bbox 100 219 1743 262; baseline -0.003 -4"><span class='ocrx_word' id='word_1_6' title='bbox 100 228 223 258; x_wconf 77' lang='lat' dir='ltr'>eamdem</span> <span class='ocrx_word' id='word_1_7' title='bbox 238 230 353 262; x_wconf 77' lang='lat' dir='ltr'>partem,</span> <span class='ocrx_word' id='word_1_8' title='bbox 367 230 420 259; x_wconf 76' lang='lat' dir='ltr'>qua</span> <span class='ocrx_word' id='word_1_9' title='bbox 435 222 517 255; x_wconf 88' lang='lat' dir='ltr'>lucet.</span> <span class='ocrx_word' id='word_1_10' title='bbox 538 222 666 256; x_wconf 84' lang='lat' dir='ltr'>paulatim</span> <span class='ocrx_word' id='word_1_11' title='bbox 679 221 712 248; x_wconf 86' lang='lat' dir='ltr'>ad</span> <span class='ocrx_word' id='word_1_12' title='bbox 725 225 812 248; x_wconf 73' lang='lat' dir='ltr'>terras</span> <span class='ocrx_word' id='word_1_13' title='bbox 822 227 891 247; x_wconf 89' lang='lat' dir='ltr'>con·</span> <span class='ocrx_word' id='word_1_14' title='bbox 907 220 931 250; x_wconf 84' lang='grc' dir='ltr'>Α</span> <span class='ocrx_word' id='word_1_15' title='bbox 945 219 1060 249; x_wconf 84' lang='lat' dir='ltr'>desinat.</span> <span class='ocrx_word' id='word_1_16' title='bbox 1077 222 1129 250; x_wconf 80' lang='lat' dir='ltr'>Sed</span> <span class='ocrx_word' id='word_1_17' title='bbox 1145 223 1207 251; x_wconf 85' lang='lat' dir='ltr'>ideo</span> <span class='ocrx_word' id='word_1_18' title='bbox 1222 223 1332 251; x_wconf 76' lang='lat' dir='ltr'><strong>alternis</strong></span> <span class='ocrx_word' id='word_1_19' title='bbox 1341 222 1443 251; x_wconf 84' lang='lat' dir='ltr'>vicibus</span> <span class='ocrx_word' id='word_1_20' title='bbox 1456 223 1694 252; x_wconf 80' lang='lat' dir='ltr'>commutationem</span> <span class='ocrx_word' id='word_1_21' title='bbox 1704 226 1743 254; x_wconf 87' lang='lat' dir='ltr'>si-</span> 
     </span>
    </p>
   </div>
   <div class='ocr_carea' id='block_1_4' title="bbox 97 267 898 903">
    <p class='ocr_par' dir='ltr' id='par_1_4' title="bbox 98 267 893 352">
     <span class='ocr_line' id='line_1_4' title="bbox 99 267 893 309; baseline -0.013 -5"><span class='ocrx_word' id='word_1_22' title='bbox 99 277 178 309; x_wconf 74' lang='grc' dir='ltr'>νει-ιι,</span> <span class='ocrx_word' id='word_1_23' title='bbox 193 280 221 302; x_wconf 86' lang='grc' dir='ltr'>ιιι</span> <span class='ocrx_word' id='word_1_24' title='bbox 243 272 327 301; x_wconf 84' lang='lat' dir='ltr'>videri</span> <span class='ocrx_word' id='word_1_25' title='bbox 342 279 356 298; x_wconf 90' lang='lat' dir='ltr'>a</span> <span class='ocrx_word' id='word_1_26' title='bbox 383 271 459 298; x_wconf 83' lang='lat' dir='ltr'>nobie</span> <span class='ocrx_word' id='word_1_27' title='bbox 486 269 580 304; x_wconf 86' lang='lat' dir='ltr'>possit,</span> <span class='ocrx_word' id='word_1_28' title='bbox 607 273 635 297; x_wconf 90' lang='lat' dir='ltr'>et</span> <span class='ocrx_word' id='word_1_29' title='bbox 649 269 711 296; x_wconf 89' lang='lat' dir='ltr'>ideo</span> <span class='ocrx_word' id='word_1_30' title='bbox 729 267 804 303; x_wconf 88' lang='lat' dir='ltr'>prius</span> <span class='ocrx_word' id='word_1_31' title='bbox 816 267 893 303; x_wconf 80' lang='lat' dir='ltr'>quasi</span> 
     </span>
     <span class='ocr_line' id='line_1_5' title="bbox 98 316 491 352; baseline -0.018 -3"><span class='ocrx_word' id='word_1_32' title='bbox 98 320 263 350; x_wconf 84' lang='lat' dir='ltr'>corniculato</span> <span class='ocrx_word' id='word_1_33' title='bbox 276 318 375 345; x_wconf 88' lang='lat' dir='ltr'>lumine</span> <span class='ocrx_word' id='word_1_34' title='bbox 397 316 491 352; x_wconf 72' lang='lat' dir='ltr'>fulget.</span> 
     </span>
    </p>

    <p class='ocr_par' dir='ltr' id='par_1_5' title="bbox 97 360 898 903">
     <span class='ocr_line' id='line_1_6' title="bbox 133 360 895 396; baseline -0.008 -3"><span class='ocrx_word' id='word_1_35' title='bbox 133 366 159 393; x_wconf 79' lang='lat'>2.</span> <span class='ocrx_word' id='word_1_36' title='bbox 176 366 241 393; x_wconf 83' lang='lat' dir='ltr'>Nam</span> <span class='ocrx_word' id='word_1_37' title='bbox 257 368 284 391; x_wconf 88' lang='lat' dir='ltr'>ct</span> <span class='ocrx_word' id='word_1_38' title='bbox 298 364 320 390; x_wconf 91' lang='lat' dir='ltr'>si</span> <span class='ocrx_word' id='word_1_39' title='bbox 338 364 436 391; x_wconf 74' lang='lat' dir='ltr'>formes</span> <span class='ocrx_word' id='word_1_40' title='bbox 458 362 539 396; x_wconf 88' lang='lat' dir='ltr'>pilam</span> <span class='ocrx_word' id='word_1_41' title='bbox 558 369 590 388; x_wconf 85' lang='lat' dir='ltr'>ex</span> <span class='ocrx_word' id='word_1_42' title='bbox 606 366 682 396; x_wconf 88' lang='lat' dir='ltr'>parte</span> <span class='ocrx_word' id='word_1_43' title='bbox 699 361 787 388; x_wconf 88' lang='lat' dir='ltr'>media</span> <span class='ocrx_word' id='word_1_44' title='bbox 802 360 895 387; x_wconf 86' lang='lat' dir='ltr'>candi-</span> 
     </span>
     <span class='ocr_line' id='line_1_7' title="bbox 99 408 894 444; baseline -0.009 -6"><span class='ocrx_word' id='word_1_45' title='bbox 99 413 170 444; x_wconf 77' lang='lat' dir='ltr'>dam,</span> <span class='ocrx_word' id='word_1_46' title='bbox 187 418 219 437; x_wconf 85' lang='lat' dir='ltr'>ex</span> <span class='ocrx_word' id='word_1_47' title='bbox 245 414 321 444; x_wconf 90' lang='lat' dir='ltr'>parte</span> <span class='ocrx_word' id='word_1_48' title='bbox 342 408 495 440; x_wconf 81' lang='lat' dir='ltr'>obscuram,</span> <span class='ocrx_word' id='word_1_49' title='bbox 518 411 581 434; x_wconf 91' lang='lat' dir='ltr'>tunc</span> <span class='ocrx_word' id='word_1_50' title='bbox 608 413 667 433; x_wconf 87' lang='lat' dir='ltr'>eam</span> <span class='ocrx_word' id='word_1_51' title='bbox 694 410 808 440; x_wconf 85' lang='lat' dir='ltr'>partem,</span> <span class='ocrx_word' id='word_1_52' title='bbox 834 412 894 440; x_wconf 79' lang='lat' dir='ltr'>quae</span> 
     </span>
     <span class='ocr_line' id='line_1_8' title="bbox 98 451 896 487; baseline -0.006 -4"><span class='ocrx_word' id='word_1_53' title='bbox 98 457 211 483; x_wconf 82' lang='lat' dir='ltr'>obscura</span> <span class='ocrx_word' id='word_1_54' title='bbox 234 460 297 487; x_wconf 84' lang='lat' dir='ltr'>est,</span> <span class='ocrx_word' id='word_1_55' title='bbox 324 454 346 480; x_wconf 84' lang='lat' dir='ltr'>si</span> <span class='ocrx_word' id='word_1_56' title='bbox 371 460 463 480; x_wconf 91' lang='lat' dir='ltr'>coram</span> <span class='ocrx_word' id='word_1_57' title='bbox 490 451 576 480; x_wconf 87' lang='lat' dir='ltr'>oculis</span> <span class='ocrx_word' id='word_1_58' title='bbox 602 451 716 484; x_wconf 79' lang='lat' dir='ltr'>liabens,</span> <span class='ocrx_word' id='word_1_59' title='bbox 741 451 807 477; x_wconf 75' lang='lat' dir='ltr'>nillil</span> <span class='ocrx_word' id='word_1_60' title='bbox 832 458 896 478; x_wconf 89' lang='lat' dir='ltr'>can·</span> 
     </span>
     <span class='ocr_line' id='line_1_9' title="bbox 97 497 894 535; baseline -0.006 -6"><span class='ocrx_word' id='word_1_61' title='bbox 97 502 172 529; x_wconf 89' lang='lat' dir='ltr'>doris</span> <span class='ocrx_word' id='word_1_62' title='bbox 194 501 322 535; x_wconf 78' lang='lat' dir='ltr'>aspicies;</span> <span class='ocrx_word' id='word_1_63' title='bbox 349 507 409 526; x_wconf 85' lang='lat' dir='ltr'>cuin</span> <span class='ocrx_word' id='word_1_64' title='bbox 435 499 550 533; x_wconf 80' lang='lat' dir='ltr'>coeperis</span> <span class='ocrx_word' id='word_1_65' title='bbox 572 498 643 525; x_wconf 87' lang='lat' dir='ltr'>iilam</span> <span class='ocrx_word' id='word_1_66' title='bbox 666 497 806 525; x_wconf 90' lang='lat' dir='ltr'>candidam</span> <span class='ocrx_word' id='word_1_67' title='bbox 830 504 894 531; x_wconf 91' lang='lat' dir='ltr'>par·</span> 
     </span>
     <span class='ocr_line' id='line_1_10' title="bbox 98 545 896 581; baseline -0.006 -7"><span class='ocrx_word' id='word_1_68' title='bbox 98 552 150 574; x_wconf 87' lang='lat' dir='ltr'>tem</span> <span class='ocrx_word' id='word_1_69' title='bbox 176 547 300 581; x_wconf 85' lang='lat' dir='ltr'>paulatim</span> <span class='ocrx_word' id='word_1_70' title='bbox 327 545 360 571; x_wconf 91' lang='lat' dir='ltr'>ad</span> <span class='ocrx_word' id='word_1_71' title='bbox 384 545 478 572; x_wconf 88' lang='lat' dir='ltr'>oculos</span> <span class='ocrx_word' id='word_1_72' title='bbox 502 549 682 576; x_wconf 64' lang='lat' dir='ltr'>convertere,⁴</span> <span class='ocrx_word' id='word_1_73' title='bbox 707 545 822 578; x_wconf 87' lang='lat' dir='ltr'>primum</span> <span class='ocrx_word' id='word_1_74' title='bbox 849 550 896 570; x_wconf 86' lang='lat' dir='ltr'>ve-</span> 
     </span>
     <span class='ocr_line' id='line_1_11' title="bbox 98 589 896 622; baseline -0.008 -2"><span class='ocrx_word' id='word_1_75' title='bbox 98 593 144 620; x_wconf 89' lang='lat' dir='ltr'>luti</span> <span class='ocrx_word' id='word_1_76' title='bbox 161 599 260 619; x_wconf 82' lang='lat' dir='ltr'>coi-nna</span> <span class='ocrx_word' id='word_1_77' title='bbox 290 590 416 617; x_wconf 82' lang='lat' dir='ltr'>candoris</span> <span class='ocrx_word' id='word_1_78' title='bbox 443 590 561 622; x_wconf 76' lang='lat' dir='ltr'>videbis:</span> <span class='ocrx_word' id='word_1_79' title='bbox 590 589 688 617; x_wconf 85' lang='lat' dir='ltr'>debinc</span> <span class='ocrx_word' id='word_1_80' title='bbox 712 589 812 615; x_wconf 80' lang='lat' dir='ltr'>sensim</span> <span class='ocrx_word' id='word_1_81' title='bbox 837 595 896 615; x_wconf 87' lang='lat' dir='ltr'>cre-</span> 
     </span>
     <span class='ocr_line' id='line_1_12' title="bbox 98 634 894 671; baseline -0.006 -6"><span class='ocrx_word' id='word_1_82' title='bbox 98 643 164 670; x_wconf 87' lang='lat' dir='ltr'>scet,</span> <span class='ocrx_word' id='word_1_83' title='bbox 189 638 274 664; x_wconf 85' lang='lat' dir='ltr'>donee</span> <span class='ocrx_word' id='word_1_84' title='bbox 302 641 356 663; x_wconf 84' lang='lat' dir='ltr'>tota</span> <span class='ocrx_word' id='word_1_85' title='bbox 382 643 446 671; x_wconf 75' lang='lat' dir='ltr'>pars</span> <span class='ocrx_word' id='word_1_86' title='bbox 470 637 588 663; x_wconf 78' lang='lat' dir='ltr'>candens</span> <span class='ocrx_word' id='word_1_87' title='bbox 614 640 765 669; x_wconf 86' lang='lat' dir='ltr'>opponatur</span> <span class='ocrx_word' id='word_1_88' title='bbox 793 634 894 666; x_wconf 88' lang='lat' dir='ltr'>oculis,</span> 
     </span>
     <span class='ocr_line' id='line_1_13' title="bbox 98 679 896 715; baseline -0.005 -4"><span class='ocrx_word' id='word_1_89' title='bbox 98 689 125 711; x_wconf 90' lang='lat' dir='ltr'>et</span> <span class='ocrx_word' id='word_1_90' title='bbox 139 684 203 710; x_wconf 82' lang='lat' dir='ltr'>nliiil</span> <span class='ocrx_word' id='word_1_91' title='bbox 223 684 366 710; x_wconf 80' lang='lat' dir='ltr'>obscurum</span> <span class='ocrx_word' id='word_1_92' title='bbox 386 682 497 709; x_wconf 85' lang='lat' dir='ltr'>alterius</span> <span class='ocrx_word' id='word_1_93' title='bbox 515 682 597 715; x_wconf 92' lang='lat' dir='ltr'>partis</span> <span class='ocrx_word' id='word_1_94' title='bbox 617 681 761 713; x_wconf 81' lang='lat' dir='ltr'>videatur;</span> <span class='ocrx_word' id='word_1_95' title='bbox 779 688 859 715; x_wconf 90' lang='lat' dir='ltr'>quam</span> <span class='ocrx_word' id='word_1_96' title='bbox 873 679 896 706; x_wconf 85' lang='lat' dir='ltr'>si</span> 
     </span>
     <span class='ocr_line' id='line_1_14' title="bbox 99 727 895 764; baseline -0.005 -7"><span class='ocrx_word' id='word_1_97' title='bbox 99 731 188 757; x_wconf 77' lang='lat' dir='ltr'>denuo</span> <span class='ocrx_word' id='word_1_98' title='bbox 202 730 329 764; x_wconf 85' lang='lat' dir='ltr'>paulatim</span> <span class='ocrx_word' id='word_1_99' title='bbox 350 729 528 761; x_wconf 86' lang='lat' dir='ltr'>converteris,</span> <span class='ocrx_word' id='word_1_100' title='bbox 555 727 650 761; x_wconf 82' lang='lat' dir='ltr'>incipit</span> <span class='ocrx_word' id='word_1_101' title='bbox 674 727 826 754; x_wconf 83' lang='lat' dir='ltr'>obscuritas</span> <span class='ocrx_word' id='word_1_102' title='bbox 846 734 895 761; x_wconf 86' lang='lat' dir='ltr'>ap-</span> 
     </span>
     <span class='ocr_line' id='line_1_15' title="bbox 99 774 895 811; baseline -0.005 -7"><span class='ocrx_word' id='word_1_103' title='bbox 99 785 204 811; x_wconf 89' lang='lat' dir='ltr'>parere,</span> <span class='ocrx_word' id='word_1_104' title='bbox 231 781 257 803; x_wconf 91' lang='lat' dir='ltr'>et</span> <span class='ocrx_word' id='word_1_105' title='bbox 272 776 373 803; x_wconf 74' lang='lat' dir='ltr'>candor</span> <span class='ocrx_word' id='word_1_106' title='bbox 398 777 495 808; x_wconf 88' lang='lat' dir='ltr'>minui,</span> <span class='ocrx_word' id='word_1_107' title='bbox 521 776 609 802; x_wconf 87' lang='lat' dir='ltr'>donec</span> <span class='ocrx_word' id='word_1_108' title='bbox 624 776 719 802; x_wconf 85' lang='lat' dir='ltr'>iterum</span> <span class='ocrx_word' id='word_1_109' title='bbox 744 774 778 800; x_wconf 90' lang='lat' dir='ltr'>ad</span> <span class='ocrx_word' id='word_1_110' title='bbox 793 781 895 801; x_wconf 87' lang='lat' dir='ltr'>cornua</span> 
     </span>
     <span class='ocr_line' id='line_1_16' title="bbox 100 821 898 855; baseline -0.004 -5"><span class='ocrx_word' id='word_1_111' title='bbox 100 823 204 855; x_wconf 81' lang='lat' dir='ltr'>redcat,</span> <span class='ocrx_word' id='word_1_112' title='bbox 221 830 252 850; x_wconf 90' lang='lat' dir='ltr'>ac</span> <span class='ocrx_word' id='word_1_113' title='bbox 266 822 306 850; x_wconf 86' lang='lat' dir='ltr'>sic</span> <span class='ocrx_word' id='word_1_114' title='bbox 321 827 393 849; x_wconf 91' lang='lat' dir='ltr'>totus</span> <span class='ocrx_word' id='word_1_115' title='bbox 409 822 510 849; x_wconf 84' lang='lat' dir='ltr'>candor</span> <span class='ocrx_word' id='word_1_116' title='bbox 533 821 567 848; x_wconf 87' lang='lat' dir='ltr'>ab</span> <span class='ocrx_word' id='word_1_117' title='bbox 586 821 674 849; x_wconf 88' lang='lat' dir='ltr'>oculis</span> <span class='ocrx_word' id='word_1_118' title='bbox 698 826 848 852; x_wconf 73' lang='lat' dir='ltr'>avertatur,</span> <span class='ocrx_word' id='word_1_119' title='bbox 871 824 898 847; x_wconf 91' lang='lat' dir='ltr'>et</span> 
     </span>
     <span class='ocr_line' id='line_1_17' title="bbox 103 864 897 903; baseline -0.003 -7"><span class='ocrx_word' id='word_1_120' title='bbox 103 870 160 896; x_wconf 88' lang='lat' dir='ltr'>sola</span> <span class='ocrx_word' id='word_1_121' title='bbox 178 870 274 896; x_wconf 87' lang='lat' dir='ltr'>iterum</span> <span class='ocrx_word' id='word_1_122' title='bbox 300 869 414 897; x_wconf 86' lang='lat' dir='ltr'>obscura</span> <span class='ocrx_word' id='word_1_123' title='bbox 431 877 493 903; x_wconf 83' lang='lat' dir='ltr'>pars</span> <span class='ocrx_word' id='word_1_124' title='bbox 519 864 608 903; x_wconf 82' lang='lat' dir='ltr'>possit</span> <span class='ocrx_word' id='word_1_125' title='bbox 626 868 722 895; x_wconf 85' lang='lat' dir='ltr'>videri.</span> <span class='ocrx_word' id='word_1_126' title='bbox 740 868 816 901; x_wconf 88' lang='lat' dir='ltr'>Quod</span> <span class='ocrx_word' id='word_1_127' title='bbox 839 868 897 895; x_wconf 87' lang='lat' dir='ltr'>lieri</span> 
     </span>
    </p>
   </div>
   <div class='ocr_carea' id='block_1_5' title="bbox 945 266 1747 903">
    <p class='ocr_par' dir='ltr' id='par_1_6' title="bbox 945 266 1744 435">
     <span class='ocr_line' id='line_1_18' title="bbox 945 266 1744 303; baseline 0.006 -9"><span class='ocrx_word' id='word_1_128' title='bbox 945 266 1219 303; x_wconf 39' lang='lat' dir='ltr'>deris-repraesentat,</span> <span class='ocrx_word' id='word_1_129' title='bbox 1232 273 1260 296; x_wconf 94' lang='lat' dir='ltr'>ut</span> <span class='ocrx_word' id='word_1_130' title='bbox 1271 269 1368 297; x_wconf 85' lang='lat' dir='ltr'>doceat</span> <span class='ocrx_word' id='word_1_131' title='bbox 1389 269 1513 296; x_wconf 84' lang='lat' dir='ltr'>homines</span> <span class='ocrx_word' id='word_1_132' title='bbox 1528 277 1561 297; x_wconf 85' lang='lat' dir='ltr'>ex</span> <span class='ocrx_word' id='word_1_133' title='bbox 1582 274 1642 298; x_wconf 90' lang='lat' dir='ltr'>ortu</span> <span class='ocrx_word' id='word_1_134' title='bbox 1659 272 1744 300; x_wconf 88' lang='lat' dir='ltr'>mori-</span> 
     </span>
     <span class='ocr_line' id='line_1_19' title="bbox 946 315 1742 351; baseline 0.008 -11"><span class='ocrx_word' id='word_1_135' title='bbox 946 316 1031 346; x_wconf 87' lang='lat' dir='ltr'>turos,</span> <span class='ocrx_word' id='word_1_136' title='bbox 1043 317 1116 341; x_wconf 87' lang='lat' dir='ltr'>etex</span> <span class='ocrx_word' id='word_1_137' title='bbox 1136 319 1223 343; x_wconf 89' lang='lat' dir='ltr'>morte</span> <span class='ocrx_word' id='word_1_138' title='bbox 1237 316 1377 348; x_wconf 77' lang='lat' dir='ltr'>victuros:</span> <span class='ocrx_word' id='word_1_139' title='bbox 1400 315 1559 351; x_wconf 85' lang='lat' dir='ltr'>atque&#39;ideo</span> <span class='ocrx_word' id='word_1_140' title='bbox 1579 324 1641 345; x_wconf 83' lang='lat' dir='ltr'>curn</span> <span class='ocrx_word' id='word_1_141' title='bbox 1661 325 1742 346; x_wconf 84' lang='lat' dir='ltr'>sene·</span> 
     </span>
     <span class='ocr_line' id='line_1_20' title="bbox 946 358 1744 396; baseline 0.008 -11"><span class='ocrx_word' id='word_1_142' title='bbox 946 358 1007 390; x_wconf 84' lang='lat' dir='ltr'>scit,</span> <span class='ocrx_word' id='word_1_143' title='bbox 1023 364 1137 387; x_wconf 87' lang='lat' dir='ltr'>mortem</span> <span class='ocrx_word' id='word_1_144' title='bbox 1153 367 1297 394; x_wconf 90' lang='lat' dir='ltr'>corporum</span> <span class='ocrx_word' id='word_1_145' title='bbox 1311 361 1415 396; x_wconf 88' lang='lat' dir='ltr'>prodit;</span> <span class='ocrx_word' id='word_1_146' title='bbox 1428 369 1489 389; x_wconf 91' lang='lat' dir='ltr'>cum</span> <span class='ocrx_word' id='word_1_147' title='bbox 1502 367 1624 396; x_wconf 85' lang='lat' dir='ltr'>augetur,</span> <span class='ocrx_word' id='word_1_148' title='bbox 1637 363 1744 391; x_wconf 65' lang='lat' dir='ltr'>aeterni-</span> 
     </span>
     <span class='ocr_line' id='line_1_21' title="bbox 946 406 1326 435; baseline 0.008 -3"><span class='ocrx_word' id='word_1_149' title='bbox 946 409 1027 432; x_wconf 88' lang='lat' dir='ltr'>tatem</span> <span class='ocrx_word' id='word_1_150' title='bbox 1042 406 1145 434; x_wconf 90' lang='lat' dir='ltr'>indicat</span> <span class='ocrx_word' id='word_1_151' title='bbox 1166 408 1326 435; x_wconf 90' lang='lat' dir='ltr'>animarum.</span> 
     </span>
    </p>

    <p class='ocr_par' dir='ltr' id='par_1_7' title="bbox 947 452 1747 903">
     <span class='ocr_line' id='line_1_22' title="bbox 982 452 1744 487; baseline 0.008 -9"><span class='ocrx_word' id='word_1_152' title='bbox 982 452 1009 479; x_wconf 81' lang='grc'>6.</span> <span class='ocrx_word' id='word_1_153' title='bbox 1034 452 1229 487; x_wconf 76' lang='lat' dir='ltr'>Nonnunquam</span> <span class='ocrx_word' id='word_1_154' title='bbox 1244 461 1309 481; x_wconf 88' lang='lat' dir='ltr'>vero</span> <span class='ocrx_word' id='word_1_155' title='bbox 1328 454 1422 482; x_wconf 84' lang='lat' dir='ltr'>eadem</span> <span class='ocrx_word' id='word_1_156' title='bbox 1441 455 1504 482; x_wconf 88' lang='lat' dir='ltr'>luna</span> <span class='ocrx_word' id='word_1_157' title='bbox 1525 455 1605 483; x_wconf 87' lang='lat' dir='ltr'>etiam</span> <span class='ocrx_word' id='word_1_158' title='bbox 1622 456 1744 485; x_wconf 76' lang='lat' dir='ltr'><strong>Ecclesia</strong></span> 
     </span>
     <span class='ocr_line' id='line_1_23' title="bbox 947 499 1743 536; baseline 0.005 -10"><span class='ocrx_word' id='word_1_159' title='bbox 947 499 1087 533; x_wconf 85' lang='lat' dir='ltr'>accipitur,</span> <span class='ocrx_word' id='word_1_160' title='bbox 1106 508 1153 534; x_wconf 90' lang='lat' dir='ltr'>pro</span> <span class='ocrx_word' id='word_1_161' title='bbox 1166 508 1198 528; x_wconf 91' lang='lat' dir='ltr'>eo</span> <span class='ocrx_word' id='word_1_162' title='bbox 1212 501 1284 535; x_wconf 90' lang='lat' dir='ltr'>quod</span> <span class='ocrx_word' id='word_1_163' title='bbox 1299 502 1368 529; x_wconf 88' lang='lat' dir='ltr'>sicut</span> <span class='ocrx_word' id='word_1_164' title='bbox 1383 502 1432 529; x_wconf 86' lang='lat' dir='ltr'>ista</span> <span class='ocrx_word' id='word_1_165' title='bbox 1445 510 1459 528; x_wconf 84' lang='lat' dir='ltr'>a</span> <span class='ocrx_word' id='word_1_166' title='bbox 1475 503 1542 536; x_wconf 78' lang='lat' dir='ltr'>sole,</span> <span class='ocrx_word' id='word_1_167' title='bbox 1559 503 1598 530; x_wconf 82' lang='lat' dir='ltr'>sic</span> <span class='ocrx_word' id='word_1_168' title='bbox 1621 503 1743 531; x_wconf 73' lang='lat' dir='ltr'><strong>Ecclesia</strong></span> 
     </span>
     <span class='ocr_line' id='line_1_24' title="bbox 947 544 1743 582; baseline 0.005 -11"><span class='ocrx_word' id='word_1_169' title='bbox 947 552 962 571; x_wconf 88' lang='lat' dir='ltr'>a</span> <span class='ocrx_word' id='word_1_170' title='bbox 982 544 1089 571; x_wconf 86' lang='lat' dir='ltr'>Cliristo</span> <span class='ocrx_word' id='word_1_171' title='bbox 1103 544 1281 572; x_wconf 87' lang='lat' dir='ltr'>illuminatur.</span> <span class='ocrx_word' id='word_1_172' title='bbox 1302 545 1378 573; x_wconf 91' lang='lat' dir='ltr'>Sicut</span> <span class='ocrx_word' id='word_1_173' title='bbox 1389 547 1460 573; x_wconf 90' lang='lat' dir='ltr'>enim</span> <span class='ocrx_word' id='word_1_174' title='bbox 1474 548 1535 574; x_wconf 86' lang='lat' dir='ltr'>luna</span> <span class='ocrx_word' id='word_1_175' title='bbox 1551 546 1642 575; x_wconf 82' lang='lat' dir='ltr'>deficit</span> <span class='ocrx_word' id='word_1_176' title='bbox 1663 554 1743 582; x_wconf 85' lang='lat' dir='ltr'>atque</span> 
     </span>
     <span class='ocr_line' id='line_1_25' title="bbox 947 590 1743 622; baseline 0.008 -6"><span class='ocrx_word' id='word_1_177' title='bbox 947 591 1053 622; x_wconf 87' lang='lat' dir='ltr'>crescit,</span> <span class='ocrx_word' id='word_1_178' title='bbox 1074 590 1107 616; x_wconf 88' lang='lat' dir='ltr'>ita</span> <span class='ocrx_word' id='word_1_179' title='bbox 1126 591 1245 618; x_wconf 75' lang='lat' dir='ltr'>Ecclesia</span> <span class='ocrx_word' id='word_1_180' title='bbox 1265 591 1385 619; x_wconf 83' lang='lat' dir='ltr'>desectus</span> <span class='ocrx_word' id='word_1_181' title='bbox 1415 592 1492 620; x_wconf 80' lang='lat' dir='ltr'>habet</span> <span class='ocrx_word' id='word_1_182' title='bbox 1517 597 1544 620; x_wconf 89' lang='lat' dir='ltr'>et</span> <span class='ocrx_word' id='word_1_183' title='bbox 1567 599 1651 621; x_wconf 78' lang='lat' dir='ltr'>ortus.</span> <span class='ocrx_word' id='word_1_184' title='bbox 1677 594 1743 622; x_wconf 82' lang='lat' dir='ltr'>Fre-</span> 
     </span>
     <span class='ocr_line' id='line_1_26' title="bbox 947 637 1746 672; baseline 0.008 -10"><span class='ocrx_word' id='word_1_185' title='bbox 947 641 1060 670; x_wconf 87' lang='lat' dir='ltr'>quenter</span> <span class='ocrx_word' id='word_1_186' title='bbox 1088 637 1159 664; x_wconf 88' lang='lat' dir='ltr'>enim</span> <span class='ocrx_word' id='word_1_187' title='bbox 1187 638 1338 665; x_wconf 74' lang='lat' dir='ltr'>defectibus</span> <span class='ocrx_word' id='word_1_188' title='bbox 1367 639 1421 666; x_wconf 83' lang='lat' dir='ltr'>suis</span> <span class='ocrx_word' id='word_1_189' title='bbox 1445 639 1552 672; x_wconf 83' lang='lat' dir='ltr'>crevit,</span> <span class='ocrx_word' id='word_1_190' title='bbox 1577 643 1604 667; x_wconf 86' lang='lat' dir='ltr'>et</span> <span class='ocrx_word' id='word_1_191' title='bbox 1625 640 1666 667; x_wconf 81' lang='lat' dir='ltr'>liis</span> <span class='ocrx_word' id='word_1_192' title='bbox 1688 648 1746 668; x_wconf 85' lang='lat' dir='ltr'>me·</span> 
     </span>
     <span class='ocr_line' id='line_1_27' title="bbox 948 683 1745 718; baseline 0.005 -9"><span class='ocrx_word' id='word_1_193' title='bbox 948 683 1002 710; x_wconf 90' lang='lat' dir='ltr'>ruit</span> <span class='ocrx_word' id='word_1_194' title='bbox 1024 683 1163 718; x_wconf 88' lang='lat' dir='ltr'>ampliari,</span> <span class='ocrx_word' id='word_1_195' title='bbox 1189 684 1251 710; x_wconf 87' lang='lat' dir='ltr'>dum</span> <span class='ocrx_word' id='word_1_196' title='bbox 1277 685 1509 718; x_wconf 78' lang='lat' dir='ltr'>persecutionibus</span> <span class='ocrx_word' id='word_1_197' title='bbox 1541 685 1691 718; x_wconf 84' lang='lat' dir='ltr'>minuitur,</span> <span class='ocrx_word' id='word_1_198' title='bbox 1716 690 1745 714; x_wconf 82' lang='grc' dir='ltr'>οι</span> 
     </span>
     <span class='ocr_line' id='line_1_28' title="bbox 948 727 1745 765; baseline 0.006 -11"><span class='ocrx_word' id='word_1_199' title='bbox 948 727 1132 755; x_wconf 81' lang='lat' dir='ltr'>consessorum</span> <span class='ocrx_word' id='word_1_200' title='bbox 1161 730 1290 765; x_wconf 79' lang='lat' dir='ltr'>martyrio</span> <span class='ocrx_word' id='word_1_201' title='bbox 1313 735 1466 757; x_wconf 78' lang='lat' dir='ltr'>coronatur.</span> <span class='ocrx_word' id='word_1_202' title='bbox 1509 730 1573 758; x_wconf 85' lang='lat' dir='ltr'>item</span> <span class='ocrx_word' id='word_1_203' title='bbox 1596 732 1665 759; x_wconf 89' lang='lat' dir='ltr'>sicut</span> <span class='ocrx_word' id='word_1_204' title='bbox 1682 731 1745 760; x_wconf 82' lang='lat' dir='ltr'>luna</span> 
     </span>
     <span class='ocr_line' id='line_1_29' title="bbox 948 774 1746 809; baseline 0.006 -8"><span class='ocrx_word' id='word_1_205' title='bbox 948 774 1020 809; x_wconf 82' lang='lat' dir='ltr'>larga</span> <span class='ocrx_word' id='word_1_206' title='bbox 1055 780 1097 802; x_wconf 86' lang='lat' dir='ltr'>est</span> <span class='ocrx_word' id='word_1_207' title='bbox 1126 775 1197 802; x_wconf 85' lang='lat' dir='ltr'>roris</span> <span class='ocrx_word' id='word_1_208' title='bbox 1226 780 1253 803; x_wconf 90' lang='lat' dir='ltr'>et</span> <span class='ocrx_word' id='word_1_209' title='bbox 1292 776 1346 803; x_wconf 89' lang='lat' dir='ltr'>dux</span> <span class='ocrx_word' id='word_1_210' title='bbox 1382 777 1547 804; x_wconf 76' lang='lat' dir='ltr'>humentium</span> <span class='ocrx_word' id='word_1_211' title='bbox 1582 779 1746 806; x_wconf 76' lang='lat' dir='ltr'>substantia-</span> 
     </span>
     <span class='ocr_line' id='line_1_30' title="bbox 949 821 1746 857; baseline 0.006 -10"><span class='ocrx_word' id='word_1_212' title='bbox 949 829 1023 853; x_wconf 90' lang='lat' dir='ltr'>rum,</span> <span class='ocrx_word' id='word_1_213' title='bbox 1049 822 1084 848; x_wconf 87' lang='lat' dir='ltr'>ita</span> <span class='ocrx_word' id='word_1_214' title='bbox 1108 821 1227 849; x_wconf 77' lang='lat' dir='ltr'>Ecclesia</span> <span class='ocrx_word' id='word_1_215' title='bbox 1252 822 1376 857; x_wconf 86' lang='lat' dir='ltr'>baptismi</span> <span class='ocrx_word' id='word_1_216' title='bbox 1405 828 1431 850; x_wconf 90' lang='lat' dir='ltr'>et</span> <span class='ocrx_word' id='word_1_217' title='bbox 1459 823 1687 856; x_wconf 73' lang='lat' dir='ltr'>pru-dicationum.</span> <span class='ocrx_word' id='word_1_218' title='bbox 1713 824 1746 852; x_wconf 84' lang='lat' dir='ltr'>Et</span> 
     </span>
     <span class='ocr_line' id='line_1_31' title="bbox 949 867 1747 903; baseline 0.004 -9"><span class='ocrx_word' id='word_1_219' title='bbox 949 867 1201 903; x_wconf 87' lang='lat' dir='ltr'>quemadmodum,</span> <span class='ocrx_word' id='word_1_220' title='bbox 1228 868 1289 895; x_wconf 82' lang='lat' dir='ltr'>luna</span> <span class='ocrx_word' id='word_1_221' title='bbox 1313 873 1474 901; x_wconf 70' lang='lat' dir='ltr'>cresi-ente,</span> <span class='ocrx_word' id='word_1_222' title='bbox 1502 874 1627 896; x_wconf 82' lang='lat' dir='ltr'>crescunt</span> <span class='ocrx_word' id='word_1_223' title='bbox 1651 877 1747 898; x_wconf 80' lang='lat' dir='ltr'>omnes</span> 
     </span>
    </p>
   </div>
   <div class='ocr_carea' id='block_1_6' title="bbox 99 911 1746 949">
    <p class='ocr_par' dir='ltr' id='par_1_8' title="bbox 99 911 1746 949">
     <span class='ocr_line' id='line_1_32' title="bbox 99 911 1746 949; baseline -0.001 -6"><span class='ocrx_word' id='word_1_224' title='bbox 99 916 201 949; x_wconf 79' lang='lat' dir='ltr'>dicuni.</span> <span class='ocrx_word' id='word_1_225' title='bbox 218 923 279 943; x_wconf 90' lang='lat' dir='ltr'>cum</span> <span class='ocrx_word' id='word_1_226' title='bbox 294 916 383 943; x_wconf 87' lang='lat' dir='ltr'>lumen</span> <span class='ocrx_word' id='word_1_227' title='bbox 398 916 468 942; x_wconf 64' lang='lat' dir='ltr'>lunae</span> <span class='ocrx_word' id='word_1_228' title='bbox 483 915 591 942; x_wconf 84' lang='lat' dir='ltr'>videtur</span> <span class='ocrx_word' id='word_1_229' title='bbox 613 922 737 942; x_wconf 81' lang='lat' dir='ltr'>crescere</span> <span class='ocrx_word' id='word_1_230' title='bbox 753 921 839 948; x_wconf 83' lang='lat' dir='ltr'>nsque</span> <span class='ocrx_word' id='word_1_231' title='bbox 861 914 895 941; x_wconf 88' lang='lat' dir='ltr'>ad</span> <span class='ocrx_word' id='word_1_232' title='bbox 911 911 936 941; x_wconf 86' lang='lat' dir='ltr'><strong>B</strong></span> <span class='ocrx_word' id='word_1_233' title='bbox 950 913 1065 946; x_wconf 71' lang='lat' dir='ltr'>fructus,</span> <span class='ocrx_word' id='word_1_234' title='bbox 1091 917 1171 948; x_wconf 89' lang='lat' dir='ltr'>atque</span> <span class='ocrx_word' id='word_1_235' title='bbox 1185 921 1215 940; x_wconf 88' lang='lat' dir='ltr'>ea</span> <span class='ocrx_word' id='word_1_236' title='bbox 1241 915 1390 946; x_wconf 84' lang='lat' dir='ltr'>minuente,</span> <span class='ocrx_word' id='word_1_237' title='bbox 1407 914 1579 947; x_wconf 86' lang='lat' dir='ltr'>minuuntur;</span> <span class='ocrx_word' id='word_1_238' title='bbox 1599 923 1651 942; x_wconf 90' lang='lat' dir='ltr'>non</span> <span class='ocrx_word' id='word_1_239' title='bbox 1666 916 1746 943; x_wconf 83' lang='lat' dir='ltr'>aliter</span> 
     </span>
    </p>
   </div>
   <div class='ocr_carea' id='block_1_7' title="bbox 99 962 901 1597">
    <p class='ocr_par' dir='ltr' id='par_1_9' title="bbox 99 962 896 1089">
     <span class='ocr_line' id='line_1_33' title="bbox 99 962 896 998; baseline -0.003 -8"><span class='ocrx_word' id='word_1_240' title='bbox 99 963 366 998; x_wconf 83' lang='lat' dir='ltr'>quintamdecimam,</span> <span class='ocrx_word' id='word_1_241' title='bbox 393 967 420 989; x_wconf 90' lang='lat' dir='ltr'>et</span> <span class='ocrx_word' id='word_1_242' title='bbox 445 970 539 989; x_wconf 84' lang='lat' dir='ltr'>rursus</span> <span class='ocrx_word' id='word_1_243' title='bbox 565 969 650 997; x_wconf 84' lang='lat' dir='ltr'>usque</span> <span class='ocrx_word' id='word_1_244' title='bbox 670 962 702 988; x_wconf 88' lang='lat' dir='ltr'>ad</span> <span class='ocrx_word' id='word_1_245' title='bbox 734 962 896 988; x_wconf 75' lang='lat' dir='ltr'>tricesimam</span> 
     </span>
     <span class='ocr_line' id='line_1_34' title="bbox 100 1008 896 1043; baseline -0.001 -7"><span class='ocrx_word' id='word_1_246' title='bbox 100 1010 195 1042; x_wconf 86' lang='lat' dir='ltr'>minui,</span> <span class='ocrx_word' id='word_1_247' title='bbox 208 1015 236 1036; x_wconf 88' lang='lat' dir='ltr'>et</span> <span class='ocrx_word' id='word_1_248' title='bbox 251 1010 340 1036; x_wconf 90' lang='lat' dir='ltr'>redire</span> <span class='ocrx_word' id='word_1_249' title='bbox 351 1009 383 1036; x_wconf 90' lang='lat' dir='ltr'>ad</span> <span class='ocrx_word' id='word_1_250' title='bbox 397 1016 509 1043; x_wconf 86' lang='lat' dir='ltr'>cornua,</span> <span class='ocrx_word' id='word_1_251' title='bbox 524 1009 610 1036; x_wconf 88' lang='lat' dir='ltr'>donec</span> <span class='ocrx_word' id='word_1_252' title='bbox 628 1009 733 1043; x_wconf 83' lang='lat' dir='ltr'>penitus</span> <span class='ocrx_word' id='word_1_253' title='bbox 747 1008 813 1036; x_wconf 86' lang='lat' dir='ltr'>niliil</span> <span class='ocrx_word' id='word_1_254' title='bbox 827 1009 852 1035; x_wconf 94' lang='lat' dir='ltr'>in</span> <span class='ocrx_word' id='word_1_255' title='bbox 865 1015 896 1036; x_wconf 89' lang='lat' dir='ltr'>ea</span> 
     </span>
     <span class='ocr_line' id='line_1_35' title="bbox 100 1054 323 1089; baseline 0.004 -8"><span class='ocrx_word' id='word_1_256' title='bbox 100 1054 168 1082; x_wconf 81' lang='lat' dir='ltr'>lucis</span> <span class='ocrx_word' id='word_1_257' title='bbox 184 1059 323 1089; x_wconf 86' lang='lat' dir='ltr'>appareat.</span> 
     </span>
    </p>

    <p class='ocr_par' dir='ltr' id='par_1_10' title="bbox 100 1102 901 1597">
     <span class='ocr_line' id='line_1_36' title="bbox 136 1102 899 1137; baseline 0 -7"><span class='ocrx_word' id='word_1_258' title='bbox 136 1104 162 1131; x_wconf 85' lang='lat'>5.</span> <span class='ocrx_word' id='word_1_259' title='bbox 187 1103 220 1129; x_wconf 83' lang='lat' dir='ltr'>At</span> <span class='ocrx_word' id='word_1_260' title='bbox 243 1108 335 1129; x_wconf 86' lang='lat' dir='ltr'>contra</span> <span class='ocrx_word' id='word_1_261' title='bbox 360 1102 405 1129; x_wconf 87' lang='lat' dir='ltr'>alii</span> <span class='ocrx_word' id='word_1_262' title='bbox 429 1102 522 1129; x_wconf 82' lang='lat' dir='ltr'>dicunt</span> <span class='ocrx_word' id='word_1_263' title='bbox 542 1102 632 1129; x_wconf 86' lang='lat' dir='ltr'>lunam</span> <span class='ocrx_word' id='word_1_264' title='bbox 657 1109 710 1129; x_wconf 92' lang='lat' dir='ltr'>non</span> <span class='ocrx_word' id='word_1_265' title='bbox 731 1109 779 1128; x_wconf 87' lang='lat' dir='ltr'>suo</span> <span class='ocrx_word' id='word_1_266' title='bbox 795 1102 899 1137; x_wconf 78' lang='lat' dir='ltr'>fulgere</span> 
     </span>
     <span class='ocr_line' id='line_1_37' title="bbox 100 1148 898 1183; baseline -0.001 -7"><span class='ocrx_word' id='word_1_267' title='bbox 100 1149 216 1182; x_wconf 88' lang='lat' dir='ltr'>lumine,</span> <span class='ocrx_word' id='word_1_268' title='bbox 241 1149 288 1176; x_wconf 88' lang='lat' dir='ltr'>sed</span> <span class='ocrx_word' id='word_1_269' title='bbox 307 1157 322 1176; x_wconf 89' lang='lat' dir='ltr'>a</span> <span class='ocrx_word' id='word_1_270' title='bbox 345 1149 401 1176; x_wconf 87' lang='lat' dir='ltr'>sole</span> <span class='ocrx_word' id='word_1_271' title='bbox 430 1149 554 1183; x_wconf 85' lang='lat' dir='ltr'>accipere</span> <span class='ocrx_word' id='word_1_272' title='bbox 577 1149 678 1176; x_wconf 89' lang='lat' dir='ltr'>lumen.</span> <span class='ocrx_word' id='word_1_273' title='bbox 702 1148 747 1175; x_wconf 83' lang='lat' dir='ltr'>Sol</span> <span class='ocrx_word' id='word_1_274' title='bbox 767 1149 839 1176; x_wconf 90' lang='lat' dir='ltr'>enim</span> <span class='ocrx_word' id='word_1_275' title='bbox 861 1149 898 1175; x_wconf 93' lang='lat' dir='ltr'>illi</span> 
     </span>
     <span class='ocr_line' id='line_1_38' title="bbox 101 1194 899 1230; baseline -0.001 -8"><span class='ocrx_word' id='word_1_276' title='bbox 101 1195 160 1222; x_wconf 91' lang='lat' dir='ltr'>loco</span> <span class='ocrx_word' id='word_1_277' title='bbox 181 1195 303 1230; x_wconf 84' lang='lat' dir='ltr'>superior</span> <span class='ocrx_word' id='word_1_278' title='bbox 330 1201 381 1223; x_wconf 90' lang='lat' dir='ltr'>est.</span> <span class='ocrx_word' id='word_1_279' title='bbox 407 1195 475 1222; x_wconf 85' lang='lat' dir='ltr'>liittc</span> <span class='ocrx_word' id='word_1_280' title='bbox 499 1194 589 1222; x_wconf 86' lang='lat' dir='ltr'>evenit</span> <span class='ocrx_word' id='word_1_281' title='bbox 613 1199 642 1221; x_wconf 91' lang='lat' dir='ltr'>ut</span> <span class='ocrx_word' id='word_1_282' title='bbox 661 1194 768 1229; x_wconf 84' lang='lat' dir='ltr'>quando</span> <span class='ocrx_word' id='word_1_283' title='bbox 784 1195 833 1221; x_wconf 89' lang='lat' dir='ltr'>sub</span> <span class='ocrx_word' id='word_1_284' title='bbox 852 1195 899 1222; x_wconf 90' lang='lat' dir='ltr'>illo</span> 
     </span>
     <span class='ocr_line' id='line_1_39' title="bbox 101 1242 897 1276; baseline -0.001 -8"><span class='ocrx_word' id='word_1_285' title='bbox 101 1246 153 1275; x_wconf 87' lang='lat' dir='ltr'>est,</span> <span class='ocrx_word' id='word_1_286' title='bbox 171 1246 248 1276; x_wconf 91' lang='lat' dir='ltr'>parte</span> <span class='ocrx_word' id='word_1_287' title='bbox 271 1242 413 1276; x_wconf 82' lang='lat' dir='ltr'>superiore</span> <span class='ocrx_word' id='word_1_288' title='bbox 436 1242 534 1274; x_wconf 83' lang='lat' dir='ltr'>luceat,</span> <span class='ocrx_word' id='word_1_289' title='bbox 561 1242 689 1268; x_wconf 78' lang='lat' dir='ltr'>interiore</span> <span class='ocrx_word' id='word_1_290' title='bbox 713 1249 796 1273; x_wconf 80' lang='lat' dir='ltr'>vero,</span> <span class='ocrx_word' id='word_1_291' title='bbox 817 1248 897 1276; x_wconf 89' lang='lat' dir='ltr'>quam</span> 
     </span>
     <span class='ocr_line' id='line_1_40' title="bbox 102 1287 899 1320; baseline -0.003 -6"><span class='ocrx_word' id='word_1_292' title='bbox 102 1287 228 1314; x_wconf 81' lang='lat' dir='ltr'>habetati</span> <span class='ocrx_word' id='word_1_293' title='bbox 254 1292 350 1320; x_wconf 86' lang='lat' dir='ltr'>terras,</span> <span class='ocrx_word' id='word_1_294' title='bbox 372 1289 485 1314; x_wconf 88' lang='lat' dir='ltr'>obscura</span> <span class='ocrx_word' id='word_1_295' title='bbox 503 1289 547 1314; x_wconf 90' lang='lat' dir='ltr'>sit.</span> <span class='ocrx_word' id='word_1_296' title='bbox 565 1288 630 1314; x_wconf 90' lang='lat' dir='ltr'>Cum</span> <span class='ocrx_word' id='word_1_297' title='bbox 647 1294 711 1314; x_wconf 86' lang='lat' dir='ltr'>vero</span> <span class='ocrx_word' id='word_1_298' title='bbox 733 1287 766 1313; x_wconf 91' lang='lat' dir='ltr'>ab</span> <span class='ocrx_word' id='word_1_299' title='bbox 780 1287 827 1313; x_wconf 93' lang='lat' dir='ltr'>illo</span> <span class='ocrx_word' id='word_1_300' title='bbox 844 1287 899 1313; x_wconf 88' lang='lat' dir='ltr'>‹lis-</span> 
     </span>
     <span class='ocr_line' id='line_1_41' title="bbox 102 1332 900 1367; baseline 0.001 -9"><span class='ocrx_word' id='word_1_301' title='bbox 102 1333 199 1360; x_wconf 83' lang='lat' dir='ltr'>cedere</span> <span class='ocrx_word' id='word_1_302' title='bbox 223 1334 344 1367; x_wconf 85' lang='lat' dir='ltr'>coeperit,</span> <span class='ocrx_word' id='word_1_303' title='bbox 367 1333 516 1360; x_wconf 85' lang='lat' dir='ltr'>illustretur</span> <span class='ocrx_word' id='word_1_304' title='bbox 531 1341 563 1360; x_wconf 80' lang='lat' dir='ltr'>ex</span> <span class='ocrx_word' id='word_1_305' title='bbox 576 1340 606 1359; x_wconf 83' lang='lat' dir='ltr'>ea</span> <span class='ocrx_word' id='word_1_306' title='bbox 622 1338 710 1367; x_wconf 87' lang='lat' dir='ltr'>parte,</span> <span class='ocrx_word' id='word_1_307' title='bbox 726 1340 805 1367; x_wconf 84' lang='lat' dir='ltr'>quam</span> <span class='ocrx_word' id='word_1_308' title='bbox 819 1332 900 1359; x_wconf 85' lang='lat' dir='ltr'>habet</span> 
     </span>
     <span class='ocr_line' id='line_1_42' title="bbox 102 1379 897 1414; baseline 0 -9"><span class='ocrx_word' id='word_1_309' title='bbox 102 1380 134 1406; x_wconf 84' lang='lat' dir='ltr'>ad</span> <span class='ocrx_word' id='word_1_310' title='bbox 151 1383 262 1413; x_wconf 85' lang='lat' dir='ltr'>terram,</span> <span class='ocrx_word' id='word_1_311' title='bbox 279 1380 410 1413; x_wconf 87' lang='lat' dir='ltr'>incipieus</span> <span class='ocrx_word' id='word_1_312' title='bbox 424 1387 439 1406; x_wconf 84' lang='lat' dir='ltr'>a</span> <span class='ocrx_word' id='word_1_313' title='bbox 465 1379 603 1407; x_wconf 85' lang='lat' dir='ltr'>cornibus.</span> <span class='ocrx_word' id='word_1_314' title='bbox 633 1379 731 1414; x_wconf 84' lang='lat' dir='ltr'>Sicqne</span> <span class='ocrx_word' id='word_1_315' title='bbox 756 1379 897 1413; x_wconf 88' lang='lat' dir='ltr'>paulatim,</span> 
     </span>
     <span class='ocr_line' id='line_1_43' title="bbox 102 1424 901 1461; baseline -0.001 -10"><span class='ocrx_word' id='word_1_316' title='bbox 102 1426 158 1452; x_wconf 88' lang='lat' dir='ltr'>sole</span> <span class='ocrx_word' id='word_1_317' title='bbox 184 1425 288 1461; x_wconf 81' lang='lat' dir='ltr'>longius</span> <span class='ocrx_word' id='word_1_318' title='bbox 311 1426 478 1457; x_wconf 76' lang='lat' dir='ltr'>discedente,</span> <span class='ocrx_word' id='word_1_319' title='bbox 497 1433 559 1459; x_wconf 86' lang='lat' dir='ltr'>pars</span> <span class='ocrx_word' id='word_1_320' title='bbox 575 1425 663 1451; x_wconf 82' lang='lat' dir='ltr'>omnis</span> <span class='ocrx_word' id='word_1_321' title='bbox 689 1425 825 1451; x_wconf 85' lang='lat' dir='ltr'>subterior</span> <span class='ocrx_word' id='word_1_322' title='bbox 840 1424 901 1450; x_wconf 88' lang='lat' dir='ltr'>illu-</span> 
     </span>
     <span class='ocr_line' id='line_1_44' title="bbox 103 1469 901 1505; baseline -0.001 -8"><span class='ocrx_word' id='word_1_323' title='bbox 103 1472 231 1503; x_wconf 88' lang='lat' dir='ltr'>minatur,</span> <span class='ocrx_word' id='word_1_324' title='bbox 248 1471 334 1498; x_wconf 87' lang='lat' dir='ltr'>donec</span> <span class='ocrx_word' id='word_1_325' title='bbox 359 1471 492 1497; x_wconf 80' lang='lat' dir='ltr'>efficiatur</span> <span class='ocrx_word' id='word_1_326' title='bbox 516 1470 715 1505; x_wconf 85' lang='lat' dir='ltr'>quintadecima</span> <span class='ocrx_word' id='word_1_327' title='bbox 740 1470 815 1496; x_wconf 88' lang='lat' dir='ltr'>luna.</span> <span class='ocrx_word' id='word_1_328' title='bbox 837 1469 901 1496; x_wconf 84' lang='lat' dir='ltr'>Post</span> 
     </span>
     <span class='ocr_line' id='line_1_45' title="bbox 103 1515 901 1550; baseline 0 -8"><span class='ocrx_word' id='word_1_329' title='bbox 103 1516 244 1543; x_wconf 88' lang='lat' dir='ltr'>dimidium</span> <span class='ocrx_word' id='word_1_330' title='bbox 257 1521 346 1544; x_wconf 82' lang='lat' dir='ltr'>autem</span> <span class='ocrx_word' id='word_1_331' title='bbox 359 1524 492 1548; x_wconf 90' lang='lat' dir='ltr'>mensem,</span> <span class='ocrx_word' id='word_1_332' title='bbox 507 1524 567 1544; x_wconf 93' lang='lat' dir='ltr'>cum</span> <span class='ocrx_word' id='word_1_333' title='bbox 580 1516 695 1550; x_wconf 80' lang='lat' dir='ltr'>coeperit</span> <span class='ocrx_word' id='word_1_334' title='bbox 706 1523 739 1543; x_wconf 86' lang='lat' dir='ltr'>ex</span> <span class='ocrx_word' id='word_1_335' title='bbox 754 1516 808 1542; x_wconf 86' lang='lat' dir='ltr'>alio</span> <span class='ocrx_word' id='word_1_336' title='bbox 818 1515 901 1543; x_wconf 81' lang='lat' dir='ltr'>semi-</span> 
     </span>
     <span class='ocr_line' id='line_1_46' title="bbox 102 1562 900 1597; baseline 0 -8"><span class='ocrx_word' id='word_1_337' title='bbox 102 1563 205 1589; x_wconf 86' lang='lat' dir='ltr'>circulo</span> <span class='ocrx_word' id='word_1_338' title='bbox 229 1563 409 1597; x_wconf 88' lang='lat' dir='ltr'>propinquare</span> <span class='ocrx_word' id='word_1_339' title='bbox 433 1563 502 1595; x_wconf 88' lang='lat' dir='ltr'>soli,</span> <span class='ocrx_word' id='word_1_340' title='bbox 528 1567 628 1597; x_wconf 90' lang='lat' dir='ltr'>quanto</span> <span class='ocrx_word' id='word_1_341' title='bbox 652 1563 737 1596; x_wconf 81' lang='lat' dir='ltr'>magis</span> <span class='ocrx_word' id='word_1_342' title='bbox 760 1562 900 1597; x_wconf 87' lang='lat' dir='ltr'>superiore</span> 
     </span>
    </p>
   </div>
   <div class='ocr_carea' id='block_1_8' title="bbox 104 1597 945 1643">
    <p class='ocr_par' dir='ltr' id='par_1_11' title="bbox 104 1597 945 1643">
     <span class='ocr_line' id='line_1_47' title="bbox 104 1597 945 1643; baseline 0 -8"><span class='ocrx_word' id='word_1_343' title='bbox 104 1613 179 1639; x_wconf 83' lang='lat' dir='ltr'>parte</span> <span class='ocrx_word' id='word_1_344' title='bbox 193 1609 349 1642; x_wconf 86' lang='lat' dir='ltr'>illustratur,</span> <span class='ocrx_word' id='word_1_345' title='bbox 367 1613 440 1635; x_wconf 91' lang='lat' dir='ltr'>tanto</span> <span class='ocrx_word' id='word_1_346' title='bbox 457 1608 542 1643; x_wconf 82' lang='lat' dir='ltr'>magis</span> <span class='ocrx_word' id='word_1_347' title='bbox 558 1609 609 1643; x_wconf 85' lang='lat'>31</span> <span class='ocrx_word' id='word_1_348' title='bbox 625 1608 658 1635; x_wconf 87' lang='lat' dir='ltr'>ab</span> <span class='ocrx_word' id='word_1_349' title='bbox 673 1616 704 1635; x_wconf 85' lang='lat' dir='ltr'>ea</span> <span class='ocrx_word' id='word_1_350' title='bbox 719 1615 794 1642; x_wconf 86' lang='lat' dir='ltr'>parte</span> <span class='ocrx_word' id='word_1_351' title='bbox 817 1615 897 1643; x_wconf 87' lang='lat' dir='ltr'>quam</span> <span class='ocrx_word' id='word_1_352' title='bbox 912 1597 945 1631; x_wconf 83' lang='lat' dir='ltr'>C¹</span> 
     </span>
    </p>
   </div>
   <div class='ocr_carea' id='block_1_9' title="bbox 104 1654 905 2286">
    <p class='ocr_par' dir='ltr' id='par_1_12' title="bbox 104 1654 900 1735">
     <span class='ocr_line' id='line_1_48' title="bbox 104 1654 900 1689; baseline 0.001 -8"><span class='ocrx_word' id='word_1_353' title='bbox 104 1654 184 1681; x_wconf 87' lang='lat' dir='ltr'>terris</span> <span class='ocrx_word' id='word_1_354' title='bbox 203 1654 310 1687; x_wconf 85' lang='lat' dir='ltr'>avertit,</span> <span class='ocrx_word' id='word_1_355' title='bbox 331 1663 383 1681; x_wconf 84' lang='lat' dir='ltr'>non</span> <span class='ocrx_word' id='word_1_356' title='bbox 412 1659 499 1689; x_wconf 90' lang='lat' dir='ltr'>potest</span> <span class='ocrx_word' id='word_1_357' title='bbox 522 1655 647 1689; x_wconf 77' lang='lat' dir='ltr'>excipere</span> <span class='ocrx_word' id='word_1_358' title='bbox 671 1654 761 1682; x_wconf 88' lang='lat' dir='ltr'>radios</span> <span class='ocrx_word' id='word_1_359' title='bbox 780 1655 858 1689; x_wconf 86' lang='lat' dir='ltr'>solis,</span> <span class='ocrx_word' id='word_1_360' title='bbox 871 1659 900 1683; x_wconf 85' lang='lat' dir='ltr'>et</span> 
     </span>
     <span class='ocr_line' id='line_1_49' title="bbox 104 1700 557 1735; baseline 0.002 -9"><span class='ocrx_word' id='word_1_361' title='bbox 104 1706 244 1735; x_wconf 86' lang='lat' dir='ltr'>propterea</span> <span class='ocrx_word' id='word_1_362' title='bbox 267 1700 373 1727; x_wconf 84' lang='lat' dir='ltr'>videtur</span> <span class='ocrx_word' id='word_1_363' title='bbox 392 1700 557 1727; x_wconf 81' lang='lat' dir='ltr'>decrescere.</span> 
     </span>
    </p>

    <p class='ocr_par' dir='ltr' id='par_1_13' title="bbox 105 1746 904 2196">
     <span class='ocr_line' id='line_1_50' title="bbox 141 1746 901 1778; baseline 0 -6"><span class='ocrx_word' id='word_1_364' title='bbox 141 1747 245 1774; x_wconf 74' lang='lat' dir='ltr'>4.lllud</span> <span class='ocrx_word' id='word_1_365' title='bbox 267 1751 341 1774; x_wconf 88' lang='lat' dir='ltr'>certe</span> <span class='ocrx_word' id='word_1_366' title='bbox 365 1746 535 1774; x_wconf 79' lang='lat' dir='ltr'>manifestum</span> <span class='ocrx_word' id='word_1_367' title='bbox 554 1750 606 1778; x_wconf 89' lang='lat' dir='ltr'>est,</span> <span class='ocrx_word' id='word_1_368' title='bbox 632 1751 658 1773; x_wconf 91' lang='lat' dir='ltr'>et</span> <span class='ocrx_word' id='word_1_369' title='bbox 685 1746 794 1772; x_wconf 87' lang='lat' dir='ltr'>cuilibet</span> <span class='ocrx_word' id='word_1_370' title='bbox 809 1746 901 1773; x_wconf 90' lang='lat' dir='ltr'>adver-</span> 
     </span>
     <span class='ocr_line' id='line_1_51' title="bbox 105 1792 901 1828; baseline -0.001 -8"><span class='ocrx_word' id='word_1_371' title='bbox 105 1793 171 1820; x_wconf 79' lang='lat' dir='ltr'>tenti</span> <span class='ocrx_word' id='word_1_372' title='bbox 192 1793 269 1820; x_wconf 80' lang='lat' dir='ltr'>lacile</span> <span class='ocrx_word' id='word_1_373' title='bbox 291 1794 438 1827; x_wconf 79' lang='lat' dir='ltr'>cognitum,</span> <span class='ocrx_word' id='word_1_374' title='bbox 461 1793 532 1828; x_wconf 91' lang='lat' dir='ltr'>quod</span> <span class='ocrx_word' id='word_1_375' title='bbox 558 1793 619 1819; x_wconf 89' lang='lat' dir='ltr'>luna</span> <span class='ocrx_word' id='word_1_376' title='bbox 636 1800 689 1819; x_wconf 92' lang='lat' dir='ltr'>non</span> <span class='ocrx_word' id='word_1_377' title='bbox 713 1797 843 1827; x_wconf 79' lang='lat' dir='ltr'>augeatur</span> <span class='ocrx_word' id='word_1_378' title='bbox 867 1792 901 1819; x_wconf 87' lang='lat' dir='ltr'>ad</span> 
     </span>
     <span class='ocr_line' id='line_1_52' title="bbox 107 1838 901 1873; baseline 0 -8"><span class='ocrx_word' id='word_1_379' title='bbox 107 1839 198 1866; x_wconf 90' lang='lat' dir='ltr'>oculos</span> <span class='ocrx_word' id='word_1_380' title='bbox 223 1843 339 1873; x_wconf 89' lang='lat' dir='ltr'>nostros,</span> <span class='ocrx_word' id='word_1_381' title='bbox 354 1839 403 1866; x_wconf 88' lang='lat' dir='ltr'>nisi</span> <span class='ocrx_word' id='word_1_382' title='bbox 415 1846 429 1865; x_wconf 89' lang='lat' dir='ltr'>a</span> <span class='ocrx_word' id='word_1_383' title='bbox 444 1839 502 1866; x_wconf 83' lang='lat' dir='ltr'>sole</span> <span class='ocrx_word' id='word_1_384' title='bbox 516 1838 680 1871; x_wconf 88' lang='lat' dir='ltr'>recedendo,</span> <span class='ocrx_word' id='word_1_385' title='bbox 695 1846 782 1873; x_wconf 90' lang='lat' dir='ltr'>neque</span> <span class='ocrx_word' id='word_1_386' title='bbox 798 1839 901 1865; x_wconf 86' lang='lat' dir='ltr'>minua-</span> 
     </span>
     <span class='ocr_line' id='line_1_53' title="bbox 107 1885 901 1920; baseline 0 -8"><span class='ocrx_word' id='word_1_387' title='bbox 107 1890 162 1919; x_wconf 87' lang='lat' dir='ltr'>tur,</span> <span class='ocrx_word' id='word_1_388' title='bbox 176 1885 227 1912; x_wconf 80' lang='lat' dir='ltr'>nisi</span> <span class='ocrx_word' id='word_1_389' title='bbox 246 1885 279 1912; x_wconf 92' lang='lat' dir='ltr'>ad</span> <span class='ocrx_word' id='word_1_390' title='bbox 304 1886 388 1913; x_wconf 88' lang='lat' dir='ltr'>solem</span> <span class='ocrx_word' id='word_1_391' title='bbox 408 1893 443 1912; x_wconf 84' lang='lat' dir='ltr'>ex</span> <span class='ocrx_word' id='word_1_392' title='bbox 465 1890 539 1920; x_wconf 84' lang='lat' dir='ltr'>parte</span> <span class='ocrx_word' id='word_1_393' title='bbox 555 1886 605 1913; x_wconf 90' lang='lat' dir='ltr'>alia</span> <span class='ocrx_word' id='word_1_394' title='bbox 623 1885 836 1920; x_wconf 86' lang='lat' dir='ltr'>propinquando.</span> <span class='ocrx_word' id='word_1_395' title='bbox 860 1885 901 1912; x_wconf 83' lang='lat' dir='ltr'>Ab</span> 
     </span>
     <span class='ocr_line' id='line_1_54' title="bbox 109 1932 903 1967; baseline 0.001 -9"><span class='ocrx_word' id='word_1_396' title='bbox 109 1932 155 1959; x_wconf 88' lang='lat' dir='ltr'>illo</span> <span class='ocrx_word' id='word_1_397' title='bbox 168 1939 232 1966; x_wconf 83' lang='lat' dir='ltr'>ergo</span> <span class='ocrx_word' id='word_1_398' title='bbox 254 1932 351 1966; x_wconf 86' lang='lat' dir='ltr'>accipit</span> <span class='ocrx_word' id='word_1_399' title='bbox 375 1933 475 1967; x_wconf 87' lang='lat' dir='ltr'>lumen,</span> <span class='ocrx_word' id='word_1_400' title='bbox 498 1937 526 1959; x_wconf 87' lang='lat' dir='ltr'>et</span> <span class='ocrx_word' id='word_1_401' title='bbox 545 1941 605 1960; x_wconf 93' lang='lat' dir='ltr'>cum</span> <span class='ocrx_word' id='word_1_402' title='bbox 625 1933 675 1960; x_wconf 88' lang='lat' dir='ltr'>sub</span> <span class='ocrx_word' id='word_1_403' title='bbox 698 1933 744 1960; x_wconf 92' lang='lat' dir='ltr'>illo</span> <span class='ocrx_word' id='word_1_404' title='bbox 758 1937 810 1967; x_wconf 88' lang='lat' dir='ltr'>est,</span> <span class='ocrx_word' id='word_1_405' title='bbox 835 1940 903 1959; x_wconf 87' lang='lat' dir='ltr'>setu—</span> 
     </span>
     <span class='ocr_line' id='line_1_55' title="bbox 107 1979 902 2013; baseline 0.001 -7"><span class='ocrx_word' id='word_1_406' title='bbox 107 1979 261 2013; x_wconf 74' lang='lat' dir='ltr'>perexigua</span> <span class='ocrx_word' id='word_1_407' title='bbox 282 1984 339 2011; x_wconf 88' lang='lat' dir='ltr'>est;</span> <span class='ocrx_word' id='word_1_408' title='bbox 364 1986 424 2006; x_wconf 87' lang='lat' dir='ltr'>curn</span> <span class='ocrx_word' id='word_1_409' title='bbox 446 1986 512 2006; x_wconf 83' lang='lat' dir='ltr'>vcro</span> <span class='ocrx_word' id='word_1_410' title='bbox 535 1980 568 2006; x_wconf 87' lang='lat' dir='ltr'>ab</span> <span class='ocrx_word' id='word_1_411' title='bbox 589 1979 635 2006; x_wconf 93' lang='lat' dir='ltr'>illo</span> <span class='ocrx_word' id='word_1_412' title='bbox 657 1979 762 2013; x_wconf 76' lang='lat' dir='ltr'>longius</span> <span class='ocrx_word' id='word_1_413' title='bbox 776 1979 902 2007; x_wconf 78' lang='lat' dir='ltr'>abcesse-</span> 
     </span>
     <span class='ocr_line' id='line_1_56' title="bbox 108 2024 903 2059; baseline 0.003 -9"><span class='ocrx_word' id='word_1_414' title='bbox 108 2024 153 2057; x_wconf 86' lang='lat' dir='ltr'>rit,</span> <span class='ocrx_word' id='word_1_415' title='bbox 179 2025 207 2050; x_wconf 86' lang='lat' dir='ltr'>tit</span> <span class='ocrx_word' id='word_1_416' title='bbox 230 2024 327 2058; x_wconf 87' lang='lat' dir='ltr'>ampla,</span> <span class='ocrx_word' id='word_1_417' title='bbox 350 2031 453 2058; x_wconf 83' lang='lat' dir='ltr'>suoque</span> <span class='ocrx_word' id='word_1_418' title='bbox 482 2024 581 2051; x_wconf 87' lang='lat' dir='ltr'>ambitu</span> <span class='ocrx_word' id='word_1_419' title='bbox 606 2025 692 2059; x_wconf 85' lang='lat' dir='ltr'>plena.</span> <span class='ocrx_word' id='word_1_420' title='bbox 720 2025 748 2052; x_wconf 91' lang='lat' dir='ltr'>Si</span> <span class='ocrx_word' id='word_1_421' title='bbox 765 2025 836 2052; x_wconf 89' lang='lat' dir='ltr'>enim</span> <span class='ocrx_word' id='word_1_422' title='bbox 853 2033 903 2052; x_wconf 82' lang='lat' dir='ltr'>suo</span> 
     </span>
     <span class='ocr_line' id='line_1_57' title="bbox 110 2069 903 2105; baseline 0.004 -9"><span class='ocrx_word' id='word_1_423' title='bbox 110 2069 212 2097; x_wconf 86' lang='lat' dir='ltr'>lumine</span> <span class='ocrx_word' id='word_1_424' title='bbox 243 2075 379 2102; x_wconf 82' lang='lat' dir='ltr'>uteretur,</span> <span class='ocrx_word' id='word_1_425' title='bbox 407 2078 517 2098; x_wconf 85' lang='lat' dir='ltr'>necesse</span> <span class='ocrx_word' id='word_1_426' title='bbox 546 2076 603 2098; x_wconf 84' lang='lat' dir='ltr'>erat</span> <span class='ocrx_word' id='word_1_427' title='bbox 628 2079 734 2105; x_wconf 89' lang='lat' dir='ltr'>semper</span> <span class='ocrx_word' id='word_1_428' title='bbox 758 2079 816 2098; x_wconf 89' lang='lat' dir='ltr'>eam</span> <span class='ocrx_word' id='word_1_429' title='bbox 843 2079 903 2100; x_wconf 86' lang='lat' dir='ltr'>esse</span> 
     </span>
     <span class='ocr_line' id='line_1_58' title="bbox 111 2116 904 2150; baseline 0.006 -9"><span class='ocrx_word' id='word_1_430' title='bbox 111 2116 251 2149; x_wconf 73' lang='lat' dir='ltr'>mqualein,</span> <span class='ocrx_word' id='word_1_431' title='bbox 267 2123 317 2143; x_wconf 87' lang='lat' dir='ltr'>nec</span> <span class='ocrx_word' id='word_1_432' title='bbox 329 2116 371 2143; x_wconf 77' lang='lat' dir='ltr'>die</span> <span class='ocrx_word' id='word_1_433' title='bbox 383 2124 435 2143; x_wconf 85' lang='lat' dir='ltr'>xxx</span> <span class='ocrx_word' id='word_1_434' title='bbox 451 2118 548 2144; x_wconf 88' lang='lat' dir='ltr'>exilem</span> <span class='ocrx_word' id='word_1_435' title='bbox 568 2117 642 2150; x_wconf 67' lang='lat' dir='ltr'>sieri,</span> <span class='ocrx_word' id='word_1_436' title='bbox 659 2123 685 2145; x_wconf 90' lang='lat' dir='ltr'>et</span> <span class='ocrx_word' id='word_1_437' title='bbox 700 2119 722 2145; x_wconf 89' lang='lat' dir='ltr'>si</span> <span class='ocrx_word' id='word_1_438' title='bbox 738 2126 788 2146; x_wconf 90' lang='lat' dir='ltr'>suo</span> <span class='ocrx_word' id='word_1_439' title='bbox 804 2119 904 2147; x_wconf 87' lang='lat' dir='ltr'>lumine</span> 
     </span>
     <span class='ocr_line' id='line_1_59' title="bbox 110 2160 719 2196; baseline 0.007 -10"><span class='ocrx_word' id='word_1_440' title='bbox 110 2164 242 2192; x_wconf 84' lang='lat' dir='ltr'>uteretur,</span> <span class='ocrx_word' id='word_1_441' title='bbox 260 2160 339 2195; x_wconf 86' lang='lat' dir='ltr'>hujus</span> <span class='ocrx_word' id='word_1_442' title='bbox 354 2170 488 2196; x_wconf 85' lang='lat' dir='ltr'>nunquam</span> <span class='ocrx_word' id='word_1_443' title='bbox 504 2163 611 2196; x_wconf 86' lang='lat' dir='ltr'>eclipsis</span> <span class='ocrx_word' id='word_1_444' title='bbox 633 2164 719 2191; x_wconf 87' lang='lat' dir='ltr'>tieret.</span> 
     </span>
    </p>

    <p class='ocr_par' dir='ltr' id='par_1_14' title="bbox 112 2204 905 2286">
     <span class='ocr_line' id='line_1_60' title="bbox 147 2204 905 2244; baseline 0.007 -13"><span class='ocrx_word' id='word_1_445' title='bbox 147 2204 174 2232; x_wconf 74' lang='lat' dir='ltr'>s.</span> <span class='ocrx_word' id='word_1_446' title='bbox 190 2205 334 2238; x_wconf 79' lang='lat' dir='ltr'>Caeterum,</span> <span class='ocrx_word' id='word_1_447' title='bbox 347 2211 475 2241; x_wconf 84' lang='lat' dir='ltr'>quantum</span> <span class='ocrx_word' id='word_1_448' title='bbox 492 2207 524 2233; x_wconf 89' lang='lat' dir='ltr'>ad</span> <span class='ocrx_word' id='word_1_449' title='bbox 541 2208 703 2234; x_wconf 87' lang='lat' dir='ltr'>intellectum</span> <span class='ocrx_word' id='word_1_450' title='bbox 720 2209 835 2242; x_wconf 82' lang='lat' dir='ltr'>pertinet</span> <span class='ocrx_word' id='word_1_451' title='bbox 847 2216 905 2244; x_wconf 86' lang='lat' dir='ltr'>my-</span> 
     </span>
     <span class='ocr_line' id='line_1_61' title="bbox 112 2250 905 2286; baseline 0.004 -9"><span class='ocrx_word' id='word_1_452' title='bbox 112 2250 220 2283; x_wconf 87' lang='lat' dir='ltr'>sticum,</span> <span class='ocrx_word' id='word_1_453' title='bbox 234 2250 295 2277; x_wconf 75' lang='lat' dir='ltr'>luna</span> <span class='ocrx_word' id='word_1_454' title='bbox 312 2250 391 2284; x_wconf 83' lang='lat' dir='ltr'>hujus</span> <span class='ocrx_word' id='word_1_455' title='bbox 410 2251 499 2278; x_wconf 87' lang='lat' dir='ltr'>muudi</span> <span class='ocrx_word' id='word_1_456' title='bbox 516 2253 631 2285; x_wconf 84' lang='lat' dir='ltr'>speciem</span> <span class='ocrx_word' id='word_1_457' title='bbox 649 2257 732 2284; x_wconf 89' lang='lat' dir='ltr'>tenet,</span> <span class='ocrx_word' id='word_1_458' title='bbox 753 2253 812 2286; x_wconf 85' lang='lat' dir='ltr'>quia</span> <span class='ocrx_word' id='word_1_459' title='bbox 834 2254 905 2281; x_wconf 86' lang='lat' dir='ltr'>sicut</span> 
     </span>
    </p>
   </div>
   <div class='ocr_carea' id='block_1_10' title="bbox 950 960 1748 1548">
    <p class='ocr_par' dir='ltr' id='par_1_15' title="bbox 950 960 1746 1086">
     <span class='ocr_line' id='line_1_62' title="bbox 950 960 1745 997; baseline 0.004 -11"><span class='ocrx_word' id='word_1_460' title='bbox 950 960 1125 994; x_wconf 85' lang='lat' dir='ltr'>intelligimus</span> <span class='ocrx_word' id='word_1_461' title='bbox 1139 964 1165 987; x_wconf 93' lang='lat' dir='ltr'>et</span> <span class='ocrx_word' id='word_1_462' title='bbox 1182 960 1344 993; x_wconf 81' lang='lat' dir='ltr'>Ecclesiam,</span> <span class='ocrx_word' id='word_1_463' title='bbox 1360 961 1386 988; x_wconf 89' lang='lat' dir='ltr'>in</span> <span class='ocrx_word' id='word_1_464' title='bbox 1402 960 1479 995; x_wconf 90' lang='lat' dir='ltr'>cujus</span> <span class='ocrx_word' id='word_1_465' title='bbox 1493 962 1660 989; x_wconf 84' lang='lat' dir='ltr'>incremento</span> <span class='ocrx_word' id='word_1_466' title='bbox 1681 970 1745 997; x_wconf 91' lang='lat' dir='ltr'>pro-</span> 
     </span>
     <span class='ocr_line' id='line_1_63' title="bbox 950 1006 1746 1042; baseline 0.005 -10"><span class='ocrx_word' id='word_1_467' title='bbox 950 1006 1054 1033; x_wconf 73' lang='lat' dir='ltr'>ficimus</span> <span class='ocrx_word' id='word_1_468' title='bbox 1068 1014 1128 1033; x_wconf 85' lang='lat' dir='ltr'>cuin</span> <span class='ocrx_word' id='word_1_469' title='bbox 1151 1006 1220 1040; x_wconf 79' lang='lat' dir='ltr'>ipsa.</span> <span class='ocrx_word' id='word_1_470' title='bbox 1247 1007 1313 1033; x_wconf 83' lang='lat' dir='ltr'>Cum</span> <span class='ocrx_word' id='word_1_471' title='bbox 1336 1014 1400 1034; x_wconf 87' lang='lat' dir='ltr'>vero</span> <span class='ocrx_word' id='word_1_472' title='bbox 1415 1008 1628 1042; x_wconf 88' lang='lat' dir='ltr'>persecutionem</span> <span class='ocrx_word' id='word_1_473' title='bbox 1647 1010 1746 1042; x_wconf 88' lang='lat' dir='ltr'>patitur</span> 
     </span>
     <span class='ocr_line' id='line_1_64' title="bbox 950 1052 1743 1086; baseline 0.004 -8"><span class='ocrx_word' id='word_1_474' title='bbox 950 1057 977 1079; x_wconf 87' lang='lat' dir='ltr'>et</span> <span class='ocrx_word' id='word_1_475' title='bbox 998 1052 1135 1084; x_wconf 88' lang='lat' dir='ltr'>minuitur,</span> <span class='ocrx_word' id='word_1_476' title='bbox 1153 1056 1180 1079; x_wconf 89' lang='lat' dir='ltr'>et</span> <span class='ocrx_word' id='word_1_477' title='bbox 1202 1060 1251 1079; x_wconf 89' lang='lat' dir='ltr'>nos</span> <span class='ocrx_word' id='word_1_478' title='bbox 1271 1060 1332 1079; x_wconf 91' lang='lat' dir='ltr'>cum</span> <span class='ocrx_word' id='word_1_479' title='bbox 1346 1053 1391 1079; x_wconf 90' lang='lat' dir='ltr'>illa</span> <span class='ocrx_word' id='word_1_480' title='bbox 1404 1053 1522 1086; x_wconf 87' lang='lat' dir='ltr'>patimur</span> <span class='ocrx_word' id='word_1_481' title='bbox 1545 1060 1571 1080; x_wconf 91' lang='lat' dir='ltr'>et</span> <span class='ocrx_word' id='word_1_482' title='bbox 1587 1054 1743 1083; x_wconf 89' lang='lat' dir='ltr'>minuimur.</span> 
     </span>
    </p>

    <p class='ocr_par' dir='ltr' id='par_1_16' title="bbox 951 1098 1748 1548">
     <span class='ocr_line' id='line_1_65' title="bbox 986 1098 1745 1135; baseline 0.004 -11"><span class='ocrx_word' id='word_1_483' title='bbox 986 1099 1012 1124; x_wconf 88' lang='lat'>7.</span> <span class='ocrx_word' id='word_1_484' title='bbox 1027 1098 1091 1124; x_wconf 91' lang='lat' dir='ltr'>ltem</span> <span class='ocrx_word' id='word_1_485' title='bbox 1105 1099 1172 1124; x_wconf 87' lang='lat' dir='ltr'>sicul</span> <span class='ocrx_word' id='word_1_486' title='bbox 1185 1102 1288 1132; x_wconf 70' lang='lat' dir='ltr'>septen»</span> <span class='ocrx_word' id='word_1_487' title='bbox 1300 1100 1398 1125; x_wconf 79' lang='lat' dir='ltr'>l‘orntas</span> <span class='ocrx_word' id='word_1_488' title='bbox 1409 1098 1488 1125; x_wconf 86' lang='lat' dir='ltr'>liabet</span> <span class='ocrx_word' id='word_1_489' title='bbox 1499 1099 1571 1131; x_wconf 82' lang='lat' dir='ltr'>luna,</span> <span class='ocrx_word' id='word_1_490' title='bbox 1584 1100 1623 1127; x_wconf 88' lang='lat' dir='ltr'>sic</span> <span class='ocrx_word' id='word_1_491' title='bbox 1635 1104 1673 1127; x_wconf 86' lang='lat' dir='ltr'>tot</span> <span class='ocrx_word' id='word_1_492' title='bbox 1683 1108 1745 1135; x_wconf 77' lang='lat' dir='ltr'>gra-</span> 
     </span>
     <span class='ocr_line' id='line_1_66' title="bbox 951 1145 1747 1182; baseline 0.001 -10"><span class='ocrx_word' id='word_1_493' title='bbox 951 1146 1000 1172; x_wconf 83' lang='lat' dir='ltr'>tias</span> <span class='ocrx_word' id='word_1_494' title='bbox 1010 1145 1167 1172; x_wconf 65' lang='lat' dir='ltr'>moritorum</span> <span class='ocrx_word' id='word_1_495' title='bbox 1176 1145 1229 1181; x_wconf 75' lang='lat'>32</span> <span class='ocrx_word' id='word_1_496' title='bbox 1240 1145 1320 1172; x_wconf 85' lang='lat' dir='ltr'>babet</span> <span class='ocrx_word' id='word_1_497' title='bbox 1332 1145 1462 1172; x_wconf 75' lang='lat' dir='ltr'>Ecclesia.</span> <span class='ocrx_word' id='word_1_498' title='bbox 1472 1146 1587 1173; x_wconf 85' lang='lat' dir='ltr'>Primam</span> <span class='ocrx_word' id='word_1_499' title='bbox 1598 1147 1668 1173; x_wconf 89' lang='lat' dir='ltr'>enim</span> <span class='ocrx_word' id='word_1_500' title='bbox 1681 1147 1747 1182; x_wconf 82' lang='lat' dir='ltr'>ligu-</span> 
     </span>
     <span class='ocr_line' id='line_1_67' title="bbox 951 1191 1746 1226; baseline 0.003 -8"><span class='ocrx_word' id='word_1_501' title='bbox 951 1199 1020 1223; x_wconf 86' lang='lat' dir='ltr'>ram,</span> <span class='ocrx_word' id='word_1_502' title='bbox 1032 1192 1167 1218; x_wconf 88' lang='lat' dir='ltr'>bicornem</span> <span class='ocrx_word' id='word_1_503' title='bbox 1181 1192 1277 1223; x_wconf 54' lang='lat' dir='ltr'>baben</span> <span class='ocrx_word' id='word_1_504' title='bbox 1291 1191 1438 1218; x_wconf 86' lang='lat' dir='ltr'>secundam</span> <span class='ocrx_word' id='word_1_505' title='bbox 1450 1213 1457 1225; x_wconf 94' lang='lat'>,</span> <span class='ocrx_word' id='word_1_506' title='bbox 1473 1193 1593 1219; x_wconf 84' lang='lat' dir='ltr'>sectilem</span> <span class='ocrx_word' id='word_1_507' title='bbox 1605 1201 1611 1224; x_wconf 89' lang='lat'>;</span> <span class='ocrx_word' id='word_1_508' title='bbox 1626 1193 1746 1226; x_wconf 84' lang='lat' dir='ltr'>tertiam,</span> 
     </span>
     <span class='ocr_line' id='line_1_68' title="bbox 951 1237 1747 1273; baseline 0.004 -10"><span class='ocrx_word' id='word_1_509' title='bbox 951 1237 1090 1264; x_wconf 86' lang='lat' dir='ltr'>dimidiam</span> <span class='ocrx_word' id='word_1_510' title='bbox 1113 1245 1145 1265; x_wconf 86' lang='lat' dir='ltr'>ex</span> <span class='ocrx_word' id='word_1_511' title='bbox 1168 1237 1287 1272; x_wconf 83' lang='lat' dir='ltr'>majore;</span> <span class='ocrx_word' id='word_1_512' title='bbox 1305 1243 1431 1272; x_wconf 88' lang='lat' dir='ltr'>quartam</span> <span class='ocrx_word' id='word_1_513' title='bbox 1454 1239 1564 1272; x_wconf 77' lang='lat' dir='ltr'>figuram</span> <span class='ocrx_word' id='word_1_514' title='bbox 1581 1239 1686 1273; x_wconf 87' lang='lat' dir='ltr'>plenam</span> <span class='ocrx_word' id='word_1_515' title='bbox 1701 1241 1747 1266; x_wconf 83' lang='lat' dir='ltr'>lia-</span> 
     </span>
     <span class='ocr_line' id='line_1_69' title="bbox 951 1282 1744 1318; baseline 0.004 -9"><span class='ocrx_word' id='word_1_516' title='bbox 951 1282 1012 1315; x_wconf 83' lang='lat' dir='ltr'>bet;</span> <span class='ocrx_word' id='word_1_517' title='bbox 1029 1284 1159 1317; x_wconf 83' lang='lat' dir='ltr'>quintam,</span> <span class='ocrx_word' id='word_1_518' title='bbox 1177 1284 1273 1310; x_wconf 87' lang='lat' dir='ltr'>iterum</span> <span class='ocrx_word' id='word_1_519' title='bbox 1286 1284 1427 1311; x_wconf 81' lang='lat' dir='ltr'>dimidiam</span> <span class='ocrx_word' id='word_1_520' title='bbox 1441 1292 1473 1311; x_wconf 86' lang='lat' dir='ltr'>ex</span> <span class='ocrx_word' id='word_1_521' title='bbox 1487 1285 1604 1317; x_wconf 73' lang='lat' dir='ltr'>majore:</span> <span class='ocrx_word' id='word_1_522' title='bbox 1629 1290 1744 1318; x_wconf 65' lang='lat' dir='ltr'>sextam.</span> 
     </span>
     <span class='ocr_line' id='line_1_70' title="bbox 951 1329 1746 1365; baseline 0.005 -9"><span class='ocrx_word' id='word_1_523' title='bbox 951 1329 1046 1356; x_wconf 89' lang='lat' dir='ltr'>iterum</span> <span class='ocrx_word' id='word_1_524' title='bbox 1062 1331 1200 1362; x_wconf 87' lang='lat' dir='ltr'>sectilem;</span> <span class='ocrx_word' id='word_1_525' title='bbox 1217 1332 1371 1365; x_wconf 80' lang='lat' dir='ltr'>septimam,</span> <span class='ocrx_word' id='word_1_526' title='bbox 1390 1331 1539 1358; x_wconf 91' lang='lat' dir='ltr'>bicornem.</span> <span class='ocrx_word' id='word_1_527' title='bbox 1558 1332 1659 1359; x_wconf 85' lang='lat' dir='ltr'>Eodem</span> <span class='ocrx_word' id='word_1_528' title='bbox 1681 1340 1746 1360; x_wconf 88' lang='lat' dir='ltr'>con-</span> 
     </span>
     <span class='ocr_line' id='line_1_71' title="bbox 951 1374 1747 1413; baseline 0.004 -11"><span class='ocrx_word' id='word_1_529' title='bbox 951 1380 1002 1402; x_wconf 87' lang='lat' dir='ltr'>stat</span> <span class='ocrx_word' id='word_1_530' title='bbox 1019 1374 1131 1403; x_wconf 79' lang='lat' dir='ltr'>nu‘mero</span> <span class='ocrx_word' id='word_1_531' title='bbox 1146 1377 1226 1403; x_wconf 89' lang='lat' dir='ltr'>etiam</span> <span class='ocrx_word' id='word_1_532' title='bbox 1240 1377 1394 1404; x_wconf 84' lang='lat' dir='ltr'>distributio</span> <span class='ocrx_word' id='word_1_533' title='bbox 1408 1378 1612 1411; x_wconf 83' lang='lat' dir='ltr'>charismatum,</span> <span class='ocrx_word' id='word_1_534' title='bbox 1623 1386 1683 1413; x_wconf 69' lang='lat' dir='ltr'>qua!</span> <span class='ocrx_word' id='word_1_535' title='bbox 1699 1386 1747 1413; x_wconf 85' lang='lat' dir='ltr'>per</span> 
     </span>
     <span class='ocr_line' id='line_1_72' title="bbox 952 1422 1748 1459; baseline 0.005 -11"><span class='ocrx_word' id='word_1_536' title='bbox 952 1422 1079 1456; x_wconf 82' lang='lat' dir='ltr'>Spiritum</span> <span class='ocrx_word' id='word_1_537' title='bbox 1090 1427 1212 1449; x_wconf 84' lang='lat' dir='ltr'>sanctum</span> <span class='ocrx_word' id='word_1_538' title='bbox 1226 1423 1274 1449; x_wconf 90' lang='lat' dir='ltr'>toti</span> <span class='ocrx_word' id='word_1_539' title='bbox 1290 1423 1418 1450; x_wconf 73' lang='lat' dir='ltr'>Ecclesiae</span> <span class='ocrx_word' id='word_1_540' title='bbox 1430 1424 1615 1452; x_wconf 75' lang='lat' dir='ltr'>conseruntur.</span> <span class='ocrx_word' id='word_1_541' title='bbox 1629 1425 1748 1459; x_wconf 75' lang='lat' dir='ltr'>Septima</span> 
     </span>
     <span class='ocr_line' id='line_1_73' title="bbox 952 1468 1748 1503; baseline 0.006 -9"><span class='ocrx_word' id='word_1_542' title='bbox 952 1473 1040 1495; x_wconf 86' lang='lat' dir='ltr'>autern</span> <span class='ocrx_word' id='word_1_543' title='bbox 1056 1468 1148 1501; x_wconf 88' lang='lat' dir='ltr'>semis,</span> <span class='ocrx_word' id='word_1_544' title='bbox 1165 1473 1192 1495; x_wconf 87' lang='lat' dir='ltr'>et</span> <span class='ocrx_word' id='word_1_545' title='bbox 1207 1468 1334 1495; x_wconf 81' lang='lat' dir='ltr'>vicesima</span> <span class='ocrx_word' id='word_1_546' title='bbox 1346 1469 1464 1496; x_wconf 79' lang='lat' dir='ltr'>secunda</span> <span class='ocrx_word' id='word_1_547' title='bbox 1476 1471 1568 1503; x_wconf 84' lang='lat' dir='ltr'>semis,</span> <span class='ocrx_word' id='word_1_548' title='bbox 1580 1471 1606 1498; x_wconf 95' lang='lat' dir='ltr'>in</span> <span class='ocrx_word' id='word_1_549' title='bbox 1622 1479 1670 1499; x_wconf 92' lang='lat' dir='ltr'>suo</span> <span class='ocrx_word' id='word_1_550' title='bbox 1681 1471 1748 1499; x_wconf 82' lang='lat' dir='ltr'>orbe</span> 
     </span>
     <span class='ocr_line' id='line_1_74' title="bbox 952 1513 1548 1548; baseline 0.005 -8"><span class='ocrx_word' id='word_1_551' title='bbox 952 1513 1038 1540; x_wconf 83' lang='lat' dir='ltr'>media</span> <span class='ocrx_word' id='word_1_552' title='bbox 1053 1518 1104 1541; x_wconf 83' lang='lat' dir='ltr'>est.</span> <span class='ocrx_word' id='word_1_553' title='bbox 1116 1513 1230 1540; x_wconf 84' lang='lat' dir='ltr'>Caeterae</span> <span class='ocrx_word' id='word_1_554' title='bbox 1243 1515 1462 1548; x_wconf 84' lang='lat' dir='ltr'>proportionales</span> <span class='ocrx_word' id='word_1_555' title='bbox 1474 1520 1548 1543; x_wconf 84' lang='lat' dir='ltr'>sunt.</span> 
     </span>
    </p>
   </div>
   <div class='ocr_carea' id='block_1_11' title="bbox 952 1565 1753 2149">
    <p class='ocr_par' dir='ltr' id='par_1_17' title="bbox 1219 1565 1464 1640">
     <span class='ocr_line' id='line_1_75' title="bbox 1249 1565 1451 1594; baseline 0.005 -2"><span class='ocrx_word' id='word_1_556' title='bbox 1249 1565 1364 1594; x_wconf 72' lang='lat' dir='ltr'>CAPUT</span> <span class='ocrx_word' id='word_1_557' title='bbox 1379 1565 1451 1594; x_wconf 63' lang='lat' dir='ltr'>Xlx.</span> 
     </span>
     <span class='ocr_line' id='line_1_76' title="bbox 1219 1611 1464 1640; baseline 0.004 -2"><span class='ocrx_word' id='word_1_558' title='bbox 1219 1611 1259 1639; x_wconf 83' lang='lat' dir='ltr'>De</span> <span class='ocrx_word' id='word_1_559' title='bbox 1285 1613 1353 1639; x_wconf 79' lang='lat' dir='ltr'>ltmoe</span> <span class='ocrx_word' id='word_1_560' title='bbox 1377 1621 1464 1640; x_wconf 77' lang='lat' dir='ltr'>cursu.</span> 
     </span>
    </p>

    <p class='ocr_par' dir='ltr' id='par_1_18' title="bbox 952 1658 1753 2057">
     <span class='ocr_line' id='line_1_77' title="bbox 989 1658 1749 1696; baseline 0.004 -11"><span class='ocrx_word' id='word_1_561' title='bbox 989 1658 1017 1687; x_wconf 83' lang='lat'>1.</span> <span class='ocrx_word' id='word_1_562' title='bbox 1033 1658 1132 1685; x_wconf 89' lang='lat' dir='ltr'>Lunam</span> <span class='ocrx_word' id='word_1_563' title='bbox 1148 1665 1196 1693; x_wconf 94' lang='lat' dir='ltr'>per</span> <span class='ocrx_word' id='word_1_564' title='bbox 1210 1658 1275 1685; x_wconf 79' lang='lat' dir='ltr'>alios</span> <span class='ocrx_word' id='word_1_565' title='bbox 1291 1663 1365 1686; x_wconf 85' lang='lat' dir='ltr'>ortus</span> <span class='ocrx_word' id='word_1_566' title='bbox 1379 1663 1406 1686; x_wconf 89' lang='lat' dir='ltr'>et</span> <span class='ocrx_word' id='word_1_567' title='bbox 1420 1666 1547 1693; x_wconf 86' lang='lat' dir='ltr'>occasus,</span> <span class='ocrx_word' id='word_1_568' title='bbox 1563 1659 1682 1695; x_wconf 78' lang='lat' dir='ltr'>Hyginus</span> <span class='ocrx_word' id='word_1_569' title='bbox 1695 1661 1749 1696; x_wconf 88' lang='lat' dir='ltr'>ait,</span> 
     </span>
     <span class='ocr_line' id='line_1_78' title="bbox 952 1705 1749 1742; baseline 0.004 -10"><span class='ocrx_word' id='word_1_570' title='bbox 952 1712 1063 1732; x_wconf 78' lang='lat' dir='ltr'>necesse</span> <span class='ocrx_word' id='word_1_571' title='bbox 1077 1709 1120 1731; x_wconf 80' lang='lat' dir='ltr'>est</span> <span class='ocrx_word' id='word_1_572' title='bbox 1134 1705 1234 1732; x_wconf 91' lang='lat' dir='ltr'>moveri</span> <span class='ocrx_word' id='word_1_573' title='bbox 1249 1725 1256 1736; x_wconf 89' lang='lat'>,</span> <span class='ocrx_word' id='word_1_574' title='bbox 1273 1712 1324 1731; x_wconf 91' lang='lat' dir='ltr'>non</span> <span class='ocrx_word' id='word_1_575' title='bbox 1339 1710 1411 1732; x_wconf 86' lang='lat' dir='ltr'>stare</span> <span class='ocrx_word' id='word_1_576' title='bbox 1422 1726 1430 1738; x_wconf 96' lang='lat'>‚</span> <span class='ocrx_word' id='word_1_577' title='bbox 1455 1706 1535 1740; x_wconf 89' lang='lat' dir='ltr'>idque</span> <span class='ocrx_word' id='word_1_578' title='bbox 1557 1706 1658 1734; x_wconf 78' lang='lat' dir='ltr'>facilius</span> <span class='ocrx_word' id='word_1_579' title='bbox 1670 1715 1749 1742; x_wconf 89' lang='lat' dir='ltr'>quam</span> 
     </span>
     <span class='ocr_line' id='line_1_79' title="bbox 953 1751 1751 1786; baseline 0.003 -8"><span class='ocrx_word' id='word_1_580' title='bbox 953 1752 986 1778; x_wconf 93' lang='lat' dir='ltr'>de</span> <span class='ocrx_word' id='word_1_581' title='bbox 1001 1751 1065 1778; x_wconf 89' lang='lat' dir='ltr'>solis</span> <span class='ocrx_word' id='word_1_582' title='bbox 1079 1751 1137 1778; x_wconf 91' lang='lat' dir='ltr'>luce</span> <span class='ocrx_word' id='word_1_583' title='bbox 1152 1751 1318 1786; x_wconf 81' lang='lat' dir='ltr'>intelligitur.</span> <span class='ocrx_word' id='word_1_584' title='bbox 1330 1751 1396 1784; x_wconf 85' lang='lat' dir='ltr'>Quia</span> <span class='ocrx_word' id='word_1_585' title='bbox 1411 1758 1471 1778; x_wconf 91' lang='lat' dir='ltr'>cum</span> <span class='ocrx_word' id='word_1_586' title='bbox 1484 1758 1498 1778; x_wconf 89' lang='lat' dir='ltr'>a</span> <span class='ocrx_word' id='word_1_587' title='bbox 1514 1752 1571 1779; x_wconf 85' lang='lat' dir='ltr'>sole</span> <span class='ocrx_word' id='word_1_588' title='bbox 1584 1752 1696 1786; x_wconf 87' lang='lat' dir='ltr'>accipiat</span> <span class='ocrx_word' id='word_1_589' title='bbox 1711 1753 1751 1780; x_wconf 90' lang='lat' dir='ltr'>lu-</span> 
     </span>
     <span class='ocr_line' id='line_1_80' title="bbox 954 1796 1750 1829; baseline 0.004 -7"><span class='ocrx_word' id='word_1_590' title='bbox 954 1803 1014 1823; x_wconf 85' lang='lat' dir='ltr'>men</span> <span class='ocrx_word' id='word_1_591' title='bbox 1027 1816 1035 1829; x_wconf 83' lang='lat'>,</span> <span class='ocrx_word' id='word_1_592' title='bbox 1051 1802 1078 1823; x_wconf 92' lang='lat' dir='ltr'>et</span> <span class='ocrx_word' id='word_1_593' title='bbox 1093 1796 1130 1822; x_wconf 88' lang='lat' dir='ltr'>ita</span> <span class='ocrx_word' id='word_1_594' title='bbox 1145 1796 1221 1823; x_wconf 86' lang='lat' dir='ltr'>nobis</span> <span class='ocrx_word' id='word_1_595' title='bbox 1245 1797 1334 1823; x_wconf 89' lang='lat' dir='ltr'>lucere</span> <span class='ocrx_word' id='word_1_596' title='bbox 1354 1796 1486 1829; x_wconf 86' lang='lat' dir='ltr'>videatur,</span> <span class='ocrx_word' id='word_1_597' title='bbox 1504 1804 1555 1824; x_wconf 89' lang='lat' dir='ltr'>non</span> <span class='ocrx_word' id='word_1_598' title='bbox 1578 1803 1619 1824; x_wconf 85' lang='lat' dir='ltr'>cst</span> <span class='ocrx_word' id='word_1_599' title='bbox 1640 1797 1750 1826; x_wconf 88' lang='lat' dir='ltr'>dubium</span> 
     </span>
     <span class='ocr_line' id='line_1_81' title="bbox 954 1843 1750 1876; baseline 0.001 -6"><span class='ocrx_word' id='word_1_600' title='bbox 954 1850 1012 1870; x_wconf 86' lang='lat' dir='ltr'>eam</span> <span class='ocrx_word' id='word_1_601' title='bbox 1034 1843 1134 1870; x_wconf 82' lang='lat' dir='ltr'>moveri</span> <span class='ocrx_word' id='word_1_602' title='bbox 1148 1843 1326 1876; x_wconf 80' lang='lat' dir='ltr'>potiusquam</span> <span class='ocrx_word' id='word_1_603' title='bbox 1342 1848 1424 1870; x_wconf 82' lang='lat' dir='ltr'>stare.</span> <span class='ocrx_word' id='word_1_604' title='bbox 1448 1843 1538 1870; x_wconf 87' lang='lat' dir='ltr'>Terris</span> <span class='ocrx_word' id='word_1_605' title='bbox 1562 1849 1650 1871; x_wconf 88' lang='lat' dir='ltr'>autem</span> <span class='ocrx_word' id='word_1_606' title='bbox 1665 1844 1750 1871; x_wconf 76' lang='lat' dir='ltr'>vicina</span> 
     </span>
     <span class='ocr_line' id='line_1_82' title="bbox 954 1887 1753 1923; baseline 0.003 -9"><span class='ocrx_word' id='word_1_607' title='bbox 954 1889 1015 1915; x_wconf 88' lang='lat' dir='ltr'>luna</span> <span class='ocrx_word' id='word_1_608' title='bbox 1032 1887 1149 1915; x_wconf 88' lang='lat' dir='ltr'>breviori</span> <span class='ocrx_word' id='word_1_609' title='bbox 1161 1887 1227 1915; x_wconf 87' lang='lat' dir='ltr'>orbe</span> <span class='ocrx_word' id='word_1_610' title='bbox 1239 1889 1414 1920; x_wconf 84' lang='lat' dir='ltr'>convertitur,</span> <span class='ocrx_word' id='word_1_611' title='bbox 1426 1891 1454 1915; x_wconf 90' lang='lat' dir='ltr'>et</span> <span class='ocrx_word' id='word_1_612' title='bbox 1466 1887 1516 1914; x_wconf 89' lang='lat' dir='ltr'>iter</span> <span class='ocrx_word' id='word_1_613' title='bbox 1525 1887 1595 1923; x_wconf 88' lang='lat' dir='ltr'>quod</span> <span class='ocrx_word' id='word_1_614' title='bbox 1607 1888 1646 1915; x_wconf 84' lang='lat' dir='ltr'>sol</span> <span class='ocrx_word' id='word_1_615' title='bbox 1658 1888 1683 1915; x_wconf 92' lang='lat' dir='ltr'>in</span> <span class='ocrx_word' id='word_1_616' title='bbox 1694 1888 1753 1916; x_wconf 85' lang='lat' dir='ltr'>die-</span> 
     </span>
     <span class='ocr_line' id='line_1_83' title="bbox 955 1931 1752 1968; baseline 0 -8"><span class='ocrx_word' id='word_1_617' title='bbox 955 1934 1004 1960; x_wconf 88' lang='lat' dir='ltr'>bus</span> <span class='ocrx_word' id='word_1_618' title='bbox 1016 1940 1117 1960; x_wconf 67' lang='lat' dir='ltr'>ccccxv</span> <span class='ocrx_word' id='word_1_619' title='bbox 1131 1934 1256 1967; x_wconf 81' lang='lat' dir='ltr'>peragit,</span> <span class='ocrx_word' id='word_1_620' title='bbox 1274 1932 1324 1959; x_wconf 88' lang='lat' dir='ltr'>ista</span> <span class='ocrx_word' id='word_1_621' title='bbox 1341 1940 1388 1967; x_wconf 90' lang='lat' dir='ltr'>per</span> <span class='ocrx_word' id='word_1_622' title='bbox 1402 1931 1511 1968; x_wconf 79' lang='lat' dir='ltr'>triginta</span> <span class='ocrx_word' id='word_1_623' title='bbox 1531 1931 1588 1960; x_wconf 63' lang='lat' dir='ltr'>dies</span> <span class='ocrx_word' id='word_1_624' title='bbox 1610 1933 1752 1967; x_wconf 85' lang='lat' dir='ltr'>percurrit.</span> 
     </span>
     <span class='ocr_line' id='line_1_84' title="bbox 958 1977 1752 2012; baseline 0 -7"><span class='ocrx_word' id='word_1_625' title='bbox 958 1977 1032 2005; x_wconf 91' lang='lat' dir='ltr'>Unde</span> <span class='ocrx_word' id='word_1_626' title='bbox 1046 1982 1071 2005; x_wconf 89' lang='lat' dir='ltr'>et</span> <span class='ocrx_word' id='word_1_627' title='bbox 1084 1978 1186 2012; x_wconf 87' lang='lat' dir='ltr'>antiqui</span> <span class='ocrx_word' id='word_1_628' title='bbox 1205 1985 1313 2005; x_wconf 87' lang='lat' dir='ltr'>menses</span> <span class='ocrx_word' id='word_1_629' title='bbox 1326 1978 1351 2004; x_wconf 95' lang='lat' dir='ltr'>in</span> <span class='ocrx_word' id='word_1_630' title='bbox 1365 1978 1445 2010; x_wconf 82' lang='lat' dir='ltr'>lunae,</span> <span class='ocrx_word' id='word_1_631' title='bbox 1461 1984 1546 2005; x_wconf 85' lang='lat' dir='ltr'>annos</span> <span class='ocrx_word' id='word_1_632' title='bbox 1561 1982 1650 2005; x_wconf 86' lang='lat' dir='ltr'>autem</span> <span class='ocrx_word' id='word_1_633' title='bbox 1665 1977 1692 2005; x_wconf 86' lang='lat' dir='ltr'>in</span> <span class='ocrx_word' id='word_1_634' title='bbox 1707 1984 1752 2005; x_wconf 86' lang='lat' dir='ltr'>so-</span> 
     </span>
     <span class='ocr_line' id='line_1_85' title="bbox 956 2024 1249 2057; baseline 0.003 -7"><span class='ocrx_word' id='word_1_635' title='bbox 956 2024 988 2050; x_wconf 87' lang='lat' dir='ltr'>lis</span> <span class='ocrx_word' id='word_1_636' title='bbox 999 2031 1078 2050; x_wconf 81' lang='lat' dir='ltr'>cursu</span> <span class='ocrx_word' id='word_1_637' title='bbox 1092 2028 1249 2057; x_wconf 85' lang='lat' dir='ltr'>posuerunt.</span> 
     </span>
    </p>

    <p class='ocr_par' dir='ltr' id='par_1_19' title="bbox 956 2069 1751 2149">
     <span class='ocr_line' id='line_1_86' title="bbox 990 2069 1751 2104; baseline 0.001 -8"><span class='ocrx_word' id='word_1_638' title='bbox 990 2070 1017 2096; x_wconf 78' lang='lat'>2.</span> <span class='ocrx_word' id='word_1_639' title='bbox 1035 2069 1125 2104; x_wconf 82' lang='lat' dir='ltr'>ltaque</span> <span class='ocrx_word' id='word_1_640' title='bbox 1147 2069 1207 2096; x_wconf 88' lang='lat' dir='ltr'>luna</span> <span class='ocrx_word' id='word_1_641' title='bbox 1230 2077 1277 2104; x_wconf 88' lang='lat' dir='ltr'>per</span> <span class='ocrx_word' id='word_1_642' title='bbox 1297 2070 1414 2097; x_wconf 87' lang='lat' dir='ltr'>tricenos</span> <span class='ocrx_word' id='word_1_643' title='bbox 1434 2069 1492 2097; x_wconf 86' lang='lat' dir='ltr'>dies</span> <span class='ocrx_word' id='word_1_644' title='bbox 1505 2069 1637 2097; x_wconf 87' lang='lat' dir='ltr'>duodenis</span> <span class='ocrx_word' id='word_1_645' title='bbox 1650 2070 1751 2097; x_wconf 84' lang='lat' dir='ltr'>vicibus</span> 
     </span>
     <span class='ocr_line' id='line_1_87' title="bbox 956 2114 1751 2149; baseline 0.001 -7"><span class='ocrx_word' id='word_1_646' title='bbox 956 2123 1062 2142; x_wconf 83' lang='lat' dir='ltr'>cursum</span> <span class='ocrx_word' id='word_1_647' title='bbox 1079 2114 1218 2149; x_wconf 81' lang='lat' dir='ltr'>perficiens</span> <span class='ocrx_word' id='word_1_648' title='bbox 1232 2134 1238 2146; x_wconf 86' lang='lat'>‚</span> <span class='ocrx_word' id='word_1_649' title='bbox 1251 2121 1418 2142; x_wconf 87' lang='lat' dir='ltr'>consummat</span> <span class='ocrx_word' id='word_1_650' title='bbox 1432 2122 1530 2142; x_wconf 86' lang='lat' dir='ltr'>annum</span> <span class='ocrx_word' id='word_1_651' title='bbox 1541 2115 1687 2143; x_wconf 87' lang='lat' dir='ltr'>secundum</span> <span class='ocrx_word' id='word_1_652' title='bbox 1699 2115 1751 2143; x_wconf 79' lang='lat' dir='ltr'>lle-</span> 
     </span>
    </p>
   </div>
   <div class='ocr_carea' id='block_1_12' title="bbox 916 2161 1753 2196">
    <p class='ocr_par' dir='ltr' id='par_1_20' title="bbox 916 2161 1753 2196">
     <span class='ocr_line' id='line_1_88' title="bbox 916 2161 1753 2196; baseline 0.001 -8"><span class='ocrx_word' id='word_1_653' title='bbox 916 2167 924 2173; x_wconf 86' lang='lat'><strong>·</strong></span> <span class='ocrx_word' id='word_1_654' title='bbox 957 2163 1053 2194; x_wconf 74' lang='lat' dir='ltr'>lineos,</span> <span class='ocrx_word' id='word_1_655' title='bbox 1076 2161 1208 2196; x_wconf 91' lang='lat' dir='ltr'>aliquibus</span> <span class='ocrx_word' id='word_1_656' title='bbox 1229 2161 1322 2187; x_wconf 85' lang='lat' dir='ltr'>diebus</span> <span class='ocrx_word' id='word_1_657' title='bbox 1345 2161 1474 2196; x_wconf 78' lang='lat' dir='ltr'>adiectis;</span> <span class='ocrx_word' id='word_1_658' title='bbox 1496 2163 1642 2189; x_wconf 84' lang='lat' dir='ltr'>secundum</span> <span class='ocrx_word' id='word_1_659' title='bbox 1659 2162 1753 2189; x_wconf 78' lang='lat' dir='ltr'>Roma-</span> 
     </span>
    </p>
   </div>
   <div class='ocr_carea' id='block_1_13' title="bbox 956 2205 1754 2286">
    <p class='ocr_par' dir='ltr' id='par_1_21' title="bbox 956 2205 1754 2286">
     <span class='ocr_line' id='line_1_89' title="bbox 956 2205 1754 2243; baseline 0.001 -9"><span class='ocrx_word' id='word_1_660' title='bbox 956 2214 1005 2234; x_wconf 90' lang='lat' dir='ltr'>nos</span> <span class='ocrx_word' id='word_1_661' title='bbox 1016 2227 1024 2240; x_wconf 84' lang='grc'>,</span> <span class='ocrx_word' id='word_1_662' title='bbox 1046 2207 1164 2234; x_wconf 83' lang='lat' dir='ltr'>bissexto</span> <span class='ocrx_word' id='word_1_663' title='bbox 1179 2207 1261 2233; x_wconf 84' lang='lat' dir='ltr'>semel</span> <span class='ocrx_word' id='word_1_664' title='bbox 1284 2205 1310 2233; x_wconf 89' lang='lat' dir='ltr'>in</span> <span class='ocrx_word' id='word_1_665' title='bbox 1327 2206 1503 2240; x_wconf 82' lang='lat' dir='ltr'>quadriennio</span> <span class='ocrx_word' id='word_1_666' title='bbox 1519 2207 1599 2234; x_wconf 87' lang='lat' dir='ltr'>unius</span> <span class='ocrx_word' id='word_1_667' title='bbox 1611 2207 1664 2234; x_wconf 79' lang='lat' dir='ltr'>diei</span> <span class='ocrx_word' id='word_1_668' title='bbox 1680 2207 1754 2243; x_wconf 73' lang='lat' dir='ltr'>adie-</span> 
     </span>
     <span class='ocr_line' id='line_1_90' title="bbox 957 2250 1754 2286; baseline -0.003 -6"><span class='ocrx_word' id='word_1_669' title='bbox 957 2253 1044 2280; x_wconf 89' lang='lat' dir='ltr'>ctione</span> <span class='ocrx_word' id='word_1_670' title='bbox 1066 2253 1211 2279; x_wconf 85' lang='lat' dir='ltr'>celebrato.</span> <span class='ocrx_word' id='word_1_671' title='bbox 1233 2251 1315 2285; x_wconf 76' lang='lat' dir='ltr'>Cuius</span> <span class='ocrx_word' id='word_1_672' title='bbox 1336 2252 1416 2279; x_wconf 87' lang='lat' dir='ltr'>etiam</span> <span class='ocrx_word' id='word_1_673' title='bbox 1431 2252 1583 2286; x_wconf 77' lang='lat' dir='ltr'>augmentis</span> <span class='ocrx_word' id='word_1_674' title='bbox 1595 2250 1754 2279; x_wconf 81' lang='lat' dir='ltr'>decremen-</span> 
     </span>
    </p>
   </div>
   <div class='ocr_carea' id='block_1_14' title="bbox 113 2284 1752 2334">
    <p class='ocr_par' dir='ltr' id='par_1_22' title="bbox 113 2284 1752 2334">
     <span class='ocr_line' id='line_1_91' title="bbox 113 2284 1752 2334; baseline 0.003 -13"><span class='ocrx_word' id='word_1_675' title='bbox 113 2295 163 2322; x_wconf 86' lang='lat' dir='ltr'>ista</span> <span class='ocrx_word' id='word_1_676' title='bbox 186 2295 332 2322; x_wconf 84' lang='lat' dir='ltr'>menstruis</span> <span class='ocrx_word' id='word_1_677' title='bbox 353 2296 579 2331; x_wconf 88' lang='lat' dir='ltr'>completionibus</span> <span class='ocrx_word' id='word_1_678' title='bbox 602 2297 704 2328; x_wconf 81' lang='lat' dir='ltr'>deficit,</span> <span class='ocrx_word' id='word_1_679' title='bbox 731 2298 767 2324; x_wconf 85' lang='lat' dir='ltr'>ita</span> <span class='ocrx_word' id='word_1_680' title='bbox 787 2299 904 2326; x_wconf 91' lang='lat' dir='ltr'>mundus</span> <span class='ocrx_word' id='word_1_681' title='bbox 919 2284 946 2315; x_wconf 73' lang='lat' dir='ltr'>D</span> <span class='ocrx_word' id='word_1_682' title='bbox 959 2300 1047 2334; x_wconf 90' lang='lat' dir='ltr'>tisque</span> <span class='ocrx_word' id='word_1_683' title='bbox 1059 2319 1067 2332; x_wconf 91' lang='lat'>,</span> <span class='ocrx_word' id='word_1_684' title='bbox 1083 2299 1149 2326; x_wconf 87' lang='lat' dir='ltr'>inira</span> <span class='ocrx_word' id='word_1_685' title='bbox 1168 2298 1281 2333; x_wconf 87' lang='lat' dir='ltr'>quadam</span> <span class='ocrx_word' id='word_1_686' title='bbox 1297 2298 1476 2325; x_wconf 71' lang='lat' dir='ltr'>Providentiae</span> <span class='ocrx_word' id='word_1_687' title='bbox 1487 2302 1563 2330; x_wconf 81' lang='lat' dir='ltr'>arte,</span> <span class='ocrx_word' id='word_1_688' title='bbox 1578 2305 1658 2325; x_wconf 88' lang='lat' dir='ltr'>omne</span> <span class='ocrx_word' id='word_1_689' title='bbox 1681 2298 1752 2333; x_wconf 82' lang='lat' dir='ltr'>quod</span> 
     </span>
    </p>
   </div>
   <div class='ocr_carea' id='block_1_15' title="bbox 113 2340 908 2470">
    <p class='ocr_par' dir='ltr' id='par_1_23' title="bbox 113 2340 908 2470">
     <span class='ocr_line' id='line_1_92' title="bbox 113 2340 908 2377; baseline 0.008 -10"><span class='ocrx_word' id='word_1_690' title='bbox 113 2340 146 2367; x_wconf 90' lang='lat' dir='ltr'>ad</span> <span class='ocrx_word' id='word_1_691' title='bbox 161 2341 349 2369; x_wconf 85' lang='lat' dir='ltr'>conflationem</span> <span class='ocrx_word' id='word_1_692' title='bbox 371 2346 520 2377; x_wconf 88' lang='lat' dir='ltr'>temporum</span> <span class='ocrx_word' id='word_1_693' title='bbox 544 2350 656 2371; x_wconf 90' lang='lat' dir='ltr'>currens</span> <span class='ocrx_word' id='word_1_694' title='bbox 677 2344 840 2377; x_wconf 88' lang='lat' dir='ltr'>quotidianis</span> <span class='ocrx_word' id='word_1_695' title='bbox 860 2345 908 2373; x_wconf 89' lang='lat' dir='ltr'>de-</span> 
     </span>
     <span class='ocr_line' id='line_1_93' title="bbox 114 2386 907 2423; baseline 0.006 -9"><span class='ocrx_word' id='word_1_696' title='bbox 114 2386 227 2414; x_wconf 73' lang='lat' dir='ltr'>fectibus</span> <span class='ocrx_word' id='word_1_697' title='bbox 254 2387 336 2415; x_wconf 90' lang='lat' dir='ltr'>cadit.</span> <span class='ocrx_word' id='word_1_698' title='bbox 370 2388 442 2415; x_wconf 80' lang='lat' dir='ltr'>Luna</span> <span class='ocrx_word' id='word_1_699' title='bbox 470 2389 567 2423; x_wconf 87' lang='lat' dir='ltr'>quippe</span> <span class='ocrx_word' id='word_1_700' title='bbox 596 2390 720 2417; x_wconf 86' lang='lat' dir='ltr'>elementi</span> <span class='ocrx_word' id='word_1_701' title='bbox 754 2391 794 2418; x_wconf 84' lang='lat' dir='ltr'>sui</span> <span class='ocrx_word' id='word_1_702' title='bbox 818 2392 907 2419; x_wconf 85' lang='lat' dir='ltr'>varie-</span> 
     </span>
     <span class='ocr_line' id='line_1_94' title="bbox 116 2434 905 2470; baseline 0.005 -9"><span class='ocrx_word' id='word_1_703' title='bbox 116 2439 170 2461; x_wconf 86' lang='lat' dir='ltr'>tate</span> <span class='ocrx_word' id='word_1_704' title='bbox 189 2434 303 2462; x_wconf 82' lang='lat' dir='ltr'>diversis</span> <span class='ocrx_word' id='word_1_705' title='bbox 325 2434 449 2462; x_wconf 83' lang='lat' dir='ltr'>cursibus</span> <span class='ocrx_word' id='word_1_706' title='bbox 463 2435 563 2463; x_wconf 88' lang='lat' dir='ltr'>desiuit</span> <span class='ocrx_word' id='word_1_707' title='bbox 577 2440 605 2463; x_wconf 90' lang='lat' dir='ltr'>ut</span> <span class='ocrx_word' id='word_1_708' title='bbox 619 2441 742 2470; x_wconf 83' lang='lat' dir='ltr'>crescat.</span> <span class='ocrx_word' id='word_1_709' title='bbox 766 2438 863 2465; x_wconf 78' lang='lat' dir='ltr'>crescit</span> <span class='ocrx_word' id='word_1_710' title='bbox 877 2443 905 2465; x_wconf 94' lang='lat' dir='ltr'>ut</span> 
     </span>
    </p>
   </div>
   <div class='ocr_carea' id='block_1_16' title="bbox 115 2491 908 2956">
    <p class='ocr_par' dir='ltr' id='par_1_24' title="bbox 115 2491 908 2956">
     <span class='ocr_line' id='line_1_95' title="bbox 150 2491 903 2527; baseline 0.003 -8"><span class='ocrx_word' id='word_1_711' title='bbox 150 2491 177 2518; x_wconf 69' lang='grc'>4.</span> <span class='ocrx_word' id='word_1_712' title='bbox 190 2491 298 2520; x_wconf 83' lang='lat' dir='ltr'>sienim</span> <span class='ocrx_word' id='word_1_713' title='bbox 309 2501 355 2520; x_wconf 74' lang='lat' dir='ltr'>suo</span> <span class='ocrx_word' id='word_1_714' title='bbox 366 2493 461 2520; x_wconf 79' lang='lat' dir='ltr'>luniine</span> <span class='ocrx_word' id='word_1_715' title='bbox 473 2497 628 2521; x_wconf 59' lang='lat' dir='ltr'>meretum...</span> <span class='ocrx_word' id='word_1_716' title='bbox 639 2493 729 2520; x_wconf 76' lang='lat' dir='ltr'>exilem</span> <span class='ocrx_word' id='word_1_717' title='bbox 737 2493 802 2527; x_wconf 79' lang='lat' dir='ltr'>lieri.</span> <span class='ocrx_word' id='word_1_718' title='bbox 817 2493 903 2521; x_wconf 80' lang='lat' dir='ltr'>Verba</span> 
     </span>
     <span class='ocr_line' id='line_1_96' title="bbox 115 2528 520 2563; baseline 0.007 -9"><span class='ocrx_word' id='word_1_719' title='bbox 115 2532 176 2554; x_wconf 77' lang='lat' dir='ltr'>sunt</span> <span class='ocrx_word' id='word_1_720' title='bbox 191 2528 294 2562; x_wconf 74' lang='lat' dir='ltr'>Hygini,</span> <span class='ocrx_word' id='word_1_721' title='bbox 310 2536 370 2563; x_wconf 87' lang='lat' dir='ltr'>cap.</span> <span class='ocrx_word' id='word_1_722' title='bbox 385 2530 419 2556; x_wconf 89' lang='lat' dir='ltr'>dc</span> <span class='ocrx_word' id='word_1_723' title='bbox 437 2529 520 2557; x_wconf 87' lang='lat' dir='ltr'>Luna.</span> 
     </span>
     <span class='ocr_line' id='line_1_97' title="bbox 152 2563 587 2598; baseline 0.007 -9"><span class='ocrx_word' id='word_1_724' title='bbox 152 2563 179 2589; x_wconf 92' lang='grc'>6.</span> <span class='ocrx_word' id='word_1_725' title='bbox 200 2563 272 2590; x_wconf 72' lang='lat' dir='ltr'>sicut</span> <span class='ocrx_word' id='word_1_726' title='bbox 294 2565 362 2591; x_wconf 86' lang='lat' dir='ltr'>enim</span> <span class='ocrx_word' id='word_1_727' title='bbox 385 2565 446 2591; x_wconf 77' lang='lat' dir='ltr'>tuna</span> <span class='ocrx_word' id='word_1_728' title='bbox 468 2564 587 2598; x_wconf 78' lang='lat' dir='ltr'>deficit...</span> 
     </span>
     <span class='ocr_line' id='line_1_98' title="bbox 116 2598 498 2634; baseline 0.005 -10"><span class='ocrx_word' id='word_1_729' title='bbox 116 2602 178 2625; x_wconf 74' lang='lat' dir='ltr'>sunt</span> <span class='ocrx_word' id='word_1_730' title='bbox 191 2598 271 2626; x_wconf 84' lang='lat' dir='ltr'>vei-ba</span> <span class='ocrx_word' id='word_1_731' title='bbox 284 2599 330 2626; x_wconf 88' lang='lat' dir='ltr'>lib.</span> <span class='ocrx_word' id='word_1_732' title='bbox 347 2607 382 2631; x_wconf 86' lang='lat' dir='ltr'>iv,</span> <span class='ocrx_word' id='word_1_733' title='bbox 396 2607 454 2634; x_wconf 90' lang='lat' dir='ltr'>cap.</span> <span class='ocrx_word' id='word_1_734' title='bbox 471 2599 498 2626; x_wconf 90' lang='lat'>8.</span> 
     </span>
     <span class='ocr_line' id='line_1_99' title="bbox 152 2632 781 2670; baseline 0.005 -11"><span class='ocrx_word' id='word_1_735' title='bbox 152 2632 220 2660; x_wconf 77' lang='lat' dir='ltr'>Ibid.</span> <span class='ocrx_word' id='word_1_736' title='bbox 237 2634 321 2669; x_wconf 74' lang='lat' dir='ltr'>Larqa</span> <span class='ocrx_word' id='word_1_737' title='bbox 333 2635 409 2662; x_wconf 69' lang='lat' dir='ltr'>roric.</span> <span class='ocrx_word' id='word_1_738' title='bbox 425 2636 549 2663; x_wconf 74' lang='lat' dir='ltr'>Amin-os.</span> <span class='ocrx_word' id='word_1_739' title='bbox 563 2635 608 2663; x_wconf 87' lang='lat' dir='ltr'>lib.</span> <span class='ocrx_word' id='word_1_740' title='bbox 626 2643 661 2668; x_wconf 79' lang='lat' dir='ltr'>iv,</span> <span class='ocrx_word' id='word_1_741' title='bbox 677 2643 736 2670; x_wconf 87' lang='lat' dir='ltr'>cap.</span> <span class='ocrx_word' id='word_1_742' title='bbox 754 2635 781 2662; x_wconf 85' lang='lat'>7.</span> 
     </span>
     <span class='ocr_line' id='line_1_100' title="bbox 152 2668 905 2705; baseline 0.005 -11"><span class='ocrx_word' id='word_1_743' title='bbox 152 2668 221 2696; x_wconf 73' lang='lat' dir='ltr'>ibid.</span> <span class='ocrx_word' id='word_1_744' title='bbox 239 2669 359 2697; x_wconf 74' lang='lat' dir='ltr'>Crescunt</span> <span class='ocrx_word' id='word_1_745' title='bbox 369 2679 455 2697; x_wconf 75' lang='lat' dir='ltr'>emim</span> <span class='ocrx_word' id='word_1_746' title='bbox 464 2671 571 2705; x_wconf 76' lang='lat' dir='ltr'>[ructus.</span> <span class='ocrx_word' id='word_1_747' title='bbox 586 2671 677 2702; x_wconf 81' lang='lat' dir='ltr'>Forte.</span> <span class='ocrx_word' id='word_1_748' title='bbox 687 2676 802 2697; x_wconf 67' lang='lat' dir='ltr'>crescunt</span> <span class='ocrx_word' id='word_1_749' title='bbox 817 2678 905 2698; x_wconf 71' lang='lat' dir='ltr'>omnes</span> 
     </span>
     <span class='ocr_line' id='line_1_101' title="bbox 116 2704 904 2742; baseline 0.003 -12"><span class='ocrx_word' id='word_1_750' title='bbox 116 2704 218 2738; x_wconf 71' lang='lat' dir='ltr'>fluctus.</span> <span class='ocrx_word' id='word_1_751' title='bbox 230 2704 397 2738; x_wconf 79' lang='lat' dir='ltr'>Dracontius,</span> <span class='ocrx_word' id='word_1_752' title='bbox 411 2706 542 2740; x_wconf 56' lang='lat' dir='ltr'>papii-⁷»,</span> <span class='ocrx_word' id='word_1_753' title='bbox 553 2707 599 2734; x_wconf 82' lang='lat' dir='ltr'>lib.</span> <span class='ocrx_word' id='word_1_754' title='bbox 613 2706 770 2740; x_wconf 77' lang='lat' dir='ltr'>i,vers.7.⁹›5</span> <span class='ocrx_word' id='word_1_755' title='bbox 777 2711 803 2733; x_wconf 87' lang='lat' dir='ltr'>et</span> <span class='ocrx_word' id='word_1_756' title='bbox 811 2713 904 2742; x_wconf 79' lang='lat' dir='ltr'>seqq.:</span> 
     </span>
     <span class='ocr_line' id='line_1_102' title="bbox 178 2744 839 2777; baseline 0.005 -9"><span class='ocrx_word' id='word_1_757' title='bbox 178 2744 226 2773; x_wconf 82' lang='lat' dir='ltr'>Qut</span> <span class='ocrx_word' id='word_1_758' title='bbox 237 2746 301 2769; x_wconf 71' lang='lat' dir='ltr'>lune</span> <span class='ocrx_word' id='word_1_759' title='bbox 314 2749 444 2772; x_wconf 78' lang='lat' dir='ltr'>crescente</span> <span class='ocrx_word' id='word_1_760' title='bbox 455 2746 528 2776; x_wconf 73' lang='lat' dir='ltr'>globo</span> <span class='ocrx_word' id='word_1_761' title='bbox 539 2747 608 2775; x_wconf 79' lang='lat' dir='ltr'>iubet</span> <span class='ocrx_word' id='word_1_762' title='bbox 617 2753 715 2777; x_wconf 74' lang='lat' dir='ltr'>aequora</span> <span class='ocrx_word' id='word_1_763' title='bbox 727 2749 839 2771; x_wconf 76' lang='lat' dir='ltr'>crescant</span> 
     </span>
     <span class='ocr_line' id='line_1_103' title="bbox 179 2774 834 2808; baseline 0.002 -9"><span class='ocrx_word' id='word_1_764' title='bbox 179 2774 302 2800; x_wconf 73' lang='lat' dir='ltr'>Fluctibus</span> <span class='ocrx_word' id='word_1_765' title='bbox 315 2776 424 2808; x_wconf 71' lang='lat' dir='ltr'>adiectis,</span> <span class='ocrx_word' id='word_1_766' title='bbox 435 2782 546 2804; x_wconf 74' lang='lat' dir='ltr'>crescent</span> <span class='ocrx_word' id='word_1_767' title='bbox 557 2778 729 2804; x_wconf 76' lang='lat' dir='ltr'>curn-fontibus</span> <span class='ocrx_word' id='word_1_768' title='bbox 739 2783 834 2802; x_wconf 79' lang='lat' dir='ltr'>amnes,</span> 
     </span>
     <span class='ocr_line' id='line_1_104' title="bbox 119 2809 400 2841; baseline 0.014 -4"><span class='ocrx_word' id='word_1_769' title='bbox 119 2809 185 2838; x_wconf 78' lang='lat' dir='ltr'>Vide</span> <span class='ocrx_word' id='word_1_770' title='bbox 198 2818 297 2839; x_wconf 73' lang='lat' dir='ltr'>notam.</span> <span class='ocrx_word' id='word_1_771' title='bbox 313 2815 400 2841; x_wconf 70' lang='lat' dir='ltr'>Anav-</span> 
     </span>
     <span class='ocr_line' id='line_1_105' title="bbox 154 2844 906 2887; baseline 0.004 -15"><span class='ocrx_word' id='word_1_772' title='bbox 154 2844 254 2887; x_wconf 56' lang='lat' dir='ltr'>7.11em</span> <span class='ocrx_word' id='word_1_773' title='bbox 267 2848 332 2875; x_wconf 72' lang='lat' dir='ltr'>sicut</span> <span class='ocrx_word' id='word_1_774' title='bbox 341 2853 436 2884; x_wconf 55' lang='lat' dir='ltr'>septem</span> <span class='ocrx_word' id='word_1_775' title='bbox 446 2849 552 2884; x_wconf 70' lang='lat' dir='ltr'>[ornias.</span> <span class='ocrx_word' id='word_1_776' title='bbox 564 2849 630 2877; x_wconf 79' lang='lat' dir='ltr'>Ead.</span> <span class='ocrx_word' id='word_1_777' title='bbox 641 2849 688 2877; x_wconf 65' lang='lat' dir='ltr'>lili.</span> <span class='ocrx_word' id='word_1_778' title='bbox 702 2857 732 2877; x_wconf 92' lang='grc' dir='ltr'>ιιι</span> <span class='ocrx_word' id='word_1_779' title='bbox 744 2849 906 2886; x_wconf 54' lang='lat' dir='ltr'>Elymnion..</span> 
     </span>
     <span class='ocr_line' id='line_1_106' title="bbox 119 2881 906 2916; baseline 0.004 -9"><span class='ocrx_word' id='word_1_780' title='bbox 119 2881 284 2916; x_wconf 81' lang='lat' dir='ltr'>totidemque</span> <span class='ocrx_word' id='word_1_781' title='bbox 307 2890 322 2909; x_wconf 78' lang='lat' dir='ltr'>s</span> <span class='ocrx_word' id='word_1_782' title='bbox 341 2885 411 2911; x_wconf 82' lang='lat' dir='ltr'>ecies</span> <span class='ocrx_word' id='word_1_783' title='bbox 430 2884 483 2911; x_wconf 80' lang='lat' dir='ltr'>assi</span> <span class='ocrx_word' id='word_1_784' title='bbox 503 2889 548 2912; x_wconf 90' lang='lat' dir='ltr'>nat</span> <span class='ocrx_word' id='word_1_785' title='bbox 570 2885 640 2912; x_wconf 74' lang='lat' dir='ltr'>luuae</span> <span class='ocrx_word' id='word_1_786' title='bbox 653 2885 778 2912; x_wconf 76' lang='lat' dir='ltr'>Clemens</span> <span class='ocrx_word' id='word_1_787' title='bbox 802 2885 847 2912; x_wconf 77' lang='lat' dir='ltr'>tlh.</span> <span class='ocrx_word' id='word_1_788' title='bbox 869 2890 906 2910; x_wconf 79' lang='lat' dir='ltr'>vt.</span> 
     </span>
     <span class='ocr_line' id='line_1_107' title="bbox 121 2891 908 2956; baseline 0.003 -10"><span class='ocrx_word' id='word_1_789' title='bbox 121 2917 222 2948; x_wconf 69' lang='lat' dir='ltr'>strom.</span> <span class='ocrx_word' id='word_1_790' title='bbox 242 2923 278 2946; x_wconf 75' lang='lat' dir='ltr'>ox</span> <span class='ocrx_word' id='word_1_791' title='bbox 286 2891 420 2946; x_wconf 49' lang='lat' dir='ltr'>sustinebo</span> <span class='ocrx_word' id='word_1_792' title='bbox 433 2918 486 2946; x_wconf 75' lang='lat' dir='ltr'>Mat</span> <span class='ocrx_word' id='word_1_793' title='bbox 566 2921 630 2947; x_wconf 82' lang='lat' dir='ltr'>tico.</span> <span class='ocrx_word' id='word_1_794' title='bbox 651 2919 690 2948; x_wconf 73' lang='lat' dir='ltr'>Ex</span> <span class='ocrx_word' id='word_1_795' title='bbox 704 2927 759 2956; x_wconf 82' lang='lat' dir='ltr'>quo</span> <span class='ocrx_word' id='word_1_796' title='bbox 770 2923 799 2948; x_wconf 84' lang='lat' dir='ltr'>et</span> <span class='ocrx_word' id='word_1_797' title='bbox 813 2917 908 2948; x_wconf 66' lang='lat' dir='ltr'>{efficti</span> 
     </span>
    </p>
   </div>
   <div class='ocr_carea' id='block_1_17' title="bbox 607 2564 905 2592">
    <p class='ocr_par' dir='ltr' id='par_1_25' title="bbox 607 2564 905 2592">
     <span class='ocr_line' id='line_1_108' title="bbox 607 2564 905 2592; baseline 0 -1"><span class='ocrx_word' id='word_1_798' title='bbox 607 2569 752 2592; x_wconf 77' lang='lat' dir='ltr'>coronatur.</span> <span class='ocrx_word' id='word_1_799' title='bbox 771 2564 905 2592; x_wconf 79' lang='lat' dir='ltr'>Ambrosii</span> 
     </span>
    </p>
   </div>
   <div class='ocr_carea' id='block_1_18' title="bbox 958 2343 1753 2470">
    <p class='ocr_par' dir='ltr' id='par_1_26' title="bbox 958 2343 1753 2470">
     <span class='ocr_line' id='line_1_109' title="bbox 958 2343 1752 2380; baseline 0.003 -9"><span class='ocrx_word' id='word_1_800' title='bbox 958 2346 1084 2380; x_wconf 74' lang='lat' dir='ltr'>gignitur,</span> <span class='ocrx_word' id='word_1_801' title='bbox 1105 2345 1186 2372; x_wconf 88' lang='lat' dir='ltr'>alitur</span> <span class='ocrx_word' id='word_1_802' title='bbox 1208 2349 1287 2379; x_wconf 86' lang='lat' dir='ltr'>atque</span> <span class='ocrx_word' id='word_1_803' title='bbox 1312 2344 1421 2371; x_wconf 82' lang='lat' dir='ltr'>crescit.</span> <span class='ocrx_word' id='word_1_804' title='bbox 1437 2343 1503 2371; x_wconf 88' lang='lat' dir='ltr'>Nam</span> <span class='ocrx_word' id='word_1_805' title='bbox 1517 2348 1545 2371; x_wconf 85' lang='lat' dir='ltr'>et</span> <span class='ocrx_word' id='word_1_806' title='bbox 1561 2343 1678 2372; x_wconf 76' lang='lat' dir='ltr'>defectui</span> <span class='ocrx_word' id='word_1_807' title='bbox 1693 2344 1752 2380; x_wconf 83' lang='lat' dir='ltr'>ejus</span> 
     </span>
     <span class='ocr_line' id='line_1_110' title="bbox 959 2385 1753 2428; baseline -0.001 -8"><span class='ocrx_word' id='word_1_808' title='bbox 959 2394 1155 2428; x_wconf 83' lang='lat' dir='ltr'>compatiuntur</span> <span class='ocrx_word' id='word_1_809' title='bbox 1178 2393 1308 2419; x_wconf 87' lang='lat' dir='ltr'>elementa</span> <span class='ocrx_word' id='word_1_810' title='bbox 1323 2411 1330 2424; x_wconf 96' lang='lat'>,</span> <span class='ocrx_word' id='word_1_811' title='bbox 1353 2394 1381 2418; x_wconf 87' lang='lat' dir='ltr'>et</span> <span class='ocrx_word' id='word_1_812' title='bbox 1403 2385 1529 2425; x_wconf 82' lang='lat' dir='ltr'>processu</span> <span class='ocrx_word' id='word_1_813' title='bbox 1545 2391 1603 2424; x_wconf 81' lang='lat' dir='ltr'>eius</span> <span class='ocrx_word' id='word_1_814' title='bbox 1614 2399 1674 2425; x_wconf 79' lang='lat' dir='ltr'>qnae</span> <span class='ocrx_word' id='word_1_815' title='bbox 1695 2390 1753 2419; x_wconf 76' lang='lat' dir='ltr'>sue-</span> 
     </span>
     <span class='ocr_line' id='line_1_111' title="bbox 960 2436 1752 2470; baseline -0.003 -5"><span class='ocrx_word' id='word_1_816' title='bbox 960 2439 1015 2466; x_wconf 92' lang='lat' dir='ltr'>rint</span> <span class='ocrx_word' id='word_1_817' title='bbox 1029 2437 1163 2465; x_wconf 82' lang='lat' dir='ltr'>exinanita</span> <span class='ocrx_word' id='word_1_818' title='bbox 1179 2436 1347 2464; x_wconf 87' lang='lat' dir='ltr'>cumulantur</span> <span class='ocrx_word' id='word_1_819' title='bbox 1357 2456 1365 2470; x_wconf 92' lang='lat'>,</span> <span class='ocrx_word' id='word_1_820' title='bbox 1381 2440 1409 2463; x_wconf 86' lang='grc' dir='ltr'>ιιι</span> <span class='ocrx_word' id='word_1_821' title='bbox 1424 2436 1596 2463; x_wconf 84' lang='lat' dir='ltr'>animantium</span> <span class='ocrx_word' id='word_1_822' title='bbox 1611 2436 1752 2464; x_wconf 81' lang='lat' dir='ltr'>cerebrum</span> 
     </span>
    </p>
   </div>
   <div class='ocr_carea' id='block_1_19' title="bbox 958 2491 1798 2527">
    <p class='ocr_par' dir='ltr' id='par_1_27' title="bbox 958 2491 1798 2527">
     <span class='ocr_line' id='line_1_112' title="bbox 958 2491 1798 2527; baseline 0.001 -7"><span class='ocrx_word' id='word_1_823' title='bbox 958 2494 1043 2527; x_wconf 82' lang='lat' dir='ltr'>ipsius</span> <span class='ocrx_word' id='word_1_824' title='bbox 1060 2497 1148 2519; x_wconf 76' lang='lat' dir='ltr'>niente</span> <span class='ocrx_word' id='word_1_825' title='bbox 1162 2493 1210 2519; x_wconf 86' lang='lat' dir='ltr'>lias</span> <span class='ocrx_word' id='word_1_826' title='bbox 1225 2500 1274 2520; x_wconf 84' lang='lat' dir='ltr'>nos</span> <span class='ocrx_word' id='word_1_827' title='bbox 1292 2492 1395 2526; x_wconf 83' lang='lat' dir='ltr'>species</span> <span class='ocrx_word' id='word_1_828' title='bbox 1409 2495 1463 2518; x_wconf 86' lang='lat' dir='ltr'>tum</span> <span class='ocrx_word' id='word_1_829' title='bbox 1480 2491 1522 2519; x_wconf 79' lang='lat' dir='ltr'>liic</span> <span class='ocrx_word' id='word_1_830' title='bbox 1534 2511 1542 2523; x_wconf 80' lang='grc'><strong>.</strong></span> <span class='ocrx_word' id='word_1_831' title='bbox 1559 2496 1614 2518; x_wconf 89' lang='lat' dir='ltr'>tum</span> <span class='ocrx_word' id='word_1_832' title='bbox 1628 2492 1709 2520; x_wconf 89' lang='lat' dir='ltr'>etiam</span> <span class='ocrx_word' id='word_1_833' title='bbox 1723 2492 1752 2521; x_wconf 79' lang='lat' dir='ltr'>in</span> <span class='ocrx_word' id='word_1_834' title='bbox 1787 2517 1798 2525; x_wconf 62' lang='lat'>„</span> 
     </span>
    </p>
   </div>
   <div class='ocr_carea' id='block_1_20' title="bbox 957 2527 1751 2740">
    <p class='ocr_par' dir='ltr' id='par_1_28' title="bbox 957 2527 1751 2705">
     <span class='ocr_line' id='line_1_113' title="bbox 959 2527 1751 2564; baseline 0 -9"><span class='ocrx_word' id='word_1_835' title='bbox 959 2528 1132 2564; x_wconf 74' lang='lat' dir='ltr'>Etymologiis</span> <span class='ocrx_word' id='word_1_836' title='bbox 1146 2527 1360 2555; x_wconf 72' lang='lat' dir='ltr'>reformavimus.</span> <span class='ocrx_word' id='word_1_837' title='bbox 1377 2527 1503 2555; x_wconf 86' lang='lat' dir='ltr'>Sectilem</span> <span class='ocrx_word' id='word_1_838' title='bbox 1514 2530 1604 2555; x_wconf 84' lang='lat' dir='ltr'>autem</span> <span class='ocrx_word' id='word_1_839' title='bbox 1621 2534 1674 2555; x_wconf 89' lang='lat' dir='ltr'>non</span> <span class='ocrx_word' id='word_1_840' title='bbox 1687 2535 1751 2555; x_wconf 81' lang='lat' dir='ltr'>sex-</span> 
     </span>
     <span class='ocr_line' id='line_1_114' title="bbox 959 2562 1749 2605; baseline 0 -14"><span class='ocrx_word' id='word_1_841' title='bbox 959 2565 1031 2605; x_wconf 79' lang='lat' dir='ltr'>tilem</span> <span class='ocrx_word' id='word_1_842' title='bbox 1048 2572 1079 2591; x_wconf 86' lang='lat' dir='ltr'>ex</span> <span class='ocrx_word' id='word_1_843' title='bbox 1104 2563 1238 2590; x_wconf 79' lang='lat' dir='ltr'>veteribus</span> <span class='ocrx_word' id='word_1_844' title='bbox 1261 2563 1336 2590; x_wconf 88' lang='lat' dir='ltr'>libris</span> <span class='ocrx_word' id='word_1_845' title='bbox 1359 2563 1524 2597; x_wconf 86' lang='lat' dir='ltr'>appellamus</span> <span class='ocrx_word' id='word_1_846' title='bbox 1546 2562 1684 2590; x_wconf 83' lang='lat' dir='ltr'>dimidiam</span> <span class='ocrx_word' id='word_1_847' title='bbox 1705 2562 1749 2591; x_wconf 82' lang='lat' dir='ltr'>vel</span> 
     </span>
     <span class='ocr_line' id='line_1_115' title="bbox 958 2607 1751 2667; baseline 0 -6"><span class='ocrx_word' id='word_1_848' title='bbox 958 2607 1112 2662; x_wconf 35' lang='lat'>...7¹:352</span> <span class='ocrx_word' id='word_1_849' title='bbox 1132 2632 1318 2661; x_wconf 71' lang='lat' dir='ltr'>tenu-oriani</span> <span class='ocrx_word' id='word_1_850' title='bbox 1342 2636 1416 2667; x_wconf 69' lang='lat' dir='ltr'>erat,</span> <span class='ocrx_word' id='word_1_851' title='bbox 1437 2633 1539 2660; x_wconf 70' lang='lat' dir='ltr'>tentam</span> <span class='ocrx_word' id='word_1_852' title='bbox 1556 2632 1692 2660; x_wconf 74' lang='lat' dir='ltr'>dimidiam</span> <span class='ocrx_word' id='word_1_853' title='bbox 1716 2639 1751 2661; x_wconf 68' lang='grc' dir='ltr'>ιε</span> 
     </span>
     <span class='ocr_line' id='line_1_116' title="bbox 957 2672 1167 2705; baseline 0 -8"><span class='ocrx_word' id='word_1_854' title='bbox 957 2672 1064 2705; x_wconf 75' lang='lat' dir='ltr'>majore.</span> <span class='ocrx_word' id='word_1_855' title='bbox 1081 2672 1167 2697; x_wconf 74' lang='lat' dir='ltr'>Ancv.</span> 
     </span>
    </p>

    <p class='ocr_par' dir='ltr' id='par_1_29' title="bbox 993 2701 1751 2740">
     <span class='ocr_line' id='line_1_117' title="bbox 993 2701 1751 2740; baseline -0.003 -8"><span class='ocrx_word' id='word_1_856' title='bbox 993 2706 1058 2732; x_wconf 64' lang='lat' dir='ltr'>Gne.</span> <span class='ocrx_word' id='word_1_857' title='bbox 1076 2704 1143 2732; x_wconf 70' lang='lat' dir='ltr'>xlx.</span> <span class='ocrx_word' id='word_1_858' title='bbox 1157 2719 1192 2725; x_wconf 91' lang='lat'>-</span> <span class='ocrx_word' id='word_1_859' title='bbox 1206 2704 1238 2732; x_wconf 84' lang='lat' dir='ltr'>N.</span> <span class='ocrx_word' id='word_1_860' title='bbox 1255 2705 1279 2731; x_wconf 91' lang='lat' dir='ltr'>l.</span> <span class='ocrx_word' id='word_1_861' title='bbox 1294 2704 1393 2732; x_wconf 81' lang='lat' dir='ltr'>Lunam</span> <span class='ocrx_word' id='word_1_862' title='bbox 1408 2711 1452 2740; x_wconf 78' lang='lat' dir='ltr'>per</span> <span class='ocrx_word' id='word_1_863' title='bbox 1463 2702 1530 2731; x_wconf 73' lang='lat' dir='ltr'>atto·</span> <span class='ocrx_word' id='word_1_864' title='bbox 1549 2706 1654 2733; x_wconf 60' lang='lat' dir='ltr'>ertum..</span> <span class='ocrx_word' id='word_1_865' title='bbox 1666 2701 1751 2738; x_wconf 62' lang='lat' dir='ltr'>maus</span> 
     </span>
    </p>
   </div>
   <div class='ocr_carea' id='block_1_21' title="bbox 958 2737 1803 2778">
    <p class='ocr_par' dir='ltr' id='par_1_30' title="bbox 958 2737 1803 2778">
     <span class='ocr_line' id='line_1_118' title="bbox 958 2737 1803 2778; baseline -0.001 -11"><span class='ocrx_word' id='word_1_866' title='bbox 958 2749 1035 2773; x_wconf 78' lang='lat' dir='ltr'>quam</span> <span class='ocrx_word' id='word_1_867' title='bbox 1046 2746 1122 2767; x_wconf 75' lang='lat' dir='ltr'>stare.</span> <span class='ocrx_word' id='word_1_868' title='bbox 1135 2740 1221 2768; x_wconf 77' lang='lat' dir='ltr'>Verba</span> <span class='ocrx_word' id='word_1_869' title='bbox 1239 2745 1300 2767; x_wconf 87' lang='lat' dir='ltr'>sunt</span> <span class='ocrx_word' id='word_1_870' title='bbox 1313 2739 1407 2775; x_wconf 75' lang='lat' dir='ltr'>Hygini</span> <span class='ocrx_word' id='word_1_871' title='bbox 1421 2740 1508 2767; x_wconf 76' lang='lat' dir='ltr'>omnia</span> <span class='ocrx_word' id='word_1_872' title='bbox 1522 2760 1530 2774; x_wconf 83' lang='grc'>,</span> <span class='ocrx_word' id='word_1_873' title='bbox 1545 2737 1608 2766; x_wconf 80' lang='lat' dir='ltr'>licet</span> <span class='ocrx_word' id='word_1_874' title='bbox 1617 2745 1670 2766; x_wconf 83' lang='lat' dir='ltr'>nott</span> <span class='ocrx_word' id='word_1_875' title='bbox 1685 2745 1752 2766; x_wconf 75' lang='lat' dir='ltr'>eo·-</span> <span class='ocrx_word' id='word_1_876' title='bbox 1800 2776 1803 2778; x_wconf 67' lang='lat'>‚</span> 
     </span>
    </p>
   </div>
   <div class='ocr_carea' id='block_1_22' title="bbox 959 2775 1801 2953">
    <p class='ocr_par' dir='ltr' id='par_1_31' title="bbox 959 2775 1801 2850">
     <span class='ocr_line' id='line_1_119' title="bbox 959 2775 1801 2811; baseline -0.002 -8"><span class='ocrx_word' id='word_1_877' title='bbox 959 2776 1074 2804; x_wconf 76' lang='lat' dir='ltr'>tinentei·</span> <span class='ocrx_word' id='word_1_878' title='bbox 1090 2777 1158 2809; x_wconf 86' lang='lat' dir='ltr'>apud</span> <span class='ocrx_word' id='word_1_879' title='bbox 1171 2783 1232 2803; x_wconf 90' lang='lat' dir='ltr'>eum</span> <span class='ocrx_word' id='word_1_880' title='bbox 1254 2775 1383 2810; x_wconf 75' lang='lat' dir='ltr'>legantur.</span> <span class='ocrx_word' id='word_1_881' title='bbox 1778 2799 1787 2811; x_wconf 75' lang='lat'>‚-</span> <span class='ocrx_word' id='word_1_882' title='bbox 1800 2790 1801 2795; x_wconf 65' lang='lat'>=</span> 
     </span>
     <span class='ocr_line' id='line_1_120' title="bbox 995 2807 1790 2850; baseline -0.001 -12"><span class='ocrx_word' id='word_1_883' title='bbox 995 2810 1010 2838; x_wconf 92' lang='lat'><em>1</em></span> <span class='ocrx_word' id='word_1_884' title='bbox 1013 2811 1065 2838; x_wconf 75' lang='lat' dir='ltr'>bid.</span> <span class='ocrx_word' id='word_1_885' title='bbox 1074 2811 1159 2838; x_wconf 69' lang='lat' dir='ltr'>Terris</span> <span class='ocrx_word' id='word_1_886' title='bbox 1167 2815 1252 2838; x_wconf 79' lang='lat' dir='ltr'>autem</span> <span class='ocrx_word' id='word_1_887' title='bbox 1258 2811 1340 2838; x_wconf 72' lang='lat' dir='ltr'>vicina</span> <span class='ocrx_word' id='word_1_888' title='bbox 1349 2809 1445 2839; x_wconf 71' lang='lat' dir='ltr'>tum...</span> <span class='ocrx_word' id='word_1_889' title='bbox 1451 2809 1586 2850; x_wconf 64' lang='lat' dir='ltr'>percurrit.</span> <span class='ocrx_word' id='word_1_890' title='bbox 1594 2807 1754 2842; x_wconf 58' lang='lat' dir='ltr'>Verbesitttt</span> <span class='ocrx_word' id='word_1_891' title='bbox 1760 2822 1790 2840; x_wconf 59' lang='grc' dir='ltr'>ι»,</span> 
     </span>
    </p>

    <p class='ocr_par' dir='ltr' id='par_1_32' title="bbox 960 2843 1752 2916">
     <span class='ocr_line' id='line_1_121' title="bbox 960 2843 1751 2881; baseline -0.001 -7"><span class='ocrx_word' id='word_1_892' title='bbox 960 2845 1115 2881; x_wconf 62' lang='lat' dir='ltr'>lutei-pretia</span> <span class='ocrx_word' id='word_1_893' title='bbox 1122 2848 1208 2879; x_wconf 73' lang='lat' dir='ltr'>Anu,</span> <span class='ocrx_word' id='word_1_894' title='bbox 1216 2850 1329 2873; x_wconf 81' lang='lat' dir='ltr'>numero</span> <span class='ocrx_word' id='word_1_895' title='bbox 1336 2845 1440 2874; x_wconf 77' lang='lat' dir='ltr'>dierum</span> <span class='ocrx_word' id='word_1_896' title='bbox 1446 2843 1517 2873; x_wconf 70' lang='lat' dir='ltr'>lium</span> <span class='ocrx_word' id='word_1_897' title='bbox 1525 2849 1627 2873; x_wconf 81' lang='lat' dir='ltr'>tantum</span> <span class='ocrx_word' id='word_1_898' title='bbox 1636 2846 1751 2873; x_wconf 74' lang='lat' dir='ltr'>mutato.</span> 
     </span>
     <span class='ocr_line' id='line_1_122' title="bbox 995 2879 1752 2916; baseline 0 -7"><span class='ocrx_word' id='word_1_899' title='bbox 995 2882 1024 2910; x_wconf 79' lang='lat'>2.</span> <span class='ocrx_word' id='word_1_900' title='bbox 1042 2880 1134 2916; x_wconf 76' lang='lat' dir='ltr'>Itaque</span> <span class='ocrx_word' id='word_1_901' title='bbox 1147 2882 1209 2908; x_wconf 72' lang='lat' dir='ltr'>tanet</span> <span class='ocrx_word' id='word_1_902' title='bbox 1227 2889 1273 2915; x_wconf 79' lang='lat' dir='ltr'>per</span> <span class='ocrx_word' id='word_1_903' title='bbox 1287 2881 1429 2910; x_wconf 69' lang='lat' dir='ltr'>tricenos...</span> <span class='ocrx_word' id='word_1_904' title='bbox 1443 2879 1576 2908; x_wconf 71' lang='lat' dir='ltr'>celebrato.</span> <span class='ocrx_word' id='word_1_905' title='bbox 1587 2879 1674 2909; x_wconf 64' lang='lat' dir='ltr'>Vod-</span> <span class='ocrx_word' id='word_1_906' title='bbox 1685 2881 1752 2909; x_wconf 62' lang='grc'><strong>111118</strong></span> 
     </span>
    </p>

    <p class='ocr_par' dir='ltr' id='par_1_33' title="bbox 959 2913 1785 2953">
     <span class='ocr_line' id='line_1_123' title="bbox 959 2913 1785 2953; baseline -0.004 -7"><span class='ocrx_word' id='word_1_907' title='bbox 959 2917 1094 2946; x_wconf 69' lang='lat' dir='ltr'>Ambrosii</span> <span class='ocrx_word' id='word_1_908' title='bbox 1108 2917 1156 2944; x_wconf 86' lang='lat' dir='ltr'>lib.</span> <span class='ocrx_word' id='word_1_909' title='bbox 1171 2921 1284 2953; x_wconf 68' lang='lat' dir='ltr'>moe-p.</span> <span class='ocrx_word' id='word_1_910' title='bbox 1297 2913 1326 2944; x_wconf 71' lang='grc' dir='ltr'>ὅ.</span> <span class='ocrx_word' id='word_1_911' title='bbox 1387 2921 1394 2926; x_wconf 89' lang='grc'><strong>’</strong></span> <span class='ocrx_word' id='word_1_912' title='bbox 1783 2918 1785 2921; x_wconf 90' lang='grc'><strong>“</strong></span> 
     </span>
    </p>
   </div>
   <div class='ocr_carea' id='block_1_23' title="bbox 1770 0 1832 563">
    <p class='ocr_par' dir='ltr' id='par_1_34' title="bbox 1770 0 1832 563">
     <span class='ocr_line' id='line_1_124' title="bbox 1770 0 1832 563; baseline 0 2453"><span class='ocrx_word' id='word_1_913' title='bbox 1770 0 1832 563; x_wconf 95' lang='lat' dir='ltr'> </span> 
     </span>
    </p>
   </div>
  </div>
 </body>
</html>
