1832 3016
42 136 94 166 οἰδ

52 239 154 267 raelitae
165 242 228 266 sunt
241 237 396 271 nuncupati.
417 236 474 264 Boe
485 240 605 270 tempore
615 242 725 269 regnum
741 235 817 264 Grae-

42 293 118 312 orum
134 285 254 318 inchoat,
271 283 316 311 ubi
331 283 433 317 primus
447 281 568 316 regnavit
579 280 705 308 Inachus.

61 333 104 360 15.
122 331 215 368 [3435]
238 329 334 363 Jacob,
359 336 491 356 annorum
511 335 563 362 xci,
589 328 682 363 genuit
702 328 814 362 loseph.

27 378 73 406 tlis
100 377 263 413 temporibus
295 376 423 410 Serapis,
453 375 526 403 lovis
558 374 628 402 iilius
641 397 649 409 ,
676 374 816 410 AEgyptio-

30 433 84 452 ιυιυ
110 432 156 452 rex
168 443 177 458 ,
197 423 314 451 moriens
327 442 335 455 ,
358 422 384 449 in
402 421 467 449 deos
483 421 650 454 transfertur,
679 427 707 449 et
733 421 816 448 Mem-

25 471 84 498 ‘inis
106 471 198 498 civitas
221 469 247 496 in
273 468 390 503 AEgypto
418 467 552 495 conditur.
583 467 659 495 Tunc
681 466 750 502 apud
777 466 816 494 la-

42 525 85 545 um
112 515 276 544 Tritonidem
294 514 411 543 Minerva
438 515 465 541 in
485 514 574 549 specie
593 514 716 548 virginali
734 520 816 548 appa-

29 563 94 595 tuit,
120 569 180 596 quae
204 561 326 596 plurimis
354 561 483 588 claruisse
506 560 621 595 ingeniis
643 559 814 594 praedicatur.

25 608 164 636 tlaeceniin
179 607 316 634 inventrix
332 606 440 633 labricae
462 606 544 633 fuisse
567 606 673 638 dicitur,
689 606 811 640 clypeum

40 660 151 684 tarcum
168 656 224 682 haec
237 654 353 689 reperit,
370 653 452 680 ordiri
468 653 548 680 telam
562 657 588 680 et
601 652 723 680 colorare
740 651 815 678 lanas

66 710 79 729 e
86 703 186 729 docuit.
195 701 248 728 liae
254 701 333 727 etiam
341 704 420 727 aetate
427 700 584 726 Phoroneus
592 706 638 726 rex
647 697 736 726 lnachi
745 698 814 726 iilius

37 747 129 781 lai-uit,
139 747 181 780 qui
191 746 292 780 primus
303 747 327 772 in
338 745 438 772 Graecia
448 745 520 779 leges
529 744 681 779 judiciaque
690 744 813 771 instituit.

56 792 100 820 ¹6.
125 792 217 829 [5545]
238 787 338 826 loseph
354 791 419 818 vixit
432 799 516 818 annos
531 799 574 819 cx.
593 790 632 818 Ex
646 790 697 818 hoc
713 794 815 824 tempo-

27 847 49 866 «ε
73 838 194 872 Graecia,
218 840 288 872 Argo
311 842 456 872 regnante,
472 837 572 865 habere
596 841 703 872 segetes
721 836 813 871 coepit,

54 885 114 912 latis
129 885 235 912 aliunde
246 884 402 911 seminibus.

55 929 147 966 [3689]
173 930 345 958 Hebraeorum
375 930 511 957 servitutis
539 931 565 957 in
600 929 717 965 AEgypto
751 930 811 956 anni

31 983 95 1002 niv
121 980 179 1010 post
208 975 309 1003 obitum
338 975 438 1010 Josepli
464 975 643 1009 reperiuntur.
673 975 719 1002 llis
745 979 813 1002 tem-

37 1021 128 1048 oribus
155 1021 332 1049 Prometheus
351 1020 435 1048 fuisse
457 1021 599 1054 scribitur,
616 1028 695 1056 quem
712 1021 814 1056 fingunt

23 1067 116 1095 nbulae
148 1069 181 1096 de
206 1069 263 1096 luto
297 1067 428 1096 formasse
459 1067 592 1095 homines.
630 1068 705 1096 Tunc
732 1069 813 1096 etiam

24 1153 56 1171 ,tr
69 1154 247 1180 persequemur
257 1153 266 1173 .·
275 1154 345 1180 reyes
353 1146 437 1181 Arqivi
446 1146 476 1172 ab
486 1146 597 1179 Inacho,
608 1155 688 1181 usque
699 1146 725 1173 t'n
736 1146 813 1174 sthe-

34 1181 200 1213 mumfilium
207 1180 321 1214 Crotopi.
329 1181 412 1215 Quem
420 1182 506 1208 locum
514 1190 546 1209 ex
556 1183 650 1209 veteri.
660 1182 707 1209 tls.
717 1183 750 1209 ita
758 1188 813 1210 'cor-

26 1224 75 1250 vige
89 1226 94 1242 :
111 1216 200 1243 Castor
213 1217 243 1243 de
254 1217 405 1251 Aryium-um
416 1226 495 1252 reqno
511 1218 547 1243 ita
569 1218 681 1250 loesuitur
698 1226 706 1244 :
722 1226 813 1251 perse-

29 1260 124 1278 vnenmr
134 1258 312 1286 consequenter
323 1261 392 1288 rege-a
405 1253 556 1287 Arqivorum
567 1253 598 1279 ab
615 1252 719 1285 Inacho,
734 1262 813 1287 usque

23 1296 46 1314 ιι
60 1287 258 1320 Sthenetatum‚
283 1292 335 1314 etc.
359 1289 504 1315 Pausanias
532 1289 634 1321 etiam,
659 1288 704 1316 lib.
722 1297 740 1315 tt
762 1289 812 1316 Co-

27 1322 142 1349 nnthiac.
175 1323 328 1350 Sthenelum
356 1323 437 1350 [ilium
460 1324 567 1356 Crotopi
591 1323 664 1350 facit.
698 1324 735 1351 De
761 1324 812 1351 hoc

35 1362 144 1392 ¹ugust..
162 1357 207 1385 lib.
225 1366 299 1389 xviii.
325 1365 385 1392 cap.
409 1359 436 1390 8,
460 1358 566 1385 Civitat.
581 1366 588 1385 ι
608 1358 755 1390 Phorolias,
771 1360 812 1386 in-

30 1394 86 1424 urit,
102 1401 146 1419 rex
156 1393 306 1428 Arqivorum
321 1398 406 1419 sextus
422 1394 486 1427 snit.
506 1399 528 1419 et
543 1393 644 1427 septimi
657 1395 723 1428 reyis
737 1394 811 1421 Trio-

29 1436 59 1455 .oe
71 1428 140 1462 lilius
152 1428 240 1460 tusus,
254 1433 276 1454 et
287 1435 332 1454 rex
344 1436 426 1454 nonus
433 1427 578 1457 Sthenelus,
588 1429 638 1454 sive
645 1428 811 1462 stheneleus,

33 1471 69 1490 cve
83 1463 228 1496 sthenelus,
242 1464 309 1490 varie
320 1465 413 1499 quippe
422 1466 449 1490 in
463 1464 568 1491 diversis
581 1464 726 1490 auctoribus
742 1465 812 1491 inve-

35 1499 97 1525 itur.
114 1499 175 1526 iiaec
190 1500 301 1532 August.

55 1533 99 1561 ¹5.
119 1534 146 1561 ln
160 1535 212 1561 alio
234 1534 283 1562 Ms.
298 1542 304 1561 z
320 1534 384 1561 Erat
404 1533 486 1561 Jacob
509 1543 637 1562 annorum
661 1543 810 1566 umerum

29 1569 157 1600 nendose,
174 1574 202 1596 ut
214 1577 246 1597 ex
263 1570 346 1597 sacris
368 1569 462 1598 litteris
478 1571 616 1597 manifesta
632 1571 812 1604 computatio-

42 1639 149 1667 baraoni
162 1641 232 1675 regis
239 1641 357 1667 omnium
371 1642 736 1674 interpretaretur,aniioruin
752 1645 811 1668 erat

45 1674 126 1710 iginta
138 1696 146 1708 ‚
162 1677 285 1709 princeps
300 1677 379 1702 totius
395 1675 505 1711 AEgypti
519 1677 693 1710 constitutus,
710 1676 809 1704 Genes.

53 1717 77 1744 p.
93 1709 137 1738 tt.
159 1711 242 1744 idem,
258 1711 320 1738 dum
334 1719 382 1745 per
397 1711 493 1739 iratres
509 1716 611 1745 patrem
630 1712 811 1746 accersiriju-

55 1750 76 1780 t,
91 1753 220 1772 annorum
237 1746 344 1781 triginta
357 1754 462 1773 novem.
484 1746 549 1774 Nam
565 1751 668 1781 septem
682 1748 715 1773 al)
730 1755 811 1781 expo-

26 1785 71 1807 «ito
96 1782 201 1808 somnio
221 1781 369 1808 sterilitatis
392 1782 433 1809 ela
453 1783 475 1808 si
500 1783 623 1814 l'uerant,
649 1787 675 1809 et
691 1782 811 1810 secundo

30 1816 181 1843 vbundantia
194 1815 250 1850 jam
260 1815 316 1843 sere
329 1822 422 1843 exacto
449 1818 515 1845 acob
529 1818 554 1844 in
569 1817 713 1852 AEgyptum
726 1819 808 1850 venit,

34 1858 118 1878 venes.
134 1859 195 1884 xnv,
206 1856 233 1878 et
242 1859 331 1879 coram
346 1851 485 1879 Pharaone
497 1853 633 1887 respondit
648 1853 709 1879 sein
720 1858 811 1881 cente-

29 1894 90 1913 ·imo
99 1887 236 1922 trigesimo
246 1887 331 1914 aetatis
339 1895 410 1914 anno
424 1889 606 1920 constitutum,
620 1888 718 1915 Genes.
727 1897 809 1916 xtvu.

33 1922 49 1947 ·i
59 1922 147 1955 itaque
158 1922 336 1949 subducamus
345 1930 425 1949 xxxix
436 1931 531 1956 annos,
544 1931 558 1950 a
567 1928 674 1951 centum
691 1925 807 1958 triginta,

39 1957 196 1984 §manebunt
207 1958 298 1992 utique
311 1958 455 1991 nonaginta
466 1963 494 1986 et
507 1967 574 1986 unus
585 1959 659 1991 anni,
671 1967 738 1994 quos
753 1967 811 1994 age-

29 1995 66 2019 nt
79 1991 178 2024 Jacob.
195 1993 257 2019 dum
273 1993 371 2027 Josepli
387 1993 414 2020 in
428 1998 566 2021 senectute
579 1995 680 2029 genuit.

56 2026 125 2053 Ibid.
139 2027 255 2062 Serapis.
263 2029 386 2055 Clemens
397 2029 604 2061 Alexandrinus,
615 2030 660 2056 lib.
673 2029 808 2056 iStrom.:

44 2063 93 2097 pis,
116 2063 210 2097 inquit,
226 2071 271 2090 rex
287 2064 449 2098 Argivorum,
466 2064 764 2100 certificavitsslempltiin,
783 2070 811 2092 ut

29 2098 83 2124 iecit
98 2098 243 2131 Aristippus
254 2099 282 2124 in
293 2099 375 2132 primo
397 2098 588 2126 Arcadicorum.
610 2100 728 2134 Aristeas
744 2107 810 2127 vero

34 2133 136 2168 irgivus
151 2133 215 2160 dicit
230 2141 292 2160 eum
305 2134 471 2161 nominatum
484 2142 545 2162 esse
560 2134 694 2169 Sarapim,
710 2139 738 2162 et
748 2143 808 2162 eum

104 2175 183 2202 quern
216 2169 306 2196 colunt
334 2169 465 2204 AEgyptii.
500 2170 697 2205 Niinphodorus
721 2177 808 2198 autem

34 2203 271 2238 imphipolitanus,
296 2205 322 2231 in
344 2206 422 2232 tertio
440 2205 473 2232 de
495 2205 609 2241 Legibus
630 2207 699 2233 Asioe
712 2226 720 2238 ‚
745 2206 810 2233 dicit

35 2238 101 2272 ipim
117 2243 218 2266 tantum
234 2244 384 2272 mortuum,
399 2244 426 2267 et
436 2240 573 2267 conditum
590 2241 687 2274 loculo,
705 2241 750 2276 qui
765 2246 809 2268 Σο-

44 2274 49 2282 “
87 2273 180 2302 Graece
202 2275 310 2308 dicitur,
337 2275 471 2310 fuisseque
494 2277 642 2310 repositum
664 2277 690 2303 in
710 2278 808 2312 templo

44 2345 143 2378 orapim
155 2364 164 2376 ,
180 2349 206 2372 et
226 2350 316 2379 postea
338 2346 452 2379 quadam
467 2354 560 2373 eorum
579 2347 625 2381 qui
639 2347 692 2374 illic
709 2347 810 2375 liabita-

31 2384 88 2406 nant
99 2379 294 2407 consuetudine
318 2379 455 2416 Sarapim3
471 2387 513 2409 est
534 2388 623 2409 antem
636 2382 701 2417 Apis
715 2383 809 2410 tertius

30 2413 58 2440 it,
69 2413 177 2446 Inacho,
192 2414 238 2448 qui
251 2415 325 2443 locus
336 2416 370 2443 ad
385 2417 494 2444 verbum
513 2422 555 2444 est
569 2418 639 2453 apud
653 2418 808 2452 Eusebium,

32 2448 71 2475 ub.
99 2457 115 2476 x
138 2449 282 2510 Praessarat.
306 2450 373 2478 Vide
391 2453 544 2487 Angustin„
566 2449 602 2480 ex
618 2453 809 2485 varron.,lit›.

31 2491 102 2517 vvnt,
113 2491 171 2518 cap.
208 2505 215 2518 ,
231 2484 352 2518 Civitat.;
375 2485 511 2521 Tacitum,
537 2488 582 2516 lib.
598 2496 647 2521 xx;
671 2493 698 2516 et
710 2489 810 2516 lulium

34 2519 182 2552 ·'irmicuin‚
197 2519 224 2546 in
243 2521 348 2548 erudito
361 2520 451 2549 libello
462 2522 496 2550 de
515 2522 649 2559 mysteriis
663 2529 690 2553 et
706 2525 812 2553 Errori-

30 2561 74 2581 uus
86 2555 254 2588 profanarum
271 2554 441 2590 religionum.

63 2588 130 2616 loid-
156 2589 185 2616 ln
199 2593 262 2616 nota
289 2590 392 2618 Loaisae
413 2596 472 2620 erat
496 2594 594 2622 somnio
618 2595 771 2623 sterilitatis.
783 2613 791 2623 .
801 2614 809 2623 .

53 2625 137 2652 cundo
148 2624 322 2653 abundantias.
337 2625 422 2654 Aasv.

43 2695 46 2699 ⁴
62 2658 114 2723 161.ι
127 2660 215 2722 Δᾶευε
228 2660 277 2688 tuit
289 2666 398 2696 quartus
412 2662 568 2697 Argivorum
582 2671 644 2700 rex,
653 2666 725 2695 tilius
735 2666 811 2702 Apis.

33 2701 96 2723 muse
117 2713 126 2722 .
165 2702 240 2722 ιιι-οη.

60 2727 291 2771 μνᾶιῶιενυῐιιιιίιἒ
310 2728 469 2768 Egyptian
492 2733 608 2763 servitus
621 2734 706 2763 tribus
726 2737 814 2765 modis

95 2769 166 2793 utari
179 2766 258 2798 solet,
280 2772 356 2800 Juxta
371 2767 422 2800 tria
435 2767 540 2797 diversa
551 2773 605 2798 tem
643 2778 701 2798 rum
724 2771 811 2800 initia.

69 2830 85 2835 .,
131 2800 166 2828 ab
180 2799 225 2829 illa
235 2801 404 2831 memorabili
416 2803 595 2837 promissione
614 2809 674 2833 acta
685 2805 812 2843 Almia,

117 2842 172 2863 .xu
185 2834 331 2872 :Eqrodere
337 2837 370 2865 de
378 2841 447 2866 terra
458 2842 513 2872 tua,
522 2839 588 2868 etde
597 2841 811 2875 mancionatas,

57 2867 171 2917 qs'domo
175 2871 258 2907 patrio
264 2871 310 2908 tui,
316 2877 339 2902 st
347 2874 401 2903 veni
411 2874 542 2903 interram
548 2882 628 2911 quom
638 2879 811 2906 monstravero

53 2946 81 2962 4

66 2974 74 2989 Ι

754 134 961 164 canonicos.

26 193 129 221 wundus
143 192 237 225 Jacob,
253 192 299 227 qni
313 191 516 226 cognominatus
528 193 570 217 est
584 188 675 222 lsrael,
698 197 713 216 a
727 197 780 224 quo
790 196 817 218 et
831 168 952 224 vAfrater
974 191 1034 226 ejus
1057 191 1132 219 Atlas
1156 191 1329 227 astrologiam
1357 193 1476 228 reperit,
1502 197 1660 229 motumque

30 2309 153 2336 naemonis
174 2310 220 2343 qui
241 2311 393 2342 colebatur;
410 2316 437 2338 et
452 2311 513 2338 hinc
533 2312 696 2346 appellatum
727 2312 809 2340 ruisse
822 2299 848 2329 D

1592 136 1661 166 ¹02⁶

868 238 929 266 coeli
955 243 983 266 et
1006 238 1137 266 rationem
1162 238 1265 273 primus
1289 239 1479 267 consideravit.
1504 239 1580 267 Tunc
1611 239 1661 269 luit

868 287 894 311 et
918 283 1086 318 Mercurius,
1118 290 1201 318 nepos
1226 283 1363 319 Atlantis,
1392 285 1535 312 multarum
1560 285 1659 314 artium

867 330 977 364 peritus.
1013 331 1066 365 72
1090 330 1124 357 Et
1154 330 1189 358 ob
1220 330 1271 358 hoe
1302 335 1362 365 post
1394 337 1507 359 mortem
1536 331 1563 359 in
1596 331 1661 361 deos

868 375 1023 403 translatus·
1046 375 1100 403 llac
1122 377 1202 404 etiam
1229 381 1308 405 aetate
1322 377 1424 412 primus
1447 377 1588 412 Proelytus
1601 385 1661 413 qua-

870 421 972 456 drigam
984 421 1072 456 junxit
1085 442 1092 454 ,
1109 422 1258 458 eodemque
1274 428 1395 458 tempore
1411 422 1529 458 Cecrops
1544 424 1662 452 Athenas

866 466 999 499 condidit,
1015 471 1044 495 et
1067 474 1100 494 ex
1126 469 1236 495 nomine
1254 468 1381 497 Minervae
1394 468 1499 496 Atticos
1514 469 1662 497 Athenien-

866 521 911 542 ses
923 513 1036 541 vocavit.
1057 513 1110 541 lste
1131 514 1210 541 etiam
1236 514 1330 541 bovem
1353 514 1496 542 immolans
1516 515 1620 550 primus
1634 515 1661 543 in

869 559 1004 586 sacrificio
1027 558 1121 593 gentili
1143 559 1197 586 ritu
1217 558 1311 586 Jovem
1327 558 1434 586 adorari
1448 560 1583 594 praecepit.
1606 560 1662 588 lloc

867 609 991 640 tempore
1007 605 1032 632 in
1048 605 1151 633 Graecia
1167 605 1311 633 Corinthus
1327 605 1435 632 condita
1447 625 1454 638 ,
1467 605 1558 641 ibique
1573 607 1660 641 pictu-

866 659 904 679 ιω
915 658 959 679 ars
982 659 998 679 a
1019 651 1152 679 Cleanthe
1178 656 1285 686 reperta
1297 657 1348 679 est.
1369 650 1444 678 Tunc
1460 652 1538 686 primi
1552 652 1663 680 Curetes

867 702 894 725 et
915 697 1084 733 corybantes
1110 697 1275 725 modulatam
1300 698 1327 724 in
1350 698 1433 724 armis
1453 698 1620 725 saltationem
1636 703 1664 726 et

867 752 1013 773 consonam
1036 746 1206 774 invenerunt.
1237 745 1312 772 Tunc
1333 746 1414 773 etiam
1440 745 1522 774 fuisse
1538 746 1663 774 scribitur

867 792 894 818 in
923 791 1063 819 Thessalia
1090 792 1140 820 sub
1166 793 1328 820 Deucalione
1358 792 1456 820 sactum
1483 793 1612 821 diluvium
1634 798 1662 822 et

868 837 1044 866 Phaethontis
1060 838 1213 866 fabulosum
1228 839 1393 867 incendium.

827 886 852 916 Β
901 884 944 911 17.
970 883 1060 919 [5729]
1076 884 1181 919 Moyses
1194 892 1277 912 annos
1302 893 1336 912 xi,
1362 885 1388 912 in
1409 893 1502 913 eremo
1521 885 1590 914 rexit
1617 893 1662 920 po-

868 931 958 965 pulum
979 931 1013 958 de
1039 931 1168 959 servitute
1193 932 1319 967 AEgyptia
1346 932 1498 960 liberatum.
1518 932 1574 959 Hoc
1596 937 1663 960 tem-

865 985 931 1012 pore
945 977 1030 1005 Judaei
1047 986 1094 1012 per
1114 978 1233 1014 Moysem
1252 979 1332 1006 simul
1347 986 1408 1006 cum
1435 979 1493 1014 lege
1520 984 1546 1007 et
1561 980 1663 1006 litteras

866 1024 964 1052 habere
984 1030 1135 1059 coeperunt.
1152 1025 1227 1053 Tunc
1245 1026 1374 1061 templum
1398 1026 1509 1061 Delphis
1521 1026 1648 1054 constitui

867 1074 925 1102 tur3
940 1071 1001 1098 vitis
1016 1071 1043 1098 in
1057 1070 1162 1099 Graecia
1179 1072 1325 1100 invenitur.

865 1149 920 1176 tibi.
942 1149 983 1176 Ab
1007 1149 1056 1176 hac
1070 1150 1149 1184 igitur
1170 1150 1333 1185 proiectione
1348 1151 1463 1178 Abrahae
1479 1152 1512 1178 de
1527 1151 1616 1179 tiaran
1634 1152 1660 1180 in

867 1190 968 1211 terram
993 1185 1130 1212 Chanaam
1145 1206 1152 1218 ,
1176 1193 1260 1220 usque
1284 1186 1317 1213 ad
1330 1187 1429 1214 exitum
1449 1187 1563 1214 [iliorum
1578 1188 1660 1215 lsrael

865 1220 898 1247 dc
921 1220 1097 1254 oppressione
1127 1226 1154 1248 et
1179 1222 1244 1248 dura
1270 1222 1396 1249 servitute
1421 1222 1566 1249 Pharaonis
1577 1243 1584 1254 ,
1600 1227 1663 1250 sunt

866 1256 929 1282 anni
943 1263 1028 1282 eoxxx
1043 1276 1050 1288 ,
1068 1261 1148 1290 atque
1163 1256 1199 1283 ita
1215 1264 1263 1284 eos
1278 1261 1418 1284 enumerat
1431 1257 1544 1290 Paulus,
1562 1258 1592 1284 ad
1610 1257 1662 1285 Ga-

866 1291 912 1318 lat.
941 1298 988 1318 in:
1017 1291 1126 1318 Ahrnhae
1145 1292 1220 1318 ‹iictoe
1245 1298 1303 1318 sunt
1324 1293 1522 1327 promissiones,
1536 1298 1558 1319 et
1572 1294 1662 1320 semini

864 1328 930 1360 ejus,
948 1331 999 1353 etc.
1015 1327 1048 1353 Et
1064 1328 1141 1360 paulo
1156 1331 1214 1359 post
1228 1335 1236 1354 ε
1252 1327 1311 1353 Hoc
1325 1333 1409 1354 autem
1425 1328 1482 1354 dico
1493 1337 1502 1354 :
1513 1327 1660 1355 Testamen-

864 1365 917 1387 lum
928 1362 1107 1395 confirmatum
1119 1370 1135 1388 α
1150 1362 1215 1395 Deo,
1240 1370 1297 1396 quoe
1310 1368 1366 1397 post
1377 1363 1576 1397 quadrinqentos
1587 1369 1609 1390 et
1621 1365 1661 1390 tri-

863 1397 933 1430 qinto
947 1405 1028 1423 annos
1044 1397 1112 1431 [acta
1124 1402 1160 1423 est
1173 1398 1223 1424 Iex.
1242 1398 1274 1423 Et
1290 1399 1374 1424 Exod.
1391 1406 1426 1425 ιιι
1439 1407 1444 1424 :
1466 1398 1600 1425 Habitntio
1613 1407 1660 1425 au-

863 1437 914 1458 tem
926 1432 1039 1464 filiorum
1055 1431 1158 1464 Israel,
1179 1441 1230 1466 qua
1250 1438 1398 1459 manserunt
1420 1434 1446 1459 in
1460 1433 1588 1468 AEyypto,
1610 1435 1660 1468 suit

862 1467 1109 1501 quadringentorum
1132 1467 1237 1501 triffinta
1262 1476 1387 1495 annorum
1400 1489 1408 1501 ,
1436 1469 1527 1503 quibus
1553 1470 1661 1504 expletis

864 1502 951 1528 eodem
966 1503 1007 1529 die
1021 1510 1134 1537 eqressus
1149 1507 1184 1528 est
1196 1504 1278 1530 omnis
1294 1504 1431 1530 exercitus.
1454 1504 1518 1531 illud
1536 1512 1599 1531 vero
1615 1506 1660 1533 ob-

865 1537 1025 1564 servandum
1039 1538 1152 1571 postilla
1163 1538 1253 1570 verba,
1264 1547 1315 1572 qua
1326 1545 1473 1565 inonserunt
1488 1541 1514 1565 in
1527 1539 1656 1575 AEqyplo,

864 1573 890 1599 in
906 1572 1005 1600 Graecis
1020 1573 1163 1599 codicibus
1179 1575 1292 1607 amplius
1315 1575 1378 1609 legi,
1404 1576 1446 1602 καὶ
1465 1576 1488 1601 ἐν
1503 1579 1534 1611 γῆ
1549 1575 1657 1609 nava-iv,

75 1605 216 1638 colligitur.
237 1604 303 1632 Nam
328 1605 426 1639 loseph
451 1606 484 1632 de
505 1613 613 1633 carcere
635 1606 764 1639 eductus,
783 1611 811 1633 ut
825 1608 847 1638 C
863 1612 890 1634 et.
914 1608 1016 1635 notavit
1031 1609 1197 1641 Augustinus
1210 1629 1216 1640 ,
1243 1609 1443 1642 Qua-stionibus
1471 1610 1498 1636 in
1522 1611 1661 1643 Exodmn,

864 1643 1019 1677 expendens
1034 1644 1103 1670 hunc
1118 1644 1206 1671 locum
1218 1664 1225 1676 ,
1240 1644 1275 1671 ita
1296 1649 1324 1671 ut
1339 1649 1392 1671 tota
1407 1645 1450 1671 illa
1466 1645 1658 1679 peregrinatio,

863 1677 891 1705 in
907 1683 978 1706 terra
992 1679 1129 1705 Chanaam
1141 1700 1149 1712 ,
1167 1684 1194 1707 et
1214 1679 1240 1706 in
1257 1679 1373 1714 AEgypto
1390 1679 1488 1712 ruerit,
1504 1688 1594 1707 cnxu
1608 1689 1659 1707 an-

865 1721 972 1741 norum.
994 1714 1037 1741 Sic
1058 1714 1192 1749 Cyrinus,
1207 1719 1234 1742 et
1248 1715 1393 1749 Rupertus.
1415 1715 1537 1742 Secunda
1554 1723 1657 1750 suppu-

863 1750 928 1776 tatio
944 1754 985 1777 est
1007 1750 1040 1776 ab
1060 1757 1093 1777 eo
1119 1755 1238 1784 tempore
1258 1758 1311 1785 quo
1330 1750 1413 1778 Jacob
1436 1758 1496 1777 cum
1522 1751 1583 1778 liliis
1602 1752 1659 1778 suis

863 1784 1003 1812 descendit
1018 1786 1044 1812 in
1059 1784 1205 1820 AEgyptum
1218 1805 1226 1817 ‚
1251 1785 1276 1812 in
1292 1793 1343 1820 qua
1356 1790 1532 1813 numerantur
1548 1786 1660 1814 ducenti

863 1824 891 1847 et
902 1820 1053 1855 quindecim
1067 1822 1140 1847 anni.
1162 1821 1252 1847 Tertia
1277 1826 1304 1848 et
1324 1826 1459 1855 postrema
1480 1829 1494 1848 a
1513 1827 1599 1849 morte
1613 1822 1660 1849 Jo-

862 1857 939 1889 seph,
961 1863 1015 1890 quo
1029 1856 1145 1888 sublato,
1163 1855 1212 1882 suit
1227 1863 1289 1883 vera
1305 1856 1348 1883 illa
1362 1861 1389 1883 et
1404 1864 1516 1889 operosa
1529 1858 1659 1892 servitus,

850 1897 915 1924 >qua
929 1898 994 1925 gens
1007 1891 1118 1918 Hebraea
1134 1892 1318 1919 exactionibus
1329 1912 1336 1924 ‚
1354 1891 1469 1927 injuriis,
1494 1894 1661 1927 persecutio-

863 1926 994 1960 nibusque
1010 1926 1098 1953 omnis
1113 1927 1221 1960 generis
1236 1928 1314 1954 atrita
1327 1948 1335 1960 ,
1351 1927 1456 1954 tandem
1473 1927 1564 1955 divino
1580 1929 1660 1956 hene-

863 1961 924 1988 Iicio
938 1982 944 1993 ,
969 1962 1036 1988 duce
1061 1961 1163 1996 Moyse,
1178 1962 1203 1988 in
1219 1962 1371 1990 libertatem
1383 1968 1485 1990 asserta
1499 1968 1551 1991 est.
1571 1964 1658 1991 Dura-

862 1996 1261 2060 &itacensis-..ituvn,
1271 1997 1658 2069 “ἑέὲἑῗξὲ“ἷ“ζὶ“5ἓὲἰ»“ἱέ“

999 2052 1006 2064 r
1066 2053 1080 2066 ο
1198 2054 1205 2066 9
1264 2052 1271 2059 ·
1434 2053 1440 2060 ·
1509 2054 1515 2067 ι
1587 2054 1595 2062 ·
1647 2055 1656 2068 r

862 2072 888 2094 ‘²⁸
897 2069 1297 2131 iiifffia‘isslissii'eifflfflssis
1312 2104 1486 2133 alexandrin.
1500 2105 1546 2133 nb.
1559 2113 1567 2132 t
1580 2105 1658 2133 siro-

862 2142 926 2164 mnt.
942 2146 948 2164 :
961 2137 1086 2173 Tempore
1102 2138 1199 2172 Piropa
1215 2139 1394 2172 Prometheus,
1410 2145 1434 2167 et
1449 2139 1535 2172 Atlas,
1551 2146 1575 2168 ει
1593 2140 1660 2175 Epi-

863 2173 984 2200 metheus.
1000 2173 1133 2201 Eusebius
1144 2181 1159 2201 a
1178 2174 1336 2202 Prometheo
1347 2176 1382 2202 ob
1397 2176 1421 2202 id
1433 2175 1556 2203 homines
1572 2177 1658 2204 laetos

862 2208 943 2236 fuisse
958 2209 1090 2236 creditum
1106 2210 1158 2243 ait,
1186 2211 1266 2245 quod,
1283 2218 1343 2238 curn
1358 2215 1431 2238 esset
1444 2211 1552 2246 sapiens
1563 2232 1570 2242 .
1595 2213 1658 2239 leri-

862 2247 943 2271 tatem
960 2251 1053 2272 eorum
1069 2249 1096 2272 et
1107 2244 1216 2272 nimiam
1233 2245 1393 2280 imperitiam
1408 2247 1440 2274 ad
1462 2246 1657 2274 humanitatem

861 2283 888 2305 et
899 2279 1039 2307 scientiam
1056 2281 1267 2316 transfiguraret.
1283 2281 1357 2309 Idem
1371 2283 1497 2317 August„
1518 2282 1564 2309 lib.
1584 2289 1659 2315 xvin,

861 2321 920 2349 cap.
934 2315 961 2348 8,
975 2315 1083 2343 Civitat.

897 2349 967 2377 tbtd.
993 2350 1155 2386 Proctycus„
1171 2353 1223 2386 al.,
1247 2351 1393 2385 Procellus,
1414 2352 1563 2384 Trochilus,
1578 2356 1659 2387 atque

861 2385 941 2413 etiam
957 2386 1088 2422 Aroqitus.

897 2420 967 2448 ibid.
996 2422 1044 2449 uis
1058 2423 1212 2458 temporibus
1226 2422 1406 2456 Prometheus,
1420 2427 1472 2451 etc.
1488 2422 1555 2450 Vide
1569 2422 1659 2451 Rade-

861 2464 931 2489 rum,
948 2458 981 2484 ad
997 2457 1154 2491 Martialem,
1169 2465 1228 2492 pag.
1244 2457 1288 2485 58.
1305 2458 1392 2485 Anav-

901 2493 946 2520 17.
962 2493 1066 2520 Primus
1081 2492 1231 2520 litterarum
1244 2493 1370 2520 inventor
1384 2493 1468 2521 fertur
1478 2493 1562 2521 inisse
1572 2492 1660 2521 'raau-

865 2532 918 2559 tus,
937 2534 1005 2556 teste
1028 2528 1153 2561 Eusebio,
1168 2527 1215 2555 lib.
1231 2535 1250 2562 t,
1267 2535 1327 2564 cap.
1343 2529 1371 2561 7,
1391 2528 1539 2565 Praeparat.
1558 2529 1658 2558 Verum

865 2563 948 2596 idem.
965 2563 1012 2590 lib.
1030 2572 1056 2596 x,
1073 2563 1168 2596 probat
1193 2563 1226 2590 ab
1248 2563 1368 2591 flebraeis
1389 2568 1524 2599 repertam
1540 2572 1615 2598 esse,
1631 2569 1660 2592 et

866 2603 1038 2633 propagatam
1055 2598 1204 2626 litterarum
1220 2598 1416 2627 inventionem.
1439 2598 1512 2627 idem
1526 2599 1658 2633 isidorus,

867 2634 914 2661 lib.
933 2635 1084 2670 Etymolog.
1100 2642 1119 2667 1,
1135 2641 1195 2668 cap.
1210 2633 1245 2667 5;
1266 2633 1390 2668 Hieron„
1407 2635 1511 2670 praeiat.
1533 2636 1559 2662 in
1574 2635 1659 2663 libros

866 2669 986 2704 Regum3
1002 2669 1151 2702 Tlteodor„
1172 2676 1254 2703 super
1273 2669 1372 2698 Genes.
1396 2677 1454 2705 cap.
1473 2678 1489 2698 v
1501 2691 1509 2704 ,
1524 2671 1551 2698 in
1565 2670 1630 2698 illud
1648 2677 1658 2699 ι

865 2705 1060 2739 Ambutovitque
1080 2712 1138 2732 cum
1159 2703 1232 2738 Deo,
1251 2708 1278 2731 et
1297 2713 1348 2732 non
1364 2706 1500 2742 apportat,
1517 2705 1551 2734 de
1566 2705 1659 2734 Enoch

865 2741 952 2776 inquit
981 2740 1033 2767 uod
1049 2740 1151 2775 primus
1161 2740 1265 2768 litteras
1277 2739 1382 2775 didicit,
1397 2747 1426 2769 et
1435 2741 1540 2777 primus
1553 2740 1659 2769 descri-

864 2778 918 2811 psit
932 2783 974 2803 coe
985 2776 1053 2803 ostia
1069 2776 1156 2811 signa.

900 2810 970 2838 unt.
991 2810 1118 2844 Mellitos.
1133 2816 1161 2839 et
1184 2810 1231 2839 alii
1257 2810 1322 2840 uss.
1335 2819 1343 2840 ε
1357 2811 1468 2848 ΜρΙιίε
1484 2812 1656 2846 construitur.

865 2846 1032 2876 Loceiloemon
1043 2846 1164 2883 creditur,
1178 2847 1248 2882 vitis,
1258 2851 1310 2877 etc.
1326 2847 1413 2878 Anv.
