1832 3016
115 127 149 158 31
622 120 651 147 S.
672 114 794 147 lSlDORl
814 111 1034 144 iiiSPALENSts
1054 107 1208 139 Episcopi
1709 96 1745 128 52

116 185 151 219 ri.
162 191 215 212 non
227 182 322 218 prosit,
331 179 468 215 deportato
478 179 582 204 noceat.
590 175 655 203 item
663 175 764 202 distant
770 172 821 208 27
832 177 860 199 et
873 171 901 198 iii
912 173 940 202 A

116 229 170 258 loci
185 228 321 264 qualitate.
334 224 410 258 Quod
425 230 486 250 cuni
502 222 621 256 relegato
634 220 741 255 quidem
756 217 900 245 humanius

117 274 278 309 transigitur,
305 268 450 304 deportatis
465 275 530 296 vero
550 266 639 294 solent
661 265 755 292 insulae
769 262 902 297 assignari

117 328 177 354 quar
186 323 247 347 sunt
258 316 423 351 asperi-imae,
439 321 552 349 quaeque
565 318 627 341 sunt
641 312 719 347 paulo
730 311 819 338 minus
829 317 903 337 suni-

118 372 164 392 ino
176 363 306 398 supplicio
317 359 514 394 comparandae.

151 409 213 436 20¹.
235 408 306 435 Inter
316 405 437 433 Eremum
451 410 478 432 et
490 405 627 432 desertum.
646 403 759 430 Eremus
773 406 813 428 est
826 401 852 427 in
864 400 905 427 via

120 455 246 487 solitudo,
270 454 316 481 tibi
345 460 481 487 nunquam
511 451 659 479 habitatum
687 455 741 481 est,
770 448 905 476 desertum

118 502 162 529 tibi
176 499 319 534 aliquando
330 498 479 525 habitatum
499 501 526 524 et
539 495 696 523 derelictum
713 499 764 521 est.

154 546 218 574 202.
234 545 306 572 lnter
332 543 541 570 Extecrationem
554 546 581 569 et
592 541 757 576 jurationem.
777 539 906 566 Exsecra-

117 593 165 624 tio,
185 597 213 618 ut
226 595 287 625 puta
301 598 309 616 ι
323 589 352 616 Si
364 588 460 615 malum
471 596 521 615 non
534 587 617 620 patior
632 586 686 622 [Ρη
701 590 729 611 ιιι
741 585 838 611 malum
850 591 901 610 non

118 636 212 672 patiar]
222 645 228 668 ;
238 635 341 663 lui-atio
355 642 363 662 ·.
379 634 408 661 Si
420 634 512 660 bonum
524 632 587 659 mihi
604 632 693 658 evenit.

154 682 216 709 205.
230 681 300 707 lnter
315 679 456 714 Expertum
468 700 474 708 .
500 683 526 705 et
539 681 722 711 experrectum.
753 676 907 709 Expertum,

119 727 219 761 aliquid
234 725 352 760 agnitum
365 744 373 756 ,
390 728 575 758 experrectum
585 730 600 749 a
609 729 713 750 somno.

153 772 217 799 204.
237 772 308 798 litter
323 769 364 796 En
383 775 410 797 et
422 777 471 796 em.
488 769 539 802 En,
554 776 615 798 cuin
630 766 759 799 ostendis,
777 774 831 798 em,
847 773 908 792 cum

118 818 253 853 increpas.

952 171 1078 197 timorem.
1103 165 1229 194 Formido
1249 162 1384 198 objicitur,
1407 160 1450 189 vel
1463 158 1561 191 ocutis,
1581 158 1741 190 velauitno.

951 215 1010 243 sine
1024 213 1141 241 adhibita
1164 211 1279 242 ratione,
1301 213 1329 236 et
1353 206 1470 234 maxime
1493 203 1634 239 pai-vulis,
1663 210 1746 239 pavoi-

953 266 1041 289 autein
1055 267 1115 288 cum
1126 257 1266 285 timiditate
1280 254 1362 281 animi
1373 252 1460 280 subita
1467 255 1510 279 est
1522 250 1686 278 conturbans
1698 257 1746 278 oti-

953 307 1037 340 casio,
1052 313 1111 340 quae
1126 309 1214 331 tamen
1233 301 1347 329 solvitur
1361 298 1476 330 ratione,
1491 297 1535 325 vel
1551 301 1682 331 tempore,
1696 303 1748 325 nee

954 357 1018 386 stat,
1034 352 1096 378 item
1120 354 1206 376 metus
1220 351 1261 374 est
1284 349 1374 373 motus
1396 343 1507 372 interior
1531 343 1614 370 animi
1630 342 1747 374 subitus,

955 397 1011 424 sive
1025 394 1124 426 cordis,
1140 393 1225 419 lactus
1239 398 1271 418 ex
1291 389 1379 422 aliqua
1393 388 1462 416 tristi
1485 387 1683 416 recordatione.
1706 387 1750 415 Ti·

956 448 1014 467 inor
1028 447 1091 466 vero
1104 443 1145 465 est
1157 436 1287 463 accedens
1302 434 1380 461 dolor
1398 433 1497 461 mentis
1511 433 1679 460 extrinsecus
1692 453 1700 466 ,
1715 440 1750 460 ex

957 485 1043 518 aliqua
1070 481 1200 509 accidenti
1223 479 1375 507 occasione.
1403 478 1487 505 Porro
1517 477 1646 505 timiditas
1666 477 1749 504 animi

956 531 1047 557 vitiuni
1063 528 1254 563 sempiternum
1270 530 1320 553 est.
1336 526 1403 553 Nam
1433 525 1523 558 timor,
1550 531 1598 558 pro
1625 529 1749 557 tempore

957 580 1007 603 est.
1026 575 1116 608 ltaque
1132 573 1227 600 inviro
1245 571 1308 598 lorti
1327 575 1371 598 est
1381 569 1525 605 aliquando
1541 570 1631 602 timor,
1648 568 1748 596 timidi-

959 627 1000 648 tas
1014 628 1158 655 iiunquam.
1174 620 1221 646 Est
1246 623 1334 645 autem
1356 622 1382 645 et
1395 617 1483 645 bonus
1505 618 1585 644 timor
1599 621 1627 644 et
1651 616 1748 644 malus.

959 667 1044 693 Malus
1068 671 1119 699 est,
1136 673 1196 692 cum
1216 664 1371 698 temporalia
1395 663 1464 690 bona
1489 663 1603 697 quisque
1617 663 1667 690 sibi
1688 662 1751 690 sub-

961 713 1029 740 trahi
1044 712 1222 746 pei-horrescit
1233 710 1299 747 [Aa.
1314 710 1431 737 abstrahi
1444 709 1636 745 pertimescit];
1653 709 1750 743 bouus,

960 767 1020 786 cuin
1033 763 1131 792 quanto
1154 758 1214 791 quis
1236 756 1318 784 Deum
1333 756 1471 783 ardentius
1487 755 1583 789 diligit,
1601 760 1673 782 tanto
1687 762 1751 783 eutii

961 803 1114 838 diligentius
1128 802 1262 829 offendere
1277 801 1449 835 pertimescit.
1474 800 1540 827 Nam
1557 802 1650 828 tiniere
1669 801 1753 828 inter-

153 863 217 891 205·
237 864 310 891 lum,
324 864 431 891 Εὐνίκη,
443 866 471 890 et
484 861 619 888 ebriosum·
634 859 730 886 Ebrius
749 857 782 884 ad
804 862 907 890 [empus
924 857 947 886 Β
960 848 1022 875 duni
1039 848 1157 882 prodest,
1174 852 1201 874 et
1214 846 1301 878 decet,
1322 853 1369 879 pro
1393 845 1519 880 qualitate
1546 851 1694 880 temporum
1709 850 1751 873 at-

120 909 233 935 multum
251 909 328 943 bibit,
346 909 467 936 ebriosus
482 913 588 940 semper
605 905 715 931 inultum
730 903 805 930 bibit.

154 954 216 981 206.
238 954 307 981 lnter
322 953 438 987 AEquum
450 958 476 979 et
488 959 591 985 equum.
604 951 702 984 Equus,
721 948 791 983 quod
803 952 844 974 est
855 946 914 973 ani-

120 1000 189 1032 inal,
206 1008 252 1034 pei·
274 1008 288 1026 e
302 1005 329 1027 et
348 1009 375 1026 ιι.
398 1000 453 1026 sola
475 997 658 1025 scribendum.
684 994 758 1026 Quod
788 1000 852 1019 vero
865 1000 913 1026 pro

117 1046 189 1080 justo
201 1046 324 1072 scribitur
346 1044 404 1080 tlt..
416 1041 554 1077 accipitur]
574 1049 620 1075 per
634 1048 656 1067 ae
669 1039 852 1074 diphthongon
865 1045 913 1071 ge-

119 1090 217 1117 minata
229 1099 246 1117 u
259 1099 277 1117 u
287 1095 328 1118 est
342 1089 522 1117 scribendum.

421 1134 460 1160 De
478 1132 563 1159 littera
582 1131 613 1159 F.

155 1180 218 1207 207.
240 1180 309 1206 lnter
324 1178 440 1205 Fidelem
463 1183 490 1205 et
504 1178 596 1211 fidum.
621 1176 702 1203 Fidus
725 1175 826 1202 amicus
847 1173 914 1201 dici-

121 1229 176 1257 tur,
190 1224 275 1251 tidelis
290 1223 412 1250 l'ainulus.
431 1222 496 1249 ltem
509 1221 623 1249 infidelis
634 1221 732 1255 estqui
747 1224 820 1247 caret
833 1218 915 1245 iirmi-

122 1272 176 1296 tate
186 1289 193 1299 ‚
209 1268 316 1299 infidus,
330 1268 375 1301 qui
390 1267 452 1293 lide.

158 1313 220 1340 208.
247 1313 317 1340 lnter
340 1311 481 1339 Famosum
503 1316 530 1338 et
556 1312 688 1345 infamem.
710 1309 840 1336 Famosus
863 1311 914 1337 est,

122 1358 157 1386 de
169 1366 220 1392 uuo
231 1358 300 1384 fania
313 1358 428 1391 loquitur
443 1364 491 1384 seu
501 1357 569 1384 bene
582 1363 629 1383 seu
642 1355 722 1387 inale,
738 1354 843 1382 insaniis
854 1361 917 1381 vero

123 1408 226 1432 tantuin
241 1403 318 1430 inalae
333 1403 411 1429 l'aiuae
425 1407 477 1429 est.

159 1448 220 1475 209.
242 1448 311 1476 lnter
326 1447 448 1475 Ferocem
466 1452 493 1475 et
512 1448 605 1482 serum.
629 1447 717 1475 Ferox
739 1446 838 1480 dicitur
860 1447 917 1472 aiii-

123 1501 195 1527 mus,
207 1494 279 1521 ierus
292 1494 344 1521 leo.

965 902 1016 928 que
1033 901 1184 921 causarum.

999 949 1062 976 215.
1091 949 1162 976 luter
1173 948 1286 975 Facinus
1300 954 1326 975 et
1341 949 1468 983 flayicium
1490 948 1525 975 itti
1537 948 1641 975 videtur
1656 948 1751 976 distin-

964 1003 1044 1029 guere
1060 995 1232 1029 Augustinus.
1258 994 1390 1028 Quidquid
1403 995 1480 1026 enim,
1495 993 1591 1027 inquit,
1607 995 1659 1028 agit
1678 994 1754 1022 indo-

964 1039 1026 1065 mita
1051 1039 1179 1073 cupiditas
1193 1039 1225 1065 ad
1251 1039 1464 1073 corrumpendum
1490 1038 1603 1065 animum
1617 1045 1640 1064 et
1663 1047 1755 1074 corpus

965 1093 1037 1111 suum
1047 1105 1054 1115 ,
1085 1085 1211 1119 flaqiti'um
1243 1090 1346 1110 uocatur
1357 1105 1364 1116 ,
1392 1084 1516 1118 quidquid
1549 1092 1606 1111 vero
1641 1085 1692 1119 aqit
1727 1089 1756 1112 ut

965 1130 1039 1156 alteri
1052 1135 1150 1161 noceat,
1165 1129 1259 1155 dieitur
1283 1130 1392 1163 facinus.
1408 1129 1441 1155 Et
1464 1129 1517 1156 ltaec
1532 1130 1583 1155 duo
1594 1137 1686 1164 qenera
1697 1133 1756 1157 runt

966 1176 1079 1200 onmium
1106 1173 1172 1209 [Ai.‚
1198 1173 1337 1207 hominum]
1368 1178 1537 1206 peccatorum.
1571 1173 1624 1200 Scit
1656 1174 1756 1207 llaqitt'a

966 1221 1053 1254 priora
1066 1224 1137 1252 sunt,
1149 1226 1206 1252 quoe
1218 1226 1276 1245 cum
1288 1219 1446 1251 corruperint
1460 1219 1573 1245 animum
1592 1219 1620 1245 iit
1642 1219 1758 1254 facinora

968 1266 1112 1298 prosiliunt.

1003 1316 1056 1349 29
1065 1314 1128 1341 216.
1139 1315 1208 1341 lnter
1218 1314 1387 1340 Phantariam
1400 1318 1428 1341 et
1437 1314 1601 1347 phantasma.
1614 1313 1757 1340 phantasia

968 1365 1008 1387 est
1020 1361 1105 1393 imago
1120 1359 1232 1393 alicujus
1241 1359 1361 1393 corporis
1371 1359 1438 1391 visa,
1448 1359 1620 1392 etcogitando
1631 1364 1721 1393 postea
1733 1360 1758 1386 in

969 1405 1057 1431 animo
1073 1405 1192 1438 figurata,
1208 1409 1236 1431 ut
1251 1408 1325 1438 puta,
1337 1404 1378 1430 avi
1395 1403 1436 1430 vel
1452 1404 1535 1438 patris
1550 1404 1664 1438 species,
1681 1412 1760 1438 quem

969 1450 1111 1484 aliquando
1130 1450 1254 1482 vidimus,
1272 1457 1303 1476 ac
1319 1449 1382 1475 duni
1403 1448 1546 1483 cogitando
1566 1456 1758 1481 memoramus,

970 1495 1135 1530 phantasiam
1151 1495 1276 1521 dicimus.
1294 1495 1453 1521 Phantasma
1469 1502 1532 1521 vero
1545 1499 1629 1521 estex
1645 1494 1760 1528 imagine

160 1539 223 1566 210.
240 1540 309 1566 inter
320 1537 453 1565 Fallat-em
463 1545 490 1566 et
500 1539 655 1565 mendacem.
669 1538 763 1565 Omnis
778 1538 856 1565 homo
869 1537 917 1565 l'al-
931 1543 954 1573 C
970 1542 1085 1576 cognita,
1109 1541 1207 1575 aliqua,
1231 1548 1310 1574 quain
1333 1540 1460 1572 vidimus,
1481 1540 1568 1574 imago
1589 1540 1710 1572 formata,
1734 1544 1762 1567 ut

125 1584 167 1611 lax
178 1583 204 1611 id
219 1584 282 1618 agit,
294 1585 348 1619 28
358 1584 427 1611 unde
438 1584 549 1618 quisque
560 1583 681 1615 fallatum
695 1590 747 1609 iioii
761 1587 849 1609 autem
861 1590 918 1609 om-

126 1629 167 1657 nis
180 1630 236 1656 vult
247 1629 339 1657 saltere
351 1630 395 1664 qui
406 1630 542 1656 mentitur.
556 1630 631 1656 Sicut
643 1630 717 1656 mimi
731 1634 759 1656 et
769 1630 918 1661 conioediae,

126 1680 154 1703 et
167 1676 249 1703 inulta
264 1681 397 1710 poemata,
419 1675 463 1702 ubi
478 1675 646 1702 mendacium
658 1676 809 1702 delectandi
833 1676 920 1709 potius

127 1721 214 1748 studio
222 1729 300 1756 quani
309 1721 416 1749 fallendi
425 1722 561 1748 voluntate
568 1722 701 1749 scribitur.
717 1722 782 1748 Nam
793 1726 820 1748 et
828 1729 921 1748 omnes

128 1766 185 1794 sere
191 1767 234 1804 qui
242 1769 365 1801 jocantur
373 1766 439 1802 [ΑΙ.,
449 1775 515 1801 pene
522 1769 567 1801 qui
577 1766 739 1802 loquuntur],
749 1768 920 1794 mentiuntur.

163 1806 227 1839 ΞΗ.
248 1811 318 1839 lnter
344 1811 480 1838 Furiatum
514 1817 542 1839 et
565 1814 699 1847 [ariorum.
730 1812 857 1839 Furiosus
882 1818 924 1839 est

129 1857 175 1892 qui
195 1856 310 1885 serarum
325 1858 377 1885 ritu
391 1859 483 1891 fertur,
502 1864 529 1885 et
543 1859 577 1885 ab
596 1866 628 1886 eu
642 1859 715 1886 [uror
730 1866 864 1893 nunquam
881 1865 923 1886 re-

130 1905 211 1939 cedit,
234 1906 344 1933 furiatus
356 1906 402 1940 qui
414 1905 476 1933 l'urit
488 1914 521 1934 ex
535 1914 624 1933 causa.

166 1951 228 1978 212.
251 1951 323 1980 Inter
339 1951 485 1985 Furiosum,
509 1953 631 1985 furentem
646 1951 713 1987 [A1.,
739 1951 883 1986 furientem]
897 1955 925 1978 et

132 1997 234 2024 iratum.
260 1997 385 2025 Furiosus
413 2003 453 2025 est
484 1997 575 2031 corde,
603 1998 692 2025 furens
717 1997 782 2033 [ΑΙ.,
810 1996 924 2032 furiens]

133 2049 222 2076 eausa,
242 2043 325 2070 iratus
339 2043 444 2071 merito.

167 2087 233 2116 215.
250 2087 321 2115 littei·
332 2087 502 2114 Ferocitatem
515 2093 543 2115 et
557 2088 693 2122 feritatem.
708 2087 844 2115 Ferocitas
855 2094 926 2122 saepe

135 2132 209 2160 laudi
222 2132 344 2161 habetur.
361 2133 409 2160 Est
429 2134 499 2160 enim
523 2133 649 2160 lerocitas
663 2134 788 2165 militum,
809 2139 837 2160 et
850 2133 926 2160 l'erox

137 2176 264 2211 iuventus
275 2176 381 2204 dicitur.
398 2177 501 2205 Feritas
518 2184 605 2205 autem
621 2178 695 2205 dirus
709 2179 790 2205 animi
808 2179 924 2206 habitus.

173 2220 237 2249 ΞΗ.
259 2221 331 2249 lnter
345 2221 676 2258 formidinemfflavorem.
701 2228 727 2250 et
743 2228 843 2255 metum,
869 2224 925 2250 sive

141 2302 199 2329 dice
212 2301 338 2328 Vaticano
352 2293 432 2329 3³21.
444 2302 567 2328 Barthins
582 2310 640 2330 eam
659 2303 758 2336 reperit
770 2304 796 2329 in
811 2311 859 2330 sno
874 2305 931 2330 tao·>

141 2336 210 2367 dice.
224 2337 268 2363 ubi
280 2340 336 2363 erat
347 2345 439 2371 magna
453 2342 488 2363 ent
500 2337 653 2370 differentia,
666 2342 693 2364 ut
708 2338 744 2363 ait
758 2337 866 2364 Oramus
877 2338 927 2372 pri-

141 2379 182 2398 mo
194 2376 246 2398 ete.
262 2371 384 2405 eonjicii,
397 2376 424 2397 ιιι
435 2372 471 2397 ait
487 2371 638 2399 Herennius.
651 2373 752 2399 scilicet
767 2372 927 2399 Modestinus

142 2406 205 2437 JC.;
219 2410 246 2432 et
256 2413 328 2435 inox.
340 2406 376 2433 ita
389 2407 416 2432 in
426 2406 535 2440 releqato
546 2407 567 2432 εἰ
582 2408 674 2434 mentio
685 2415 734 2434 non
749 2408 777 2440 fit
791 2407 924 2439 honorum.

143 2440 240 2466 homini
273 2441 345 2472 rosit,
361 2442 492 2474 deportato
506 2447 603 2468 noceat.
619 2442 706 2469 Attssv.

178 2474 241 2500 202.
280 2475 365 2502 idetur
378 2483 410 2503 ex
429 2477 518 2506 Serv..
533 2477 566 2503 ad
582 2477 675 2504 illudit
690 2477 752 2504 AEn.
769 2485 776 2503 ι
795 2476 848 2503 Vos
862 2484 924 2509 aroe,

145 2517 263 2540 ensesque
277 2510 381 2543 itesandi
395 2519 441 2539 :—
453 2509 600 2538 Easecratio
610 2517 646 2538 est
657 2513 820 2539 adversorum
833 2512 923 2548 depre-
940 2505 968 2537 D

147 2545 498 2607 ⁶⁰335.¹¹ffl”‹'2‘.¹”i¹:'3¹..:’3:.2
507 2550 825 2616 ?'}5223.f.t².'.1’.⁸”5'.1“2.1.·...-.
840 2587 883 2609 ...ι
905 2582 932 2609 a„

147 2611 212 2640 bona
222 2619 302 2646 parte,
314 2618 358 2641 aut
378 2614 405 2641 i'ri
416 2614 503 2648 malin
517 2621 676 2651 experrectus
699 2617 731 2643 de
742 2625 841 2644 somno.

184 2647 247 2675 ⁴206.
262 2647 382 2676 innuitur
395 2655 470 2677 vetus
484 2657 542 2677 inus
561 2651 694 2678 scribendi
708 2660 779 2687 ecus,
795 2657 822 2679 et
834 2651 930 2680 deiude

149 2690 208 2717 oque
222 2690 270 2715 pro
283 2691 372 2718 εφιιιε,
385 2689 414 2712 ut
425 2685 463 2720 qis
479 2693 526 2719 pro
540 2686 605 2719 aiiii,
617 2691 669 2719 ete.
685 2688 769 2714 Αιιεν.

151 2717 246 2780 ιη307.
264 2718 304 2746 Ex
320 2718 513 2754 *interpretibus
537 2720 664 2754 Terentii,
685 2727 738 2749 aet.
753 2729 774 2755 i,
800 2729 876 2750 scen.
890 2721 908 2748 2
920 2740 930 2756 ,

209 2760 261 2780 rin.

187 2785 201 2812 Ι
205 2786 257 2814 bia.
273 2787 333 2816 Vnt.
339 2809 346 2819 .
355 2797 400 2824 qut
413 2794 483 2817 earet
491 2790 675 2824 infirmitatem.
689 2791 758 2826 fidus
767 2811 776 2823 ‚
785 2790 831 2827 qui
843 2791 931 2826 fident-

154 2818 278 2850 llenduui
288 2827 330 2851 est
339 2823 512 2859 infirmitatem
523 2831 572 2860 pro
581 2825 703 2861 fini-itate
709 2833 722 2861 ,-
739 2825 789 2855 sod
801 2825 934 2856 temnu-

971 1595 1043 1623 pum,
1061 1589 1163 1622 species
1177 1587 1217 1614 avi
1233 1595 1311 1622 quent
1324 1595 1457 1621 nunquam
1470 1586 1566 1613 vidisse
1578 1587 1760 1620 meminimus;

971 1634 1017 1661 sed
1032 1638 1119 1660 tamen
1135 1633 1192 1667 ejus
1210 1633 1313 1667 species
1321 1634 1379 1659 'non
1396 1633 1535 1664 memoria,
1551 1634 1599 1659 sed
1614 1638 1687 1659 motu
1703 1633 1761 1660 ani-

971 1679 1007 1706 ini
1031 1678 1168 1712 liguratur.
1191 1678 1228 1704 De
1249 1677 1363 1711 cognitis
1384 1684 1448 1711 ergo
1468 1677 1608 1711 speciebus
1632 1678 1762 1705 memoria

972 1724 1092 1755 collecta,
1110 1723 1248 1758 phantasia
1263 1727 1318 1754 est;
1344 1723 1377 1749 de
1392 1722 1534 1756 incognitis
1554 1723 1659 1758 species
1674 1723 1765 1750 animo

974 1770 1094 1803 figurata,
1113 1768 1280 1801 phantasma.
1295 1767 1360 1794 Nam
1375 1768 1485 1801 ligurata
1499 1767 1685 1802 phantasmata
1698 1767 1766 1795 nihil

974 1816 1045 1842 aliud
1060 1820 1122 1842 suut
1136 1823 1214 1849 quani
1236 1814 1269 1841 de
1289 1814 1378 1848 specie
1394 1814 1526 1848 corporis,
1541 1820 1670 1848 corporeo
1685 1821 1766 1841 sensti

975 1861 1127 1892 abstracta;
1151 1860 1330 1894 figmentoque
1349 1860 1494 1892 memoriae,
1517 1863 1546 1886 ut
1563 1864 1671 1894 accepta
1692 1865 1765 1895 sunt,

975 1906 1016 1933 vel
1031 1906 1134 1940 partiri,
1152 1905 1194 1932 vel
1209 1904 1397 1939 multiplicare,
1415 1905 1456 1932 vel
1471 1905 1641 1935 contrahere,
1655 1905 1696 1931 vel
1711 1905 1768 1932 dis-

976 1951 1097 1983 tendere,
1122 1950 1163 1978 vel
1178 1950 1312 1981 ordinare,
1332 1950 1374 1977 vel
1400 1950 1518 1982 turbare,
1537 1950 1579 1977 vel
1595 1950 1724 1984 quidlibet
1736 1949 1768 1976 li-

976 2003 1071 2030 gurare
1095 1994 1235 2029 cogitando
1260 1994 1412 2021 facillimum
1435 1999 1486 2026 est,
1510 1994 1569 2025 seii,
1595 2002 1654 2021 euin
1674 2002 1766 2021 verum

977 2041 1114 2075 quaeritur.
1132 2047 1226 2067 cavere
1247 2045 1273 2066 et
1295 2040 1379 2067 vitare
1402 2040 1521 2068 dil'ticile.
1542 2041 1606 2068 lteiii
1628 2041 1767 2075 phantasia

977 2091 1018 2113 est
1029 2086 1223 2121 incognitarum
1237 2094 1324 2113 rerum
1338 2092 1371 2112 ex
1383 2086 1497 2120 cognitis
1510 2086 1674 2120 conjectura,
1687 2086 1768 2120 phan-

980 2137 1062 2159 tasma
1076 2140 1140 2158 vero
1157 2139 1246 2158 rerum
1260 2131 1405 2166 incognitio
1421 2131 1597 2165 cognitarum.

1014 2177 1077 2203 217.
1094 2177 1164 2203 lnter
1177 2176 1315 2202 Fiduciam
1335 2181 1362 2203 et
1391 2176 1581 2210 confidentiam.
1610 2174 1719 2202 Fiducia
1743 2176 1769 2203 iu

981 2223 1058 2250 honis
1070 2222 1160 2257 rebus,
1173 2223 1334 2250 confidentia
1348 2222 1375 2250 iri
1389 2222 1466 2249 malis
1479 2225 1529 2249 est.

978 2311 1026 2330 vus
1040 2311 1090 2338 pro
1112 2302 1238 2335 ablativo,
1251 2307 1279 2330 ut
1300 2309 1328 2329 in
1351 2307 1420 2335 utor,
1445 2301 1559 2329 sortasse
1580 2300 1642 2328 let-ri
1667 2304 1771 2335 posset.

979 2340 1064 2367 Anav.

1008 2373 1141 2401 20⁸.vi‹t.
1154 2373 1236 2403 Non..
1249 2371 1415 2400 dict.Fama.

1013 2407 1077 2435 209.
1094 2408 1132 2434 Ex
1144 2407 1176 2437 C.
1201 2409 1345 2434 Frontone.

1013 2442 1075 2469 211.
1092 2443 1130 2469 Ex
1143 2443 1238 2475 Serv..
1262 2442 1294 2470 ad
1312 2442 1376 2470 illud
1401 2449 1420 2468 ti
1445 2440 1507 2468 AEtl.
1525 2449 1532 2467 :
1559 2438 1668 2467 Fui-iata
1686 2444 1769 2467 meme

981 2477 1118 2505 Cltorebtu.

1017 2511 1084 2538 Ibid.
1098 2512 1148 2545 Qui
1165 2513 1239 2547 suerit
1251 2520 1283 2539 ex
1297 2520 1385 2543 cauta.
1402 2511 1515 2544 scilicet,
1531 2510 1602 2542 «ruia,
1615 2515 1645 2538 ut
1658 2510 1694 2537 ait
1707 2509 1773 2537 Bar-

982 2547 1064 2578 thius,
1078 2548 1190 2574 [oriatur
1204 2547 1246 2574 cui
1258 2546 1399 2574 siimutitad
1410 2547 1476 2574 iram
1487 2545 1673 2580 subjiciuntur.
1684 2545 1771 2572 Attiiv.

1017 2582 1080 2609 212.
1104 2581 1227 2610 Iratus...
1248 2582 1287 2610 Ex
1315 2581 1505 2616 interpretibus
1526 2580 1654 2613 Terentii,
1681 2583 1735 2608 aet.
1749 2586 1771 2613 i,

982 2625 1057 2645 scen.
1073 2618 1099 2650 1,
1117 2617 1199 2648 And„
1213 2623 1240 2644 et
1255 2621 1306 2644 act.
1322 2625 1359 2648 iii,
1375 2624 1448 2644 scen.
1465 2616 1491 2648 1,
1504 2615 1624 2651 tiecym.

1016 2651 1081 2681 2¹6.
1096 2651 1214 2679 Breviter
1230 2652 1288 2678 haee
1301 2653 1328 2679 in
1339 2651 1438 2679 Codice
1448 2650 1574 2678 Vaticano
1588 2649 1657 2677 532¹
1673 2657 1682 2677 :
1700 2648 1774 2677 inm

983 2687 1119 2723 phantauia
1143 2691 1166 2713 et
1191 2688 1341 2721 phantasma
1350 2687 1411 2720 quid
1429 2686 1553 2713 interest?
1571 2684 1714 2713 Pomaria
1733 2683 1775 2711 ιἰι-

985 2723 1143 2757 coym'tarum
1155 2730 1241 2748 rerum
1255 2729 1286 2748 ex
1299 2722 1407 2757 coqnitia
1425 2722 1592 2757 conjectum,-
1617 2719 1774 2754 ptumum-a

984 2765 1068 2785 rarum
1081 2757 1222 2791 incoqm'iio
1237 2757 1408 2792 coytiitarum.
1423 2758 1510 2784 Anav-

1019 2792 1084 2820 217.
1091 2792 1130 2821 Ex
1137 2793 1214 2822 sei-v.
1221 2812 1228 2827 ,
1235 2792 1268 2820 ad
1275 2791 1339 2821 illud
1354 2791 1453 2822 iAEim
1467 2789 1571 2821 Gema
1579 2788 1678 2826 fiduci·
1687 2787 1776 2822 Μ
