1832 3016
150 140 219 169 {175

153 207 214 227 nani
229 205 288 225 cum
307 197 429 231 putredo,
444 203 504 229 quae
524 197 636 225 interius
657 198 751 231 fervet,
774 198 890 233 ejicitur,
904 197 937 225 ad
952 198 979 229 A

154 235 267 262 salutem
285 233 362 259 dolor
377 232 503 266 aperitur.
520 233 594 260 Scire
613 234 713 261 debent
733 234 777 267 qui
800 234 938 267 plusquam

152 269 260 302 expedit
275 272 371 299 tacent,
387 275 420 294 ne
442 268 511 294 inter
531 269 642 295 molesta
657 276 716 302 quae
737 268 862 301 tolerant,
877 268 939 295 dum

151 304 268 335 linguam
286 306 386 334 tenent,
404 303 456 328 vim
473 302 573 329 doloris
586 307 757 337 exaggerent.
771 303 940 330 Admonendi

151 342 215 365 sunt
229 337 310 368 euim,
329 341 356 363 ut
371 338 393 363 si
409 337 545 371 proximos
564 338 633 364 sicut
647 345 676 365 se
691 338 815 372 diligunt,
831 339 941 365 minime

151 373 205 400 iliis
221 376 334 403 iaceant,
350 372 420 399 unde
435 377 462 398 et
480 379 528 399 eos
546 372 618 406 juste
639 374 847 407 reprehendunt.
862 373 941 400 Vocis

152 407 331 434 medicamine
346 413 519 440 utrorumque
542 407 619 434 saluti
637 409 815 441 concurritur,
830 408 892 435 dum
908 410 941 435 ab

151 443 200 470 illo
215 443 258 476 qui
272 442 352 469 infert
367 442 436 469 actio
451 450 531 475 prava
545 443 734 476 compescitur,
749 449 774 470 et
789 444 882 471 abhoc
896 444 940 477 qui

151 477 266 504 sustinet
285 478 385 504 doloris
407 478 495 504 fervor
519 478 630 506 vulnere
653 484 745 512 aperto
766 484 939 512 temperatur.

151 512 202 546 Qui
217 513 400 546 proximorum
415 513 482 539 mala
499 513 655 547 respiciunt,
675 518 701 540 et
714 519 801 540 tamen
818 514 843 540 iu
861 514 941 540 silen-

151 553 190 574 tio
213 548 329 581 linguam
347 553 481 581 premunt,
498 549 584 580 quasi,
608 549 758 582 conspectis
774 549 940 581 mineribus,

151 589 229 608 usum
245 583 428 610 medicaminis
449 583 625 615 subtrahunt;
641 588 668 610 et
686 591 719 610 eo
741 586 834 610 mortis
847 588 940 611 aucto-

152 625 197 644 res
218 618 294 649 liunt,
312 625 364 651 quo
379 618 452 645 virus
467 618 537 651 quod
553 624 659 651 portant
679 626 773 645 curare
788 619 941 646 noluerunt.

188 652 253 680 Ciir.
275 660 368 679 xxxiii.
384 653 421 679 De
437 661 553 688 perversa
565 653 699 679 locutione.
714 668 748 672 —-
761 655 784 680 l.
800 654 872 680 Sicut
884 661 944 687 per-

151 688 213 714 fecti
231 687 280 714 viri
293 695 432 722 perversos
445 688 580 722 proximos
597 696 648 715 non
658 688 756 715 debent
767 687 867 723 fugere,
882 690 943 723 quia

152 727 180 750 et
194 731 242 750 cos
261 730 333 756 saepe
347 723 379 749 ad
395 723 580 750 rectitudinem
599 725 716 755 trahunt,
734 728 759 749 et
776 723 824 757 ipsi
839 724 872 750 ad
885 731 944 757 per-

152 759 307 785 versitatem
332 766 465 792 nunquam
484 758 644 790 trahuntur,
670 759 705 784 ita
731 758 829 785 infirmi
846 759 944 792 quique

155 794 310 820 societatem
327 793 426 820 debent
439 794 574 820 decimare
589 794 732 825 malorum,
748 800 781 820 ne
797 794 866 820 mala
885 802 944 828 quie

154 828 310 863 frequenter
323 829 473 862 aspiciunt,
493 833 519 855 et
531 829 666 863 corrigere
684 836 736 855 non
759 829 857 861 valent,
872 830 945 856 dele-

154 868 259 890 ctentur
276 865 385 890 imitari.
399 864 474 891 Sicut
485 864 570 890 maius
580 871 626 890 aer
642 864 749 890 assiduo
766 863 828 890 natu
845 869 945 892 tractus
959 873 983 903 13

152 899 237 926 inficit
252 906 360 932 corpus,
378 900 410 925 ita
432 906 558 933 perversa
579 899 676 925 locutio
691 899 795 925 assidue
810 904 886 925 aucta
903 900 944 926 in-

155 934 318 961 firmantium
345 934 426 960 inlicit
446 934 576 965 animum,
591 938 618 959 iit
633 935 753 960 tabescat
769 934 946 962 delectatione

153 970 230 999 pravi
255 970 343 1003 operis
355 990 361 1001 ,
393 974 419 996 et
438 968 537 995 assidui
555 969 695 1002 iniquitate
711 970 853 996 sermonis.
871 969 947 997 Unde

153 1003 253 1031 Paulus
268 1005 304 1031 ait
317 1004 340 1038 (i
356 1003 416 1031 Cor.
435 1012 480 1035 xv,
499 1002 545 1037 55)
564 1014 570 1031 :
587 1003 758 1038 Corrumpunt
772 1012 855 1031 mores
868 1006 946 1031 bonos

154 1039 282 1100 coiloqgia
295 1040 362 1066 mala
376 1039 462 1074 (Ὶάὶο,
479 1046 517 1071 iv,
533 1039 578 1069 27:
593 1038 683 1074 Greq„
697 1047 704 1065 i
719 1040 745 1065 iii
759 1039 866 1073 Eucti„
877 1040 946 1067 hom.

153 1074 180 1106 9,
197 1083 223 1100 ii.
238 1077 247 1088 ‘¹
257 1075 294 1107 5).

190 1108 253 1136 Ciir.
267 1117 358 1136 xxxiv.
371 1109 408 1136 De
419 1109 605 1136 [taurim—i.
617 1109 713 1136 Maium
726 1109 836 1136 tuxnriae
845 1114 889 1137 aut
902 1117 948 1138 co-

154 1144 282 1178 gitatione
310 1149 488 1179 perpetratur,
515 1150 559 1171 aut
573 1152 664 1179 opere.
686 1144 804 1171 Callidus
831 1153 945 1180 uanique

155 1179 326 1206 adversarius
340 1184 432 1206 noster
449 1188 508 1206 cuin
525 1180 558 1206 ab
578 1179 674 1207 effectu
691 1180 779 1213 operis
794 1180 946 1213 expellitur,

156 1220 274 1241 secretas
285 1216 586 1249 poliuerecogitationes
594 1215 713 1241 molitur.
722 1216 848 1248 Quisquis
857 1216 947 1243 mundi

156 1249 236 1284 hujus
259 1251 428 1277 successibus
443 1251 575 1284 elevatus,
593 1251 761 1278 lenocinante
776 1251 865 1276 cordis
882 1251 949 1277 iacti-

155 1285 203 1315 tia,
220 1286 315 1312 tentari
330 1293 359 1312 sc
374 1286 486 1313 iuxuriae
501 1285 614 1312 stimulis
630 1285 719 1317 sentit,
736 1285 833 1318 ioseph
850 1285 946 1313 factum

155 1320 188 1346 ad
204 1322 360 1347 memoriani
377 1326 494 1352 revocet,
507 1325 533 1347 ct
547 1321 573 1347 in
585 1328 647 1347 arce
663 1328 692 1348 se
703 1321 832 1347 castitatis
847 1327 945 1348 sei-vet.

155 1354 222 1381 Cum
237 1357 359 1389 voluptas
383 1356 483 1382 lubrica
505 1360 588 1382 tentat
611 1357 635 1382 iu
651 1356 798 1390 prosperis,
820 1356 876 1381 inec
893 1357 947 1389 ipsa

155 1395 219 1416 sunt
243 1398 370 1424 prospera
392 1391 484 1417 aculeo
510 1391 663 1418 tentationis
689 1391 857 1424 opponenda,
874 1397 900 1416 ui
915 1398 948 1418 eo

156 1425 347 1452 crubescamus
362 1433 442 1459 prava
462 1427 643 1458 committere,
659 1433 712 1459 quo
726 1432 774 1451 nos
786 1433 800 1451 a
815 1425 870 1451 Deo
891 1433 947 1452 me-

158 1460 284 1486 minimus
298 1461 412 1494 gratuita
429 1461 497 1487 dona
510 1460 632 1494 bonaque
645 1460 805 1493 percepisse.
815 1460 947 1493 Propheta

158 1494 240 1521 David
267 1496 355 1522 subito
378 1503 441 1522 casu
466 1502 514 1529 per
536 1495 668 1521 luxuriam
685 1495 813 1527 defluxit,
829 1494 904 1526 dum,
920 1496 947 1521 ιιι

157 1529 256 1556 solario
276 1531 470 1563 deambulans,
491 1530 604 1556 alienam
626 1530 767 1563 conjugem
782 1530 945 1563 concupivit,

157 1568 184 1591 et
195 1565 303 1591 abstulit
314 1586 321 1597 ,
346 1566 456 1599 ejusque
467 1566 553 1591 virum
569 1573 628 1591 cum
645 1565 743 1591 damno
758 1565 798 1590 sui
813 1565 947 1592 exercitus

158 1600 292 1626 interemit
306 1600 349 1635 (ΙΙ
372 1600 436 1635 Req.
452 1608 489 1632 xi,
505 1601 543 1631 4);
559 1605 586 1627 et
601 1600 739 1633 repentino
754 1606 816 1625 casu
830 1600 924 1626 cecidit
938 1620 946 1633 ,

157 1641 216 1660 cuni
243 1642 318 1661 inens
342 1636 397 1667 iila,
413 1635 546 1670 mysteriis
561 1635 717 1662 coeiestibus
729 1638 844 1666 assueta,
862 1634 948 1668 inopi·

158 1674 219 1695 nata
237 1672 382 1697 tentatione
397 1671 501 1698 devicta
514 1674 566 1701 est,
580 1676 659 1704 atque
678 1669 877 1696 immanissimae
889 1676 946 1696 tur-

157 1705 272 1738 pitudini
288 1706 407 1733 subacta.
430 1706 510 1738 Quasi
526 1713 618 1732 saxum
639 1706 673 1732 de
690 1705 748 1731 ioco
763 1711 812 1731 suo
835 1706 945 1732 transla-

159 1745 212 1766 tuni
228 1746 280 1773 est,
297 1748 356 1768 cum
370 1741 510 1774 Propiietae
525 1741 640 1773 animus,
657 1748 670 1767 a
688 1740 835 1773 prophetiae
847 1744 947 1774 myste-

158 1776 205 1801 riis
237 1777 360 1803 exciusus
373 1797 380 1808 ‚
406 1777 440 1803 ad
475 1775 632 1811 cogitandas
662 1775 840 1809 turpitudines
863 1776 945 1802 venit.

158 1810 283 1838 Salomon
305 1812 348 1838 iiie
362 1811 494 1846 quondam
509 1811 731 1845 sapientissimus,
749 1811 886 1837 nimietate
907 1811 946 1837 lu-

159 1846 243 1872 xuriae
264 1853 416 1880 superatus.
430 1847 606 1874 immoderato
625 1854 684 1878 usu,
700 1850 778 1879 atque
790 1846 946 1873 assiduitate

158 1881 311 1913 mulierum,
328 1883 360 1908 ad
376 1883 426 1908 hoc
440 1889 522 1916 iisque
541 1882 684 1914 perductus
695 1885 752 1911 est,
775 1886 804 1907 ut
819 1881 946 1914 tempium

159 1915 238 1942 idolis
251 1917 444 1949 {abricarruet
457 1919 501 1951 qui
515 1917 587 1951 prius
598 1917 725 1951 tempium
747 1916 802 1943 Deo
826 1921 946 1943 constru-

159 1956 245 1984 xerat,
261 1952 415 1979 assiduitate
430 1953 547 1979 iibidinis
562 1957 642 1978 etiam
654 1951 924 1986 perfidiaesubsiratus
936 1971 945 1985 ,

159 1985 237 2012 idolis
247 1993 403 2014 construere
418 1988 514 2021 teinpia
527 1995 578 2014 non
594 1985 842 2021 timeretfflliieq.
855 1993 891 2018 xi,
906 1986 944 2020 7).

160 2022 257 2056 Sicque
280 2022 378 2049 factum
402 2027 443 2050 est
463 2027 491 2048 ut
511 2023 545 2049 ab
561 2022 666 2049 assidua
691 2022 778 2049 carnis
799 2022 945 2055 petulantia

159 2064 244 2090 usque
258 2057 288 2083 ad
305 2059 401 2084 inentis
424 2057 560 2091 perfidiam
578 2058 748 2091 perveniret,
775 2058 835 2090 quia
856 2057 945 2083 suin-i-

159 2092 247 2125 pieute
263 2094 396 2126 paulisper
411 2093 544 2119 infusione
559 2094 671 2127 peccati,
689 2098 758 2118 terra
772 2092 859 2118 cordis
875 2092 945 2119 iilius

159 2127 192 2152 ad
204 2129 434 2161 consumptionem
449 2128 570 2154 defluxit.
585 2128 756 2162 Voluptatiim
772 2128 858 2153 carnis
872 2134 945 2153 ama-

160 2162 262 2188 toribus
276 2163 372 2188 dicitur
386 2171 392 2188 z
408 2163 562 2196 Mortificate
578 2163 688 2189 membra
703 2167 796 2193 vestra,
809 2169 864 2195 quoe
886 2167 945 2188 sunt

159 2203 235 2230 super
251 2197 436 2230 2581emzm
449 2196 557 2224 (Coloss.
574 2204 613 2229 iii,
629 2198 668 2231 5).
685 2198 711 2223 ld
724 2202 773 2229 cst,
789 2197 943 2223 fornicatio·
960 2218 986 2248 D

161 2238 232 2263 nem,
250 2232 458 2263 immunditiam,
476 2232 623 2263 libidinem,
640 2232 881 2265 concupiscentiam
895 2239 947 2258 tna-

162 2266 213 2292 lam
225 2266 310 2300 (Teio,
325 2274 360 2298 iv,
377 2267 421 2297 50;
442 2265 532 2300 Greq..
546 2265 641 2292 Morat.
658 2274 714 2297 xxi,
728 2267 757 2298 2,
779 2275 806 2292 n.
822 2266 867 2298 50;
883 2267 945 2301 Req.

161 2306 227 2335 past.
243 2309 282 2333 iii,
297 2301 342 2334 27,
360 2301 457 2334 Mei-al,
476 2308 539 2334 xxx,
554 2301 604 2333 10,
621 2309 648 2327 n.
665 2301 717 2332 58;
733 2308 779 2334 xii,
796 2300 845 2333 18,
857 2309 883 2327 n.
895 2301 946 2334 ⁹2o;

161 2344 231 2369 xxvi,
247 2338 290 2369 17;
306 2344 335 2368 ii,
349 2337 406 2371 27).

197 2373 224 2399 Ξ.
246 2371 405 2406 Plerumque
430 2371 504 2398 virus
523 2371 638 2399 libidinis
660 2370 694 2398 de
719 2370 809 2398 radice
828 2370 947 2397 nascitur

162 2407 299 2438 elationis;
317 2411 380 2434 tunc
393 2414 457 2441 ergo
470 2414 534 2434 caro
549 2406 642 2439 vineit,
654 2413 714 2433 cum
728 2406 838 2439 spiritus
860 2407 946 2432 laten-

162 2446 204 2469 ter
218 2443 385 2474 intumescit,
401 2442 460 2476 quia
476 2446 539 2469 tunc
553 2442 640 2468 anima
654 2448 701 2475 per
715 2441 846 2475 originem
861 2441 947 2474 culpae

163 2478 188 2503 ιιι
201 2476 384 2512 jumentorum
405 2477 550 2512 petulantia
563 2476 671 2509 cecidit,
689 2483 749 2503 cum
765 2475 900 2502 efferendo
917 2482 946 2502 se

163 2519 238 2539 more
251 2513 387 2539 volucrum
400 2533 408 2544 ‚
424 2514 492 2539 ultra
506 2519 586 2546 quam
602 2511 695 2539 debuit
717 2510 840 2538 evolavit.
862 2509 947 2537 iuter-

163 2547 226 2574 dum
242 2555 288 2581 per
307 2547 431 2575 elationis
454 2548 545 2573 vitium
561 2548 638 2581 longa
653 2545 816 2573 continentia
837 2549 946 2580 repente

163 2583 327 2615 dissolvitur;
343 2586 371 2609 et
382 2583 535 2617 plerumque
546 2589 630 2616 usque
644 2582 677 2608 ad
693 2581 796 2608 senium
807 2580 946 2615 virginitas

164 2623 268 2644 servata
293 2618 414 2650 vitiatur;
434 2619 494 2651 quia
516 2617 659 2652 negligitur
675 2615 811 2643 humilitas
838 2614 944 2647 cordis,

164 2657 252 2680 rectus
261 2652 342 2687 iudex
352 2652 465 2686 despicit
479 2652 658 2687 integritatem
673 2650 802 2686 coi-poris.
819 2651 946 2685 thuan-

164 2686 251 2721 doque
266 2694 313 2722 per
327 2693 447 2721 apertum
463 2688 562 2714 maium
575 2686 705 2721 reprobos
719 2686 867 2718 annuntiat,
878 2691 946 2725 quos

165 2721 263 2749 dudum
278 2723 408 2757 reprobos
431 2722 459 2750 in
482 2721 587 2749 occulto
610 2721 747 2749 tolerabat.
762 2720 886 2755 Quisquis
899 2719 945 2747 diu

166 2762 297 2784 servatum
320 2758 418 2785 bouum
439 2757 527 2785 subito
540 2757 668 2792 perdidit,
682 2756 752 2791 apud
771 2756 944 2791 semetipsum

167 2790 236 2818 intus
251 2792 321 2819 aliud
340 2793 439 2820 malum
461 2791 562 2825 teuu'it,
585 2799 618 2819 ex
642 2799 695 2827 quo
707 2791 741 2819 ad
762 2790 835 2818 aliud
857 2791 945 2818 subito

167 2827 261 2858 erupit.
279 2827 330 2853 Per
351 2828 422 2861 quod
445 2828 480 2855 ab
504 2827 685 2861 omnipotente
706 2826 762 2854 Deo
778 2826 858 2854 etiam
882 2831 945 2853 tuuc

167 2859 267 2887 alienus
281 2861 393 2894 exstitit,
404 2862 512 2897 quando
522 2869 554 2890 se
563 2863 588 2890 ci
603 2869 651 2898 pei·
658 2861 814 2890 munditiam
823 2862 945 2896 corporis

525 140 570 168 At)
589 140 617 169 S.
639 140 762 170 istnont
782 139 1004 171 niSPALENsts
1021 141 1136 171 OPERA
1156 141 1377 173 APPENDICES.

1706 143 1777 175 me

991 198 1122 227 inhaerere
1135 201 1305 228 monstravit.
1318 200 1440 228 Humano
1450 201 1542 236 generi
1552 202 1586 229 de
1599 204 1709 236 peccato
1717 205 1779 231 ten-

992 234 1058 266 tari,
1073 240 1210 268 peccatum
1240 240 1290 263 est.
1308 236 1386 269 Quo,
1413 237 1472 271 quia
1499 237 1614 270 quandiu
1643 237 1777 272 vivimus,

992 268 1108 302 perfecte
1133 272 1242 297 omnino
1258 278 1310 297 non
1335 278 1466 304 carcinus,
1482 273 1592 300 scientia
1620 272 1781 305 praedicato-

993 310 1052 330 rum
1066 311 1125 331 cum
1141 306 1190 332 hoc
1204 307 1336 339 expellere
1349 306 1486 340 plenenou
1499 307 1593 341 potuit,
1606 307 1630 334 ei
1641 307 1674 334 de
1685 311 1779 336 nostro

993 338 1082 366 cordis
1097 339 1246 367 habitaculo
1260 348 1369 374 regnum
1385 342 1454 374 tulit,
1471 347 1497 369 ut
1509 343 1642 376 appetitus
1655 342 1776 374 illicitus.

993 374 1042 400 etsi
1059 374 1212 409 plerumque
1231 375 1308 403 bonis
1331 377 1428 404 nostris
1447 378 1650 410 cogitationibus
1664 377 1772 404 occulte

993 415 1022 434 se
1036 410 1110 442 quasi
1127 409 1168 436 fur
1183 410 1290 442 inserit,
1310 411 1402 438 saltem
1418 419 1439 439 si
1454 413 1610 447 ingreditur,
1625 419 1677 439 non
1691 412 1779 439 domi-

994 448 1072 470 netur
1087 443 1188 480 (Gre9.‚
1204 444 1299 472 Mami.
1314 454 1368 478 xxi,
1385 446 1423 481 5).
1544 442 1551 449 '

1029 479 1091 506 Car.
1119 487 1197 506 xxxv.
1223 480 1261 506 De
1281 485 1382 514 torpore
1406 482 1494 509 animi.
1517 496 1552 502 —
1571 483 1596 509 i.
1620 482 1780 516 Plerumque

994 520 1070 540 mens
1095 514 1210 541 hominis
1230 523 1244 541 a
1264 522 1324 542 cura
1351 523 1406 542 suat
1433 517 1622 544 sollicitudinis
1643 518 1781 544 dormiens

994 549 1159 589 verberatur,
1171 554 1202 589 ‘et
1215 556 1267 576 non
1282 550 1366 582 dolet,
1382 552 1442 584 quia
1459 552 1526 578 sicut
1546 552 1694 579 imminenti
1709 552 1780 579 maio

994 590 1046 609 non
1063 590 1208 617 prospicit,
1236 585 1274 611 sic
1289 593 1374 619 neque
1391 586 1413 612 si
1430 588 1632 620 perpetraverit,
1648 587 1779 621 agnoseit.

994 618 1131 652 Trahitur,
1148 625 1173 646 et
1194 627 1360 654 nequaquam
1384 622 1479 653 sentit.
1494 622 1554 654 quia
1577 629 1623 655 per
1641 622 1782 649 illecebras

994 653 1117 680 vitiorum
1133 654 1247 687 ducitur,
1265 662 1312 681 nec
1335 660 1421 682 tamen
1437 657 1468 682 ad
1484 657 1524 683 sui
1539 657 1686 684 custodiam
1698 656 1784 684 susci-

996 692 1076 715 tatur.
1092 690 1218 722 Quamvis
1242 697 1336 716 somno
1352 690 1465 723 torporis
1480 698 1494 717 a
1517 692 1557 717 sui
1573 692 1692 718 custodia
1708 692 1783 725 quis-

997 731 1050 756 que
1065 729 1211 758 prematur,
1226 725 1335 759 vigilare
1344 729 1431 752 tamen
1443 726 1476 752 ad
1488 733 1566 752 curas
1577 726 1667 753 saecuii
1679 727 1782 759 nititur,

995 763 1025 784 ut
1051 766 1156 793 semper
1170 761 1348 794 voluptatibus
1373 761 1519 787 debrietur.
1546 761 1578 788 Et
1597 769 1657 788 cum
1670 762 1703 788 ad
1719 761 1783 788 iilud

996 794 1126 826 dormiat,
1147 796 1172 820 in
1196 803 1248 827 quo
1260 795 1373 822 solerter
1386 796 1494 830 vigilare
1509 796 1654 828 debuerat,
1669 797 1700 823 ad
1717 795 1783 823 iilud

997 830 1106 863 vigilare
1118 830 1229 863 appetii,
1242 830 1274 856 ad
1289 831 1358 864 quod
1375 830 1541 858 laudabiliter
1550 832 1668 859 dormire
1683 831 1784 864 potuis-

998 869 1047 890 set.
1067 865 1118 891 Per
1143 865 1314 891 Salomonem
1331 867 1356 891 in
1379 865 1530 893 Proverbiis
1545 867 1642 893 dicitur
1658 875 1664 892 :
1682 866 1716 893 Ei
1735 867 1785 893 eris

996 899 1069 932 quasi
1089 900 1218 926 dormiens
1234 901 1259 926 in
1275 901 1357 927 medio
1382 901 1472 933 utaris,
1497 906 1520 927 et
1538 902 1611 936 quasi
1624 909 1653 927 so
1672 901 1722 928 itus
1736 909 1785 936 ytt-

998 935 1114 961 bermttor
1128 935 1220 961 amisso
1243 935 1313 962 clavo
1337 935 1472 970 (Proverb.
1493 943 1569 969 xxiii,
1586 936 1642 971 54).
1667 945 1682 962 ιι
1697 936 1785 963 medio

998 971 1068 996 enim
1087 972 1168 997 maris
1185 970 1291 1002 dormit,
1305 972 1360 1004 qui,
1376 971 1402 997 in
1420 971 1570 1005 hujusmodi
1595 971 1784 1002 tentationibus

999 1005 1111 1038 positus,
1127 1005 1268 1038 providere
1283 1010 1370 1032 motus
1386 1006 1541 1033 irruentium
1556 1006 1691 1037 vitiorum,
1708 1007 1785 1039 quasi

1000 1040 1149 1066 imminenti
1166 1041 1247 1071 unda,
1261 1047 1387 1075 aquarum
1404 1041 1524 1067 cumulos
1539 1041 1656 1076 negligit,
1670 1047 1696 1068 et
1709 1041 1785 1075 quasi

998 1075 1158 1108 gubernator
1171 1075 1275 1102 clavum
1300 1075 1410 1107 amittit,
1431 1076 1535 1109 quando
1549 1084 1623 1104 mens
1641 1076 1674 1103 ad
1687 1083 1785 1110 regen-

999 1111 1060 1135 dam
1077 1117 1171 1136 naveni
1187 1111 1317 1143 corporis,
1332 1111 1448 1137 studium
1466 1110 1649 1139 sollicitudinis
1659 1110 1784 1145 perdidit.

998 1145 1129 1178 Scriptum
1152 1150 1192 1172 est
1208 1154 1213 1171 :
1231 1145 1323 1172 Stellio
1337 1146 1452 1173 manibus
1467 1147 1569 1179 nititur,
1586 1151 1609 1173 et
1629 1150 1744 1173 moratur
1759 1146 1786 1173 ἰιι

998 1180 1095 1207 (edibus
1119 1181 1185 1215 regiis
1210 1180 1345 1213 (Proverb.
1369 1189 1422 1208 xxx
1436 1201 1444 1215 ,
1466 1181 1522 1215 28).
1543 1181 1702 1216 Plerumque
1724 1188 1787 1209 aves

999 1222 1065 1248 quas
1077 1216 1109 1241 ad
1124 1216 1266 1243 volandum
1288 1223 1372 1250 penna
1388 1217 1518 1249 sublevat,
1539 1217 1565 1243 in
1580 1218 1705 1251 vepribus
1719 1216 1787 1244 resi-

999 1250 1079 1283 dent;
1095 1255 1122 1277 et
1137 1252 1236 1284 stellio,
1253 1253 1297 1285 qui
1318 1252 1350 1278 ad
1369 1252 1484 1278 volatum
1506 1259 1605 1285 pennas
1617 1259 1669 1279 non
1685 1252 1765 1279 habet
1777 1271 1786 1284 ,

999 1286 1087 1312 nitens
1101 1287 1223 1314 manibus
1236 1287 1308 1320 regni
1324 1286 1463 1313 aedilicium
1477 1291 1560 1314 tenet.
1576 1287 1643 1320 Quia
1659 1287 1786 1314 nimirum

1000 1329 1073 1354 saepe
1086 1322 1214 1355 ingeniosi
1226 1323 1324 1356 quique
1334 1323 1396 1348 dum
1409 1330 1455 1355 per
1466 1322 1653 1356 negligentiam
1669 1326 1785 1356 torpent,

1000 1356 1026 1381 iii
1043 1358 1132 1390 pravis
1146 1357 1248 1383 actibus
1262 1361 1417 1388 remanent,
1433 1361 1460 1383 et
1470 1357 1616 1391 simplices,
1633 1365 1700 1392 quos
1713 1358 1787 1391 inge·

999 1391 1144 1423 nii,penna
1160 1399 1212 1418 non
1237 1391 1358 1424 adiuvat,
1383 1392 1415 1418 ad
1438 1392 1580 1419 obtinenda
1595 1393 1687 1419 aeteriii
1708 1393 1783 1426 regni

999 1427 1096 1486 ιἰἰιοεηιει
1118 1427 1201 1452 virtus
1226 1426 1389 1460 operationis
1411 1426 1481 1453 levat
1501 1426 1590 1461 (Teio,
1605 1435 1642 1460 iv,
1657 1427 1685 1459 ὃς
1708 1426 1785 1462 Greq.

1025 1468 1037 1486 e
1057 1478 1064 1485 .
1076 1466 1142 1495 pust.
1163 1469 1201 1493 iii,
1218 1461 1274 1495 51).

1033 1469 1059 1521 ἕ.
1075 1496 1168 1522 stettin
1183 1497 1305 1523 inanibus
1318 1496 1419 1528 nititur,
1434 1496 1460 1523 iii
1488 1496 1568 1531 regiis
1581 1496 1684 1524 :edibus
1696 1502 1785 1524 inora-

1001 1534 1053 1562 tur,
1068 1531 1128 1565 quia
1144 1531 1189 1557 illo
1203 1532 1316 1565 simplex
1336 1539 1383 1564 per
1408 1532 1583 1559 intentionem
1607 1533 1673 1559 recti
1694 1532 1785 1566 operis

1001 1567 1133 1599 pervenit,
1149 1574 1202 1600 quo
1217 1566 1369 1600 ingeniosus
1385 1567 1493 1594 minime
1507 1567 1637 1594 ascendit.
1663 1566 1782 1600 Quaestio

998 1601 1156 1628 suboritur:
1171 1600 1225 1628 Cur
1238 1602 1278 1628 vel
1304 1601 1447 1635 negligenti
1473 1602 1656 1636 intelligentiae
1681 1602 1782 1629 donum

999 1637 1132 1668 tribuitur,
1148 1637 1189 1663 vel
1203 1636 1341 1663 studiosus
1352 1637 1464 1671 quisque
1479 1644 1574 1664 sensus
1596 1638 1636 1664 sui
1659 1638 1783 1666 tarditate

999 1671 1179 1705 prrepeditur?
1195 1671 1234 1698 Ad
1246 1679 1323 1706 quam
1333 1672 1411 1698 citius
1426 1673 1612 1706 respondetur,
1623 1673 1685 1700 dum
1702 1674 1785 1708 proti-

999 1713 1048 1732 nus
1072 1713 1118 1740 per
1134 1706 1301 1734 Salomonem
1322 1706 1445 1734 subditur
1466 1716 1473 1734 :
1498 1707 1573 1734 Nihil
1592 1708 1620 1734 in
1645 1712 1712 1735 terra
1730 1709 1785 1735 sine

998 1749 1076 1768 causa
1088 1742 1159 1777 (Job.
1177 1742 1247 1775 v‚6>.
1265 1742 1365 1777 idcirco
1376 1743 1445 1768 enim
1459 1750 1530 1775 saepe
1540 1748 1567 1769 et
1579 1743 1728 1770 desidiosus
1742 1745 1783 1770 in-

997 1777 1103 1811 genium
1113 1778 1217 1811 accipit,
1226 1778 1294 1803 unde
1303 1777 1438 1811 negligens
1449 1778 1528 1804 etiam
1540 1778 1638 1812 justius
1648 1779 1782 1813 puniatur,

997 1813 1060 1846 qtiia
1074 1812 1144 1846 quod
1155 1812 1210 1839 sine
1221 1812 1313 1839 labore
1326 1813 1431 1846 assequi
1444 1814 1539 1847 potuit,
1549 1813 1629 1848 259
1639 1814 1707 1841 scire
1720 1821 1784 1841 con-

999 1848 1103 1874 temnit.
1125 1847 1158 1874 Et
1182 1847 1279 1874 idcirco
1295 1855 1485 1882 nonnunquam
1500 1850 1637 1875 studiosus
1661 1849 1784 1876 tarditate

997 1883 1178 1916 intelligentias
1186 1884 1324 1916 premitur,
1344 1886 1418 1909 uteo
1434 1883 1533 1916 majora
1547 1884 1655 1918 praeinia
1670 1884 1784 1910 retribu-

997 1917 1076 1944 tionis
1089 1918 1215 1949 inveniat‚
1230 1925 1282 1951 quo
1294 1918 1393 1951 majora
1407 1918 1434 1944 in
1448 1918 1537 1945 studio
1547 1919 1709 1945 inventionis
1719 1920 1782 1945 eia-

997 1952 1090 1986 borat;
1111 1952 1176 1979 nihil
1191 1959 1255 1987 ergo
1268 1958 1309 1979 est
1323 1953 1350 1979 in
1367 1958 1437 1979 terra
1454 1953 1511 1980 sine
1524 1960 1619 1985 causa,
1636 1954 1742 1988 quando
1757 1958 1784 1980 et

997 1987 1115 2014 studioso
1131 1986 1241 2014 tarditas
1256 1988 1289 2014 ad
1305 1989 1443 2021 praemium
1459 1988 1564 2021 proiicit
1576 2009 1584 2021 ,
1606 1991 1632 2015 et
1646 1988 1781 2015 desidioso

996 2022 1124 2050 velocitas
1135 2022 1168 2049 ad
1186 2023 1343 2057 suppliciunt
1360 2023 1465 2049 crescit.
1481 2022 1576 2050 Mentis
1590 2023 1701 2055 desidia,
1716 2023 1782 2050 duni

996 2064 1114 2091 congruo
1128 2059 1232 2085 fervore
1256 2065 1308 2084 non
1335 2056 1498 2090 accenditur,
1526 2065 1540 2084 a
1557 2058 1688 2085 bonorum
1710 2058 1783 2085 desi-

996 2092 1072 2120 derio
1092 2093 1209 2120 sommus
1221 2093 1437 2126 convalescente,
1455 2093 1547 2120 t‘uriim
1562 2097 1671 2127 torpore
1683 2096 1783 2120 macta·

998 2128 1152 2190 tiir¹i5Greq.,
1169 2127 1265 2155 norai.
1281 2136 1316 2160 vi,
1337 2128 1379 2161 Η,
1394 2136 1421 2154 n.
1438 2128 1488 2161 15;
1515 2127 1581 2163 fleg.
1605 2133 1673 2163 past.
1693 2136 1719 2162 p.
1735 2134 1782 2162 iii,

996 2170 1019 2188 c.
1087 2183 1093 2189 .

1034 2163 1098 2225 Cal».
1115 2206 1206 2225 xxxvi.
1223 2198 1262 2225 De
1275 2198 1389 2234 pigritia.
1404 2212 1439 2218 —
1449 2198 1474 2225 t.
1485 2197 1619 2225 Suadendi
1630 2202 1691 2225 sunt
1701 2197 1781 2231 pigri,

1000 2239 1033 2259 ne
1049 2233 1151 2266 agenda
1176 2234 1256 2265 bona,
1271 2234 1334 2260 dum
1358 2233 1493 2264 differunt,
1516 2233 1648 2265 amittant,
1663 2237 1690 2259 et
1717 2233 1781 2259 dum

999 2273 1149 2302 opportune
1169 2276 1248 2302 agere
1271 2275 1329 2302 quae
1354 2271 1464 2302 possunt
1487 2267 1590 2300 nolunt,
1614 2267 1692 2301 paulo
1711 2271 1781 2300 post,

999 2310 1058 2329 cum
1087 2305 1196 2336 volunt,
1226 2310 1278 2330 non
1303 2302 1419 2329 valeant.
1439 2300 1601 2334 Plerumque
1627 2302 1700 2336 piger
1718 2301 1781 2328 dum

999 2339 1148 2365 necessaria
1159 2345 1238 2371 agere
1257 2336 1374 2371 negligit,
1387 2336 1514 2370 quaedam·
1523 2336 1574 2363 sibi
1587 2335 1706 2364 diflicilia
1727 2343 1781 2370 op-

998 2373 1091 2406 ponit;
1105 2373 1225 2407 quaedam
1238 2378 1302 2399 veru
1312 2371 1417 2398 incaute
1431 2370 1574 2405 formidat,
1589 2375 1616 2398 et
1626 2371 1690 2398 duni
1703 2370 1779 2405 quasi

998 2408 1097 2434 invenit
1111 2406 1182 2441 quod
1200 2406 1272 2433 velut
1292 2405 1365 2440 juste
1385 2411 1495 2438 metuat,
1519 2406 1636 2433 ostendit
1660 2405 1731 2441 quod
1753 2407 1780 2432 iu

997 2444 1053 2468 otio
1066 2442 1140 2476 quasi
1163 2448 1216 2468 non
1239 2441 1337 2475 iniuste
1359 2445 1502 2475 torpescat.
1516 2439 1596 2475 Pigro
1618 2442 1716 2468 etenim
1731 2447 1780 2476 per

997 2476 1166 2503 Salomonem
1187 2476 1283 2503 dicitur
1297 2484 1304 2503 ε
1320 2474 1429 2509 Propter
1442 2477 1522 2511 frique
1544 2476 1621 2510 piger
1643 2483 1718 2503 arare
1733 2479 1795 2502 iio-⁵

997 2512 1055 2542 luit,
1078 2511 1229 2538 mendicabit
1242 2518 1301 2546 erqo
1316 2515 1414 2543 oeetate,
1438 2516 1461 2538 et
1482 2518 1533 2538 ιιοιι
1551 2511 1653 2538 dabitur
1664 2512 1687 2538 ei
1699 2509 1796 2546 (Pras
1815 2521 1820 2542 ς

996 2545 1064 2573 verb.
1077 2553 1123 2579 xx,
1139 2546 1177 2580 4).
1193 2545 1304 2579 Propter
1316 2546 1398 2580 frigus
1411 2547 1509 2581 quippe
1533 2547 1607 2580 piget·
1633 2553 1685 2573 non
1710 2549 1778 2578 arnt,
1790 2554 1802 2569 ο
1830 2549 1832 2581 1

996 2581 1070 2614 dum,
1089 2580 1224 2608 desidioso
1237 2582 1345 2615 to'rpore
1354 2581 1526 2614 constrictus,
1538 2587 1618 2616 agere
1630 2588 1690 2615 quae
1698 2579 1789 2611 deba,
1830 2601 1832 2616 ,

995 2615 1066 2643 bona
1077 2615 1238 2648 dissimulat,
1254 2620 1282 2642 et
1296 2619 1357 2642 dum
1373 2623 1454 2650 parva
1467 2623 1500 2643 ex
1513 2615 1625 2643 adverso
1639 2615 1708 2643 mala
1768 2639 1778 2651 „
1806 2615 1807 2618 ’

997 2650 1062 2682 tuit.
1086 2651 1190 2685 operari
1213 2651 1328 2677 maxima
1358 2650 1545 2685 praitermittit.
1571 2650 1644 2678 Bene
1671 2649 1734 2684 quid

995 2685 1119 2713 subditur
1133 2694 1140 2712 ε
1157 2685 1313 2712 Mendicabit
1329 2689 1426 2718 oeatate,
1437 2689 1461 2712 et
1483 2692 1534 2712 non
1556 2685 1658 2712 duum
1667 2685 1703 2712 oi.

994 2721 1066 2748 euim
1079 2728 1149 2748 nunc
1163 2721 1190 2747 in
1212 2721 1291 2748 bonis
1311 2721 1436 2756 operibus
1457 2727 1510 2748 uoti
1525 2719 1646 2755 exsudat,
1661 2726 1733 2748 eunt

994 2756 1088 2790 judicii
1103 2756 1248 2783 ferventior
1260 2756 1426 2792 apparuerit,
1447 2756 1510 2790 quin
1533 2755 1632 2782 frustra
1646 2755 1720 2790 regni
1743 2787 1759 2792 .-

996 2792 1062 2818 iium
1074 2791 1200 2825 postulat.
1211 2791 1278 2818 ιιιιιιι
1291 2790 1425 2826 accipiens
1436 2793 1530 2818 astate
1543 2787 1732 2818 mendicante
1757 2822 1760 2824 v

994 2827 1122 2854 Salomon
1145 2826 1199 2853 ait:
1214 2824 1267 2852 Per
1290 2832 1381 2861 agrum
1401 2825 1512 2852 honrim's
1553 2824 1632 2860 '⁹1‘di

995 2863 1093 2888 νιιιιάιιι
1104 2861 1152 2888 viri
1169 2859 1252 2895 uuiti,
1265 2864 1291 2888 et
1311 2867 1368 2888 eece
1380 2863 1461 2888 ιοιιιιιι
1480 2867 1510 2889 re
1566 2863 1643 2888 nm
1662 2857 1757 2892 'affl
