1832 3016
16 2945 22 3016 i

47 179 94 208 {Ol

741 165 907 195 EPISTULA
929 164 973 194 vi.

1626 155 1679 186 902

83 238 109 264 8.
135 236 200 263 Nam
225 233 412 263 caudelabrum
433 230 553 257 doctrina
582 226 763 257 sacerdotalis,
788 224 832 252 vel
847 228 871 257 Α
886 224 1043 252 auctoritas.
1073 220 1167 251 Datum
1192 221 1278 256 pridie
1302 219 1362 248 Kal.
1388 218 1478 253 stan„
1505 225 1575 246 anno
1600 216 1679 246 tertio

49 284 134 311 honor
160 281 312 317 potestatis,
336 284 415 313 quern
441 280 543 313 gestat,
568 272 738 308 intelligitur,
759 271 836 306 juxta

49 331 119 366 quod
143 330 268 363 scriptum
281 331 323 354 est
335 325 403 359 apud
424 323 575 351 Samuelem
596 322 622 348 in
637 320 835 348 damnationem

49 377 127 405 neti:
144 375 219 402 Oculi
234 375 289 409 ejtu
308 372 489 407 catiyaueram,
505 377 550 396 nec
570 371 684 404 poterunt
698 364 781 392 videre
796 363 832 390 tu·

48 430 148 450 cernam
163 415 229 453 Dei,
253 423 387 452 antequam
399 416 598 450 exstinqueretur
611 412 638 448 (1
656 413 716 448 neq.
734 419 773 444 ιιι,
788 409 836 444 2);

50 468 157 496 lucei-na
169 465 266 500 quippe
281 463 325 490 Dei
343 462 439 490 suerat.
453 461 521 494 quod
536 459 664 494 dignitate
679 454 837 484 sacerdotali

52 514 162 547 pollens,
178 510 288 545 justitias
303 509 422 535 claritate
434 506 513 544 565
528 504 661 539 t'ulgebat;
677 503 837 530 exstinctam

51 557 178 592 propheta
194 555 299 585 asserit.
316 554 379 580 dum
396 553 429 579 ob
445 552 549 579 scelera
567 551 681 576 filiorum
698 545 840 575 sacerdotii

50 606 205 638 potestatem
235 599 444 633 meritorumque
471 595 559 624 lumen
587 595 686 622 amisit.
709 592 840 620 Candela-

51 649 125 675 brum
140 654 214 680 ergo,
228 646 285 672 sive
298 645 404 672 lucerna
419 643 564 671 sacerdotis
578 642 647 676 (quas
658 639 840 674 intelliguntur

49 692 209 720 charismata
237 689 345 717 honoris
358 690 365 722 )
392 693 453 715 tuuc
482 687 587 722 penitus
608 685 683 720 juxta
710 684 838 712 Joanuem

50 737 237 772 exstinguitur,
249 736 288 764 vel
298 740 432 766 movetur,
444 733 550 768 quando
563 737 622 767 post
633 731 722 759 delicti
734 738 838 762 casum,

51 784 168 818 neglecta
185 783 349 818 poenitentia,
367 782 483 808 admissa
497 780 598 808 scelera
614 787 667 805 non
680 778 821 805 deflentur.

86 828 112 855 9.
128 828 183 854 Non
198 828 267 854 enim
286 827 350 854 dicit
369 835 376 852 :
403 825 454 852 Pro
469 834 496 852 eo
512 824 578 859 quod
593 823 715 855 cecidisti,
731 830 842 849 commo-

52 874 110 900 vebo
124 873 304 900 candelabrum
320 877 403 902 tuum:
418 869 475 904 sed,
493 870 541 896 nisi
558 869 727 904 paenitentiam
749 867 839 902 efferis,

888 271 962 306 regui
978 269 1080 298 domini
1096 268 1179 296 nostri
1195 266 1379 304 gloriosissimi
1393 263 1515 294 witerici
1529 263 1611 300 regis.

1172 322 1338 352 mns'rotnt
1360 321 1395 350 V.

1008 374 1106 398 istnont
1125 376 1256 398 nsttsnto
1275 375 1394 400 sansone
1415 374 1557 395 srtscorts.

890 416 971 453 566
984 414 1105 443 Dominis
1117 415 1184 442 meis
1197 420 1223 442 et
1235 414 1282 441 Dei
1296 414 1381 441 servis
1392 413 1513 440 Helladio
1525 411 1682 447 emet-isque

943 461 990 497 qui
1004 468 1064 488 cum
1078 467 1111 488 eo
1124 465 1186 486 sunt
1199 459 1339 486 coadunati
1351 458 1485 493 episcopis
1498 457 1626 484 isidorus.

926 505 953 535 t.
969 506 1107 534 Afiicimur
1120 503 1255 541 lacrymis,
1270 503 1476 538 compungimur
1490 501 1606 530 stimulis
1618 508 1681 536 pec-

890 559 1009 581 catorum
1024 555 1189 583 nostrorum,
1206 557 1266 578 cum
1282 549 1385 576 ruinam
1401 548 1490 575 fratris
1506 546 1684 582 agnoscimus,

890 600 951 635 quia
974 599 1042 626 sicut
1063 599 1096 626 de
1117 597 1202 624 salute
1222 595 1324 628 laetitia,
1345 595 1379 622 ita
1403 594 1436 621 de
1459 592 1576 628 periculo
1591 595 1685 620 animm

890 647 1003 681 gemitus
1023 649 1073 672 est.
1094 643 1272 679 cognovimus
1293 641 1363 668 enim
1386 640 1569 674 llispaleusem
1585 638 1687 666 Cordu-

891 692 981 720 bensis
1014 690 1133 718 ecclesiae
1159 688 1325 716 sacerdotem
1351 687 1377 714 in
1400 685 1546 721 pontificali
1572 685 1688 712 culmine

892 738 990 765 carnali
1014 737 1074 764 labe
1095 736 1237 770 dilapsum,
1263 739 1290 761 et
1313 734 1347 760 de
1368 732 1507 759 altitudine
1530 732 1639 758 honoris
1662 732 1687 758 in

893 783 1023 817 profundo
1037 782 1197 816 flagitiorum
1216 780 1303 807 flenda
1319 779 1394 806 ruina
1408 778 1577 810 demersum3
1589 782 1616 804 et
1627 778 1686 811 quin

893 830 968 856 vobis
983 829 1134 856 sollicitudo
1147 827 1287 862 pastoralis
1302 826 1442 859 incumbit,
1458 830 1600 857 vestroque
1615 824 1688 858 judi-

893 876 935 903 cio
946 875 1158 909 delinquentium
1170 880 1274 901 errores
1285 872 1465 900 discutiendos
1479 878 1589 898 censura
1602 871 1690 897 diviua

52 919 153 946 ⁷⁷¹⁰U2⁶⁰
166 918 344 945 fflssdfllssbrwn
360 923 440 944 flmm-
459 917 527 951 '‘lig‘'
542 916 574 942 ad
589 923 719 950 ‘luemqu‘ss
739 921 841 948 PW'PO‘
858 918 881 948 B
898 921 1039 956 disposuit,
1052 921 1145 948 dicens
1161 929 1170 948 :
1187 920 1338 948 Sacerdotes
1352 919 1452 945 stabunt
1467 919 1493 944 in
1502 918 1607 953 judicii:
1619 917 1691 950 meis,

53 965 130 991 situm
153 970 316 998 peccantem,
340 965 360 990 si
382 963 537 996 praevenerit
561 961 716 996 poenitentia
739 960 841 989 delicti,

53 1012 144 1044 ntique
169 1011 286 1045 sequitur
312 1010 398 1040 venia,
425 1013 451 1035 et
476 1007 610 1042 reparatio
635 1006 731 1033 meriti.
763 1005 794 1032 Et
820 1004 847 1031 iu
869 1011 874 1017 ²

54 1057 207 1084 Proverbiis
223 1057 347 1089 scriptum
373 1060 411 1081 est
430 1063 435 1079 ι
454 1053 503 1086 Qui
524 1051 656 1078 abscondit
679 1052 775 1078 scelera
790 1059 847 1081 sua,

54 1111 104 1131 nou
120 1104 258 1137 dirigent-,⁹
274 1102 317 1134 qui
332 1109 387 1127 vcro
404 1101 535 1135 consessus
552 1099 638 1134 luerit,
652 1103 675 1124 et
690 1097 851 1131 dereliquerit

55 1159 95 1181 ea,
112 1149 310 1177 inisericordiam
324 1152 489 1181 consequetur
506 1145 641 1182 (Proverb.
658 1153 750 1176 xxvnt,
765 1143 820 1177 13).

91 1196 134 1224 10.
160 1196 225 1222 Nam
248 1199 275 1221 et
295 1195 391 1228 ipsum,
409 1193 479 1227 quud
500 1199 630 1220 canonum
654 1198 767 1218 censura
791 1195 851 1224 post

56 1248 157 1278 septem
174 1250 258 1269 anuos
275 1248 394 1268 remeare
409 1239 583 1274 poenitentem
605 1239 630 1265 in
646 1243 743 1265 statum
760 1237 851 1272 pristi-

58 1297 119 1316 num
134 1288 262 1322 praecipit,
279 1294 331 1313 nnn
346 1294 376 1312 ex
389 1285 520 1312 electlone
536 1284 636 1319 proprii
650 1283 752 1310 arhitrii
764 1282 850 1310 sancti

58 1333 161 1367 Patres,
178 1332 223 1359 sed
240 1332 329 1366 potius
343 1338 375 1357 ex
392 1330 524 1356 sententia
541 1329 622 1355 divini
636 1329 728 1363 judicii
750 1335 850 1354 sanxe—

57 1384 128 1406 runt.
150 1379 215 1406 Nam
240 1377 335 1412 legitur
352 1376 421 1410 qnod
437 1376 518 1403 Maria
535 1383 612 1402 soror
626 1376 708 1410 Moysi
731 1375 849 1409 prophe-

60 1427 134 1458 tissa,
150 1427 212 1452 dum
226 1423 429 1451 obtrectationis.
441 1422 569 1449 adversus
590 1422 697 1457 Moysen
720 1422 850 1448 incurris-

58 1475 99 1500 set
112 1471 247 1503 delictum,
263 1470 334 1497 illico
348 1472 471 1504 stigmate
486 1469 567 1503 leprae
582 1468 687 1504 pertusa
704 1471 756 1501 est;
775 1475 851 1494 cum-

59 1526 110 1554 que
125 1521 227 1553 peteret
247 1516 350 1552 Moyses
373 1522 402 1543 ut
429 1516 628 1550 emundaretur,
645 1514 774 1550 praeceplt
792 1522 851 1541 eam

61 1564 131 1592 Deus
157 1569 233 1591 extra
262 1566 349 1590 castra
382 1566 485 1596 septem
516 1562 609 1588 diebus
637 1560 725 1596 egredi
741 1581 749 1593 ,
773 1565 851 1594 atquc

901 972 922 994 et
934 967 1088 1004 judicabunt
1103 968 1167 993 inter
1187 972 1302 993 sanctum
1317 970 1340 992 et
1357 964 1483 998 poliutum
1498 963 1603 997 (Ezeclt.
1621 970 1692 995 xmv,

899 1013 958 1049 24),
983 1015 1052 1042 hanc
1076 1014 1155 1048 igitur
1174 1021 1267 1040 vocem
1289 1013 1390 1040 Domini
1407 1015 1607 1046 cognoscentes,
1632 1017 1692 1037 cnm

901 1060 1030 1088 effusione
1045 1061 1222 1094 lacrimarum
1243 1064 1358 1086 vestram
1379 1059 1546 1086 sanctitatem
1571 1058 1693 1092 deposci-

902 1114 972 1140 mus,
986 1111 1013 1133 ut
1023 1108 1091 1133 idem
1107 1107 1196 1140 lapsus
1208 1110 1299 1132 sancto
1311 1105 1390 1132 eoetui
1404 1109 1493 1131 vestro
1505 1107 1694 1138 praesentatus,

902 1154 991 1187 agnito
1005 1161 1019 1180 a
1037 1153 1111 1180 vobis
1124 1152 1303 1180 consessionis
1318 1151 1434 1186 eloquio,
1451 1150 1572 1185 synodali
1587 1154 1695 1177 seuten-

903 1201 938 1227 tia
954 1208 968 1227 a
981 1199 1065 1234 gradu
1080 1200 1221 1226 sacerdotii
1234 1199 1392 1233 doponatur.

938 1246 964 1273 9..
982 1246 1074 1273 Melius
1086 1251 1127 1273 est
1139 1246 1175 1272 illi
1192 1250 1221 1272 ut
1235 1244 1560 1279 temporaliterjudicetur
1577 1251 1591 1269 a
1607 1243 1692 1274 vobis,

903 1299 983 1326 quam
997 1297 1098 1319 aetet·no
1116 1290 1378 1324 damneturJudicio.
1397 1290 1497 1316 Levior
1511 1293 1551 1315 est
1571 1289 1606 1315 illi
1627 1297 1692 1322 tii-:c-

903 1340 985 1365 sentis
1012 1339 1141 1372 temporis
1168 1338 1323 1372 ignominia,
1351 1343 1429 1369 quum
1458 1336 1544 1361 lutura
1565 1335 1694 1368 gehennas

903 1388 1045 1412 tormenta.
1061 1384 1132 1411 Sciat
1147 1385 1217 1410 euim
1232 1390 1261 1410 se
1279 1382 1402 1408 amisisse
1416 1387 1524 1414 nomen,
1538 1385 1565 1407 ct
1578 1380 1694 1408 osticium

902 1431 1060 1462 sacerdotis.
1089 1431 1134 1466 qui
1161 1430 1282 1457 meritum
1311 1428 1425 1463 perdidit
1450 1427 1607 1455 sanctitatis.
1626 1428 1695 1460 Qui<

903 1482 1011 1512 propter
1028 1476 1122 1511 judicii
1148 1476 1228 1503 vestri
1253 1475 1363 1502 decreto
1387 1475 1551 1507 poeniteutiae
1568 1475 1696 1510 perpetiit:

903 1523 1001 1558 flagitia
1029 1526 1181 1557 perpetrata
1210 1521 1400 1548 lamentatione
1430 1521 1565 1554 deploi·et;
1592 1520 1698 1554 plangat

904 1568 1049 1598 sacerdotii
1068 1568 1182 1600 cultum,
1200 1574 1277 1601 quem
1297 1567 1366 1593 male
1381 1566 1494 1592 vivendo
1513 1566 1640 1600 perdidit;
1658 1566 1697 1591 lu-

62 1613 122 1644 1’052
144 1608 356 1636 eme¹¹d³¹i⁰¹¹⁸m
377 1615 470 1635 ¹⁵¹¹s⁵¹¹³
496 1615 554 1634 “²¹¹¹
581 1607 609 1634 '¹¹¹
631 1611 717 1634 ⁰³⁵⁰*
745 1605 849 1633 admisti
865 1608 889 1639 G
905 1621 964 1651 geat
977 1615 1072 1643 animae
1087 1623 1141 1642 suae
1154 1619 1263 1646 statum,
1279 1621 1356 1648 quem
1370 1617 1443 1639 tanto
1457 1612 1604 1647 putredinis
1618 1619 1696 1639 coeno

60 1655 155 1700 (Num.
172 1655 229 1689 xn).

102 1701 146 1729 tt.
172 1701 251 1728 Maria
272 1707 345 1735 ergo,
375 1707 452 1727 soror
479 1699 584 1732 Aaron,
608 1705 670 1726 caro
699 1698 855 1732 intelligitur

64 1747 221 1778 sacerdotis,
238 1754 297 1780 quae
320 1745 383 1772 duni
404 1745 533 1779 superbiae
549 1744 647 1777 dedita,
665 1743 855 1771 sordidissimis

66 1792 267 1826 corruptionum
289 1792 417 1825 contagiis
442 1790 598 1823 maculatur,
613 1795 687 1817 extra
708 1793 795 1816 castra
810 1796 854 1816 se·

65 1845 136 1873 ptem
148 1838 251 1870 diebus,
268 1837 294 1864 id
308 1841 359 1869 est,
370 1841 444 1863 extra
458 1835 600 1871 collegium
615 1839 713 1863 sanetae
728 1835 854 1862 Ecclesiae

66 1888 168 1918 septem
198 1883 275 1909 annis
302 1882 451 1916 projicitur,
480 1881 523 1915 qui
551 1885 612 1916 post
638 1881 853 1908 emundationem

66 1929 191 1956 vitiorum
215 1928 276 1960 loci,
302 1927 359 1954 sive
384 1927 502 1961 pristina:
527 1927 664 1962 diguitatis
681 1928 775 1961 recipit
799 1935 855 1954 me-

66 1975 157 2003 ritum.

104 2021 147 2047 12.
173 2019 244 2047 Ecce
267 2019 292 2046 in
317 2022 447 2053 quantum
470 2018 551 2051 valui,
570 2018 673 2046 concilii
699 2017 855 2052 Ancyritani

67 2067 202 2100 antiquam
226 2070 254 2093 et
275 2065 380 2100 plenam
406 2065 564 2092 auctoritate
588 2065 747 2092 senteutiam
772 2065 856 2091 sacris

67 2113 226 2142 testimoniis
246 2113 325 2147 plane
346 2112 496 2146 explanavi,
523 2111 669 2138 ostendens
692 2119 752 2138 enm
777 2118 856 2145 posse

68 2159 212 2188 restaurari
236 2158 261 2185 in
285 2158 391 2193 proprio
414 2157 531 2190 honore,
555 2157 598 2191 qui
623 2164 670 2190 per
693 2157 856 2190 poeniteutiae

68 2207 274 2235 satisfactionem
291 2206 363 2233 novit
378 2206 484 2240 propria
496 2205 591 2232 delicta
605 2204 721 2231 deflere:
734 2204 777 2238 qui
793 2211 856 2231 vero

69 2260 154 2289 neque
165 2255 235 2288 luget
245 2260 304 2288 quie
324 2253 416 2285 gessit,
431 2251 478 2278 sed
493 2251 606 2285 lugenda
618 2251 676 2278 sine
689 2250 744 2277 ullo
757 2250 855 2284 pudore

907 1662 1104 1696 coinquinavit;
1131 1660 1245 1688 sortasse
1260 1659 1377 1695 porriget
1396 1659 1433 1684 illi
1450 1666 1556 1684 manum
1576 1658 1698 1691 qnando—

907 1717 957 1744 que
972 1708 1089 1742 Spiritus
1113 1712 1233 1741 sanctus,
1251 1711 1279 1733 ut
1299 1713 1345 1740 per
1360 1705 1466 1740 dignam
1488 1704 1697 1732 satisfactionem

907 1760 1041 1782 mereatur
1054 1759 1222 1790 peccatorum
1248 1751 1442 1780 remissionem.
1469 1751 1519 1778 Pro
1539 1759 1582 1778 tue
1595 1758 1699 1785 quoque

906 1801 1046 1835 deprecor,
1068 1798 1230 1826 sanctissimi
1253 1793 1418 1830 sacerdotes,
1439 1801 1469 1824 ut
1489 1797 1614 1832 pietatem
1631 1796 1700 1824 divi-

907 1855 968 1875 nam
978 1854 1089 1874 exorare
1102 1845 1256 1880 dignemini,
1272 1847 1300 1870 ut
1318 1844 1459 1871 immemor
1476 1843 1605 1870 malorum
1626 1850 1700 1870 tueo-

907 1903 977 1927 rum,
997 1895 1094 1929 quibus
1114 1899 1141 1922 et
1168 1894 1225 1927 ipse
1244 1892 1377 1927 collapsus
1397 1899 1467 1924 sum,
1487 1899 1502 1918 a
1527 1895 1697 1926 peccatorum

906 1941 1024 1973 vinculo,
1038 1941 1135 1974 quibus
1154 1940 1204 1966 huc
1218 1946 1301 1973 usque
1316 1946 1374 1965 sum
1390 1938 1539 1972 colligatuS,
1557 1937 1697 1970 dissolvat,

906 1990 935 2014 et
948 1986 1060 2013 fructum
1072 1985 1243 2019 indulgentiae
1259 1984 1352 2011 vestris
1368 1985 1471 2010 meritis
1483 1983 1590 2009 tribuat.

1186 2040 1351 2068 EPISTULA
1375 2040 1417 2066 vt.

1142 2106 1237 2126 tsinont
1256 2106 1369 2126 cLAtJnto
1388 2105 1460 2125 nuel.

908 2157 988 2192 567
1008 2156 1109 2183 Dilecto
1126 2155 1150 2181 in
1165 2155 1272 2182 Christo
1294 2153 1347 2180 tilio
1364 2152 1474 2179 Claudio
1489 2152 1550 2179 duci
1571 2151 1699 2178 isidorus.

944 2204 969 2229 i.
984 2202 1127 2230 Catholicae
1139 2200 1302 2228 strenuitatis
1321 2203 1374 2226 ture
1386 2198 1535 2233 suscipiens
1546 2197 1700 2230 schedulas,

907 2249 1012 2276 Domini
1032 2249 1115 2276 nostri
1131 2248 1194 2275 Jesu
1209 2246 1307 2274 Christi
1327 2245 1549 2280 omnipotentiam
1565 2243 1702 2272 collauda-

70 2300 218 2334 religionis,
236 2299 277 2326 vel
293 2299 388 2325 timore
405 2297 500 2332 judicii
521 2296 602 2323 divini
620 2295 773 2328 committit,
795 2303 856 2323 enm
870 2302 898 2333 Β
910 2303 980 2328 mus,
994 2296 1037 2330 qui
1052 2295 1086 2322 de
1110 2295 1246 2329 prosperis
1269 2294 1321 2320 tuis
1335 2292 1503 2320 successibus
1518 2296 1544 2319 et
1560 2290 1701 2324 triumphis

73 2344 145 2372 nullo
160 2345 238 2372 modo
250 2351 329 2378 posse
342 2344 375 2371 ad
387 2343 527 2378 pristinum
538 2342 649 2376 gradum
666 2343 821 2369 restaurari.

109 2391 153 2419 ts.
178 2391 206 2418 ln
230 2392 310 2418 tinem
324 2395 411 2418 autem
430 2391 551 2426 epistolae
570 2390 648 2424 huius
668 2390 719 2416 hoc
732 2388 860 2424 adjicien-

76 2437 138 2465 dum
153 2437 251 2471 putavi,
266 2441 297 2465 ut
309 2438 516 2472 quotiescunque
534 2437 563 2464 in
582 2437 664 2472 gestis
685 2435 858 2463 conciliorum

76 2483 179 2510 discors
197 2483 328 2510 semotio
345 2483 489 2517 invenitur,
513 2483 584 2510 illius
597 2482 703 2510 concilii
722 2481 806 2516 magis
820 2485 860 2509 te-

78 2534 171 2558 neatur
193 2529 334 2562 sententia,
360 2529 436 2564 cujus
456 2529 589 2564 antiquior
607 2534 654 2556 aut
673 2528 761 2563 potior
772 2531 861 2556 exstat

113 2612 141 2640 8.
155 2610 219 2644 atii,
232 2618 294 2638 nant
310 2611 489 2639 mutatum
555 2610 589 2639 eti
601 2610 727 2642 doctrina,
742 2614 795 2637 etc.
815 2609 859 2642 Et,

78 2647 225 2696 mentisque,
250 2653 298 2681 pro
319 2617 594 2688 meritorumquffiul
614 2649 669 2679 ata,
692 2653 738 2672 nec
760 2647 859 2680 poterat

60 2716 63 2719 ’
77 2681 296 2749 ,ωὲνξξτωῗτῗ
309 2679 579 2743 eamus&
599 2686 860 2749 vnotxtvhmcmm·

79 2751 379 2828 νεῗῇἱἾοΙιοιιικιιιῳι·
386 2767 507 2813 dubitant
517 2782 636 2824 nonnulli
652 2789 686 2810 en
701 2783 816 2818 genuina
829 2771 864 2812 sit

46 2829 57 2841 ν
75 2821 141 2886 ιιι
186 2820 273 2850 istola.
289 2820 416 2848 Rationes
443 2827 484 2847 uas
492 2825 640 2865 genuinam·
651 2824 711 2845 earn
725 2825 861 2867 φορτο-

115 2859 147 2885 nt
180 2855 238 2886 «tert
250 2859 363 2892 possunt
373 2855 423 2883 inl
466 2858 576 2886 omnis,
586 2858 645 2888 esp.
659 2851 708 2884 74,
721 2852 797 2893 mss.
810 2853 824 2881 t
834 2857 863 2882 et

81 2899 169 2928 seqq„
183 2897 244 2928 qua
254 2890 336 2920 etim
356 2886 391 2920 sd
409 2888 622 2926 expansionem
639 2886 763 2922 epistota
773 2886 863 2916 'aare

912 2342 1038 2369 Ecclesiae
1060 2344 1160 2368 sauctae
1183 2347 1237 2367 suae
1252 2339 1462 2366 misericorditer
1480 2338 1506 2364 in
1528 2335 1654 2371 praesenti
1668 2335 1704 2363 do

910 2389 1025 2416 inimicis
1040 2387 1204 2422 triumphare
1220 2387 1342 2421 largitur.
1355 2386 1393 2412 Te
1407 2385 1514 2419 quidem
1530 2390 1573 2410 me
1587 2382 1639 2416 piis
1658 2389 1703 2409 ur·

910 2441 989 2470 gente
1014 2433 1197 2468 petitionibus,
1217 2432 1268 2458 tuis
1290 2429 1505 2464 inquisitionibus
1529 2427 1702 2462 respondere,

912 2481 987 2508 laetor
999 2481 1024 2506 in
1043 2479 1165 2512 Domino,
1182 2477 1245 2512 quia
1257 2484 1288 2504 ea
1302 2483 1363 2511 qsae
1374 2479 1438 2503 sunt
1446 2475 1480 2502 de
1492 2475 1546 2502 tide
1558 2474 1702 2506 catholiea,

912 2526 1026 2554 sollicite
1039 2523 1180 2559 perquiris.
1198 2523 1238 2550 Ad
1260 2521 1287 2550 id
1308 2529 1373 2556 ergo
1386 2521 1455 2556 quod
1469 2520 1592 2555 objecisti
1604 2520 1702 2554 primo,

913 2610 1032 2642 possunt.
1046 2605 1131 2634 Διιῑν.

950 2642 1039 2668 Ertsr.
1056 2639 1136 2668 qu.
1151 2639 1177 2667 ¹.
1194 2639 1235 2666 Ad
1247 2639 1319 2667 hune
1339 2637 1477 2667 Claudium
1500 2636 1592 2666 scribit
1606 2637 1700 2675 Grcg..

914 2677 962 2705 lib.
977 2683 1023 2703 vn.
1044 2675 1135 2709 regist.
1148 2681 1191 2709 ep.
1208 2673 1269 2700 tet.
1283 2674 1383 2701 Pensz.

950 2711 1020 2738 1tn‘d.
1047 2710 1170 2744 Plerique
1196 2709 1330 2736 affirmant
1341 2729 1349 2741 ,
1375 2709 1509 2743 proeclptte
1534 2707 1701 2743 heterodoxi,

916 2747 1055 2781 epistotam
1070 2745 1104 2773 ad
1123 2744 1262 2773 Claudium
1276 2744 1370 2772 isidori
1392 2744 1475 2773 fetum
1487 2743 1633 2778 genuinum
1648 2748 1703 2775 uua

917 2789 988 2814 esse.
1005 2781 1033 2807 ln
1049 2779 1213 2812 isidorianis,
1228 2786 1287 2814 cap.
1304 2779 1349 2811 ¹14,
1366 2787 1440 2809 unm.
1453 2778 1470 2806 9
1483 2783 1510 2806 et
1519 2787 1584 2814 seqq
1599 2799 1606 2812 ,
1621 2777 1703 2814 argu4

916 2823 1005 2844 menta
1020 2815 1107 2848 attuli,
1124 2814 1220 2849 quibus
1234 2813 1292 2842 haec
1316 2814 1427 2850 epistola
1442 2813 1543 2843 isidoro
1556 2823 1586 2842 as
1617 2815 1701 2842 ritur·

914 2852 997 2880 multa
1009 2856 1115 2886 quoque
1127 2849 1249 2885 exposui,
1274 2849 1371 2886 quibus
1395 2849 1489 2878 eaden
1513 2821 1628 2887 epil&
1641 2837 1703 2878 ittu'·

915 2887 995 2914 strsri
1007 2888 1106 2922 potest.
1123 2885 1209 2912 Am.
1538 2886 1592 2902 -”·<·
1611 2885 1634 2899 ¹³¹
