1832 3016
440 192 554 221 CAPUT
575 192 617 219 vt.

414 250 455 278 De
467 258 569 278 nomme
578 250 654 277 lesu.

173 315 198 341 i.
213 313 302 340 Prima
316 317 387 338 emm
412 308 557 344 appellatio
579 307 695 335 nominis
711 306 775 334 Jesu
797 305 932 334 invenitur

135 362 162 389 in
178 360 262 394 ligura
277 357 382 385 Domini
394 355 481 383 nostri
494 354 556 381 lesu
567 353 666 381 Christi
683 357 760 380 antea
774 351 931 387 praedicata.

135 407 204 434 Nam
218 406 304 433 Auses
319 403 438 438 quidam,
455 401 500 436 qui
520 400 591 428 Nave
606 399 676 426 lilius
691 398 882 426 nominabatur
894 418 902 431 ‚
917 405 934 424 a

136 450 228 489 Moyse
242 451 319 479 Jesus
332 448 537 484 cognominatur
552 446 646 480 (Num.
664 453 724 478 xm,
739 445 793 480 ¹17).
811 444 860 472 Hic
873 448 934 479 post

138 499 240 526 obitum
254 496 335 532 Moysi
350 495 405 521 dux
427 493 539 521 enectus
555 492 733 527 principatum
749 491 885 522 obtinuit,
906 494 934 517 et

138 550 239 572 terram
265 540 454 576 promissionis
478 538 634 566 haereditate
658 537 805 564 distribuit.
823 536 934 563 Mutatio

136 590 254 618 nominis
270 588 332 623 quid
348 586 528 621 significabat,
546 585 597 611 nisi
612 584 672 619 quia
686 583 813 611 defuncto
829 583 932 617 Moyse,

136 636 165 664 id
178 639 235 668 est,
259 633 383 661 defuncta
400 633 469 667 lege,
487 635 514 658 et
529 630 607 665 legali
631 635 766 664 pra-cepto
789 633 914 656 cessante
925 649 932 660 ,

138 680 194 709 dux
210 680 287 707 nobis
305 678 434 706 Dominus
446 677 525 705 lesus
538 676 662 703 Christus
676 680 734 702 erat
748 675 853 701 iuturus
867 693 874 706 ,
889 674 935 709 qui

140 734 191 754 nos
204 734 253 761 per
276 724 401 752 Jordanis
416 722 527 754 fluenta,
544 721 570 747 id
589 725 640 754 est,
657 727 703 753 per
717 719 830 754 gratiam
848 719 935 753 bapti-

140 773 192 801 smi
218 771 419 803 sanctificatos,
444 773 472 796 et
494 768 620 795 omnibus
635 766 762 793 vitiorum
787 765 934 800 generibus

139 819 267 855 expulsis,
286 818 327 846 vel
341 817 498 852 angelorum
515 815 646 842 malorum
659 813 781 840 hostibus
797 812 933 847 effugatis,

138 865 299 900 perduceret
313 863 346 890 ad
363 869 461 890 terram
482 860 600 888 coelestis
618 860 671 894 18
693 858 911 892 rvpromissionis
926 881 932 891 ,

137 910 228 942 melle,
242 915 270 937 et
281 909 350 937 lacte
365 912 527 938 manantem,
545 906 570 933 id
586 910 643 937 est⁷
670 904 731 931 vitae
746 909 855 931 aeterna:
872 912 934 939 pos-

139 958 300 989 sessionem,
314 963 365 991 qua
379 955 446 982 nihil
462 955 566 982 dulcius
578 955 589 980 ἲ

174 1004 201 1030 2.
219 1003 282 1031 ldeo
296 1003 367 1030 enim
390 1003 432 1030 vir
454 1003 497 1029 ille
519 1003 598 1036 hujus
614 1002 776 1031 sacramenti
791 1002 934 1035 imaginem

136 1049 274 1085 suscepit.
290 1054 319 1075 ut
343 1048 420 1075 lesus
437 1048 643 1081 nominaretur,
669 1049 700 1074 ad
728 1046 935 1082 significandum

138 1095 214 1125 illmn
225 1102 318 1122 verum
333 1094 437 1126 lesum,
453 1094 486 1120 de
499 1102 551 1128 quo
566 1094 591 1120 in
609 1094 720 1120 Psalmis
733 1094 863 1127 scriptum
879 1096 935 1119 est:

142 1142 249 1175 venite,
273 1141 428 1169 exsultemus
445 1141 555 1168 Domino
567 1162 574 1174 ‚
597 1141 740 1176 jubilemus
762 1140 815 1167 Deo
829 1140 937 1166 salutari

139 1188 227 1225 (Psal.
241 1195 330 1218 cxttx,
344 1187 370 1221 st)
381 1207 387 1219 ,
401 1186 426 1213 id
441 1191 493 1219 est,
507 1186 569 1213 lesu
584 1188 650 1220 patri
666 1191 768 1212 nostro.
784 1185 831 1212 Ubi
847 1190 938 1212 0=ten-

139 1234 213 1262 ditur
230 1233 371 1260 Dominum
387 1239 413 1260 et
429 1234 511 1260 Denm
528 1240 588 1259 esse
603 1233 706 1264 lesum,
721 1233 754 1259 de
769 1240 821 1267 qno
835 1238 860 1258 et
873 1231 937 1258 :tlibi

140 1281 169 1308 in
186 1279 298 1307 Psalmis
314 1288 320 1305 ι
340 1279 406 1312 Quia
425 1279 508 1313 placet
524 1279 573 1305 sibi
590 1279 716 1306 Dominus
728 1279 753 1304 in
769 1278 864 1313 populo
880 1286 936 1309 sua,

139 1331 165 1354 el
179 1325 303 1353 exaltabit
319 1329 463 1350 mansuetos
485 1325 510 1350 in
526 1323 598 1350 Jestt.
618 1325 680 1351 Haec
695 1324 765 1351 enim
784 1324 809 1350 in
824 1323 938 1364 Hebraeo

141 1373 182 1401 sic
194 1373 335 1399 habentur.
349 1379 375 1400 >-
387 1371 422 1398 De
438 1379 490 1405 qno
506 1371 625 1406 apertius
641 1370 764 1397 ttabacuc
780 1371 883 1398 intonat
898 1370 939 1396 di-

141 1426 207 1446 cens
222 1427 228 1445 z
244 1418 299 1453 qu
324 1417 439 1453 gaudebo
457 1417 483 1443 in
498 1416 624 1450 Domino,
653 1422 675 1443 et
692 1416 826 1443 exsultabo
842 1416 869 1442 in
885 1415 938 1444 Deo

141 1466 205 1497 lesu
221 1475 275 1493 meo
290 1465 405 1501 (Habac.
423 1473 462 1498 ιιι,
480 1464 535 1499 18).

446 1521 559 1548 CAPUT
582 1521 635 1547 vlt.

161 1569 278 1597 Christus
292 1577 324 1596 ex
344 1568 437 1595 semine
462 1567 572 1594 Abraltoe
585 1567 725 1594 secundum
740 1575 844 1593 carnem
860 1567 919 1601 suit.
956 1579 979 1610 C
995 1578 1146 1612 pervicacia
1165 1579 1308 1612 mpufficae
1323 1577 1419 1605 smmis
1434 1578 1527 1605 dicum
1544 1577 1661 1604 nondum
1683 1584 1743 1604 esse
1758 1576 1785 1604 id

182 1626 208 1652 i.
224 1626 300 1659 Quod
326 1630 414 1652 autem
433 1633 465 1652 ex
490 1624 593 1652 semine
618 1624 731 1651 Abrahae
748 1624 852 1651 iuturus
866 1629 939 1651 esset

144 1673 275 1701 Dominus
287 1673 365 1700 lesus
379 1672 503 1700 Christus
515 1693 523 1706 ,
540 1672 653 1699 Genesis
667 1672 805 1703 ostendit,
833 1671 940 1698 dicente

143 1719 281 1748 Abraham
295 1719 328 1747 ad
343 1727 455 1754 puerum
472 1726 548 1745 sunm
565 1727 571 1745 z
589 1719 659 1745 Pone
675 1726 779 1745 manum
800 1722 869 1745 tuam
892 1718 938 1744 sub

178 1799 243 1827 Cer.
260 1807 297 1827 vt.
316 1799 348 1826 N.
364 1800 390 1827 i.
407 1799 447 1825 ΑΙ.
459 1818 466 1831 ,
484 1799 607 1833 praedicta
630 1806 677 1831 pro
696 1797 847 1832 proedicata.
865 1798 936 1824 lllsn.

182 1835 253 1862 lbid.
272 1835 341 1862 Nam
363 1838 443 1862 Auses
454 1835 568 1867 qnidam,
585 1834 628 1868 qui
649 1833 720 1859 Nave
732 1833 801 1866 filius
819 1834 937 1859 nomina-

146 1872 231 1898 batur.
248 1871 457 1897 'sarraconensis
473 1872 575 1902 major,
590 1875 612 1895 et
632 1870 722 1895 excusi
740 1869 828 1900 tetrum
846 1877 852 1893 :
871 1868 939 1894 Nam

145 1906 354 1941 Josuzquidmn,
370 1912 422 1932 etc.
440 1906 534 1932 Nostra
551 1905 629 1931 lectio
646 1905 671 1930 in
693 1903 847 1937 ttispatensi
861 1909 937 1935 crat,

145 1947 173 1969 et
186 1941 381 1968 Tarraconensi
394 1941 507 1972 minori;
525 1947 548 1967 et
564 1940 673 1967 Numer.
693 1947 750 1970 xm.
768 1940 813 1969 17,
827 1939 868 1965 nbi
892 1946 940 1965 nns

147 1978 281 2012 legimus:
309 1976 464 2011 Vocavitque
482 1977 545 2003 Osee
570 1981 644 2007 mma
667 1975 747 2008 filium
769 1974 830 2000 Nun
842 1974 939 2006 ,losue‚·

145 2013 320 2046 Septuaginta
335 2013 463 2038 dixerunt
480 2020 486 2038 :
503 2011 666 2046 Ἐπωνόμασε
693 2015 801 2040 Μωυσῆς
815 2011 855 2037 τὸν
872 2011 940 2040 Λὺσῆ

146 2048 199 2074 υἱὸν
218 2051 288 2077 Ναυῆ
315 2049 421 2077 Ἰησοῦν.
445 2047 518 2074 llanc
546 2047 717 2081 Septuaginta
745 2046 941 2078 interpretatio-

146 2091 209 2110 nem
239 2087 346 2110 secutus
371 2088 413 2109 est
437 2083 564 2109 isidorus.
598 2082 681 2109 Totus
709 2088 773 2107 vero
800 2080 884 2111 locus,
911 2087 942 2107 ac

148 2125 243 2151 inagna
264 2125 324 2152 cap.
345 2119 360 2145 6
385 2125 445 2150 pars
468 2118 607 2152 desumpta
634 2121 676 2143 est
700 2124 730 2142 ex
757 2116 939 2150 Tertulliano,

146 2152 217 2179 libro
241 2157 335 2179 contra
359 2152 480 2185 Judaeos,
504 2153 547 2179 uhi
572 2153 630 2178 ait:
647 2152 714 2177 Dum
739 2151 822 2185 Moysi
841 2159 941 2177 succes·
959 2163 983 2191 D

148 2195 191 2214 sor
205 2187 373 2214 destinaretur
389 2187 469 2214 Auses
490 2188 560 2221 filius
580 2186 653 2213 Nave
665 2207 672 2219 ,
701 2189 856 2220 transfertur
876 2191 943 2213 certe

150 2223 182 2249 de
206 2223 313 2256 pristino
338 2224 450 2253 nomine,
465 2222 554 2257 incipit
568 2223 652 2248 vocari
672 2222 750 2248 Jesus
762 2243 769 2254 ,
798 2226 850 2248 etc.
869 2221 944 2248 Unde

149 2257 300 2292 colligimus
326 2257 406 2284 etiam
437 2258 515 2292 paulo
547 2256 660 2283 inferius
693 2257 834 2290 legendum
850 2276 856 2287 ‚
887 2256 945 2288 Qua

150 2292 215 2319 nihil
240 2293 356 2325 dulcius,
384 2293 572 2326 potiusquam,
600 2291 657 2324 Qua
683 2292 748 2318 nihil
772 2295 808 2317 est
832 2291 943 2318 dulcius.
969 2306 973 2311 -

149 2328 271 2356 Tametsi
294 2329 352 2355 haec
373 2327 452 2354 lectio
473 2327 498 2354 in
523 2327 716 2353 Tarraconensi
732 2326 827 2352 minori
849 2330 876 2352 et
900 2326 945 2353 lli-

150 2363 268 2399 spalensi
282 2368 350 2390 erat.
365 2362 434 2389 Min.

188 2398 259 2426 ltrid.
276 2398 331 2430 At..
346 2403 440 2424 terrant
455 2397 589 2433 prontissoe
601 2396 768 2424 ltoeretiitatis.
786 2395 857 2423 ΜΑιι.

187 2434 214 2461 2.
229 2433 285 2461 D'eo
299 2434 408 2460 salutari
421 2453 427 2466 ,
449 2433 476 2460 id
488 2438 541 2462 est.
562 2432 626 2459 Jesu
637 2432 712 2458 Patri
732 2436 832 2458 nostro.
846 2430 943 2458 Vocem

153 2470 275 2497 Latinam
291 2477 338 2503 per
354 2469 511 2496 Hebraicam
527 2467 653 2499 reddidit.
670 2468 694 2494 id
709 2471 809 2493 tantum
827 2466 944 2493 indicare

151 2506 259 2537 volens,
272 2505 317 2532 ubi
329 2505 355 2532 in
370 2504 463 2531 Latina
479 2505 603 2530 versione
614 2511 664 2530 vox
679 2502 803 2534 salutare,
819 2501 860 2528 vel
873 2501 944 2528 salus

152 2540 303 2572 invenitur,
324 2540 351 2567 in
368 2539 500 2567 Hebraico
513 2540 677 2573 respondere
697 2545 794 2565 nomen
808 2537 883 2565 lesu.
898 2538 945 2563 At-

151 2583 206 2611 que
217 2576 269 2603 hoe
281 2576 368 2610 ipsum
383 2579 493 2603 secutus
507 2575 630 2610 proximo
644 2573 809 2605 testimonio,
823 2572 895 2607 quod
910 2579 943 2599 ex

154 2611 255 2638 Psalm.
271 2618 364 2646 cxmx,
380 2611 398 2638 t
412 2610 582 2645 desumptum
603 2614 660 2643 est,
675 2608 722 2636 ubi
736 2615 784 2635 nos
808 2608 942 2641 legimus:

155 2645 288 2673 Emeum
303 2650 447 2673 mansuetos
469 2646 497 2672 in
509 2645 616 2672 salutem
626 2665 635 2678 ‚
658 2645 715 2679 ipse
734 2643 890 2679 Hieronymi
905 2642 943 2670 in-

154 2681 378 2715 terpretationem
399 2684 517 2714 secutus,
529 2680 599 2708 dixit
611 2689 618 2707 z
643 2679 677 2707 Et
690 2678 812 2712 exaltavit
826 2685 945 2705 mantue-

157 2720 195 2743 tos
208 2717 235 2742 in
247 2715 324 2744 Iesu.
339 2717 461 2751 Sequens
475 2715 590 2750 denique
605 2716 787 2743 testimonium
808 2721 840 2742 ex
855 2712 944 2741 Haba-

153 2756 206 2778 eue
222 2759 261 2783 m,
276 2752 322 2786 ¹8,
339 2752 396 2788 Eyo
409 2751 527 2788 qaudebo
545 2752 572 2784 in
596 2751 723 2785 Domino,
736 2754 761 2778 et
772 2749 904 2778 exsultabo
916 2749 944 2775 in

155 2785 213 2825 ριο
227 2785 293 2813 lesu
302 2794 369 2820 meo,
383 2786 510 2822 quoniam
523 2786 558 2814 ad
573 2793 628 2814 rem
641 2787 668 2814 in
682 2786 778 2821 primis
791 2784 854 2813 iacit
865 2804 874 2817 .
896 2783 943 2811 ad-

202 2820 290 2853 ‘mus;
304 2822 384 2850 obelo
398 2826 491 2850 umen
511 2825 643 2857 notatum.
660 2822 787 2858 quoniam
806 2819 834 2851 in
848 2818 942 2856 Hispa-

216 2855 341 2891 ttantum
355 2856 516 2891 invenimus.
531 2857 604 2885 usn.
706 2859 729 2878 ²?
750 2867 754 2876 ι
807 2862 822 2873 ··
874 2861 878 2869 ·
897 2865 899 2870 ·

664 136 694 165 S.
714 135 840 165 lSlDORl
861 134 1081 164 fflSt’ALENSts
1101 134 1258 164 episcopt

942 193 971 224 A
981 196 1078 228 temore
1090 200 1160 224 meo,
1181 197 1205 219 et
1223 193 1287 227 ,iura
1300 198 1346 227 per
1362 190 1444 218 Deum
1459 190 1516 218 coett
1538 190 1617 227 (Gen.
1631 197 1710 224 xxiv,
1730 190 1774 227 2).

952 889 974 918 B
988 883 1062 916 quasi
1077 881 1223 908 Gomorrha
1238 882 1334 908 similes
1350 882 1413 916 sacti
1427 890 1538 909 essemus
1556 880 1633 916 (lsai.
1650 888 1670 914 ι,
1687 880 1728 914 Sl).

1722 134 1776 163 ⁴63

985 237 1043 271 Quo
1055 237 1138 265 verbo
1150 236 1287 264 Christum
1301 237 1385 264 Deum
1396 236 1458 264 coeli
1472 237 1506 264 de
1518 244 1618 272 genero
1628 243 1678 263 suo
1693 231 1789 264 testi--
1810 225 1820 260 f

985 283 1064 311 batur
1074 283 1191 311 incarne
1203 290 1264 310 esse
1276 286 1429 311 venturum.
1444 282 1494 310 Per
1506 282 1594 309 femur
1605 282 1676 309 enim
1691 282 1797 316 genus-<-

985 330 1159 366 intelligitur;
1174 329 1374 364 significabatur
1398 329 1468 356 enim
1485 329 1520 356 de
1538 328 1640 356 semine
1661 328 1776 357 Abrahn
1809 318 1820 364 J

986 375 1103 403 tuturum
1119 376 1145 403 in
1169 383 1251 403 carne
1278 375 1361 404 Deum
1384 375 1444 403 coeti
1461 383 1466 400 :
1482 374 1517 402 de
1532 381 1584 409 quo
1600 375 1704 401 semine
1729 381 1776 408 per

986 420 1060 448 Isaac
1073 421 1139 448 iacta
1155 421 1243 449 suerat
1266 421 1320 449 eia
1346 421 1458 448 Domino
1472 421 1658 455 repromissio.
1678 419 1713 447 In
1735 428 1777 447 se·
1808 409 1818 416 ’

986 468 1065 501 mine,
1078 468 1174 503 inquit,
1186 473 1230 496 tuo
1241 468 1421 498 benedicentur
1429 476 1515 495 omnes
1523 472 1609 503 gentes
1617 466 1693 501 (Gen.
1707 474 1775 498 xxii.
1808 471 1811 477 ·

987 514 1045 548 ¹8),
1061 515 1088 542 id
1099 519 1149 548 est,
1167 516 1218 550 19
1231 515 1258 542 ἱιι
1272 515 1392 547 Christo.
1408 514 1441 542 de
1452 522 1504 548 quo
1516 514 1656 541 Psalmtsta
1670 517 1709 539 ait
1724 522 1729 538 t
1746 512 1778 539 Et

987 561 1165 588 benedicentur
1184 563 1210 587 in
1223 569 1252 588 eo
1276 569 1362 587 omnes
1378 560 1459 587 tribus
1475 564 1549 587 terroe
1560 579 1567 591 ‚
1591 567 1677 586 omnes
1692 563 1779 594 genten
1807 565 1817 589 ζ

987 607 1186 643 maqnificabnnt
1198 615 1256 634 eum
1270 606 1357 641 (Psal.
1374 613 1447 638 uxi,
1463 605 1518 639 Π).

1022 653 1050 680 2.
1068 653 1105 680 De
1121 653 1171 680 hoc
1186 653 1304 685 semine,
1330 657 1357 679 et
1380 659 1466 687 per><
1483 651 1605 678 eumdem
1619 650 1712 677 lsaiam
1729 657 1779 677 vox
1815 679 1818 682 Α

987 697 1092 725 Domini
1110 698 1227 732 loquitur
1241 706 1247 724 ε
1264 698 1380 724 Edttcam
1393 717 1400 730 ‚
1425 698 1520 732 inquit,
1533 698 1565 724 de
1579 696 1660 723 Jacob
1676 704 1780 730 semen,
1816 695 1818 699 ’

987 748 1010 770 et
1023 743 1054 769 de
1068 743 1141 770 Juda
1151 743 1310 778 possidentes
1325 748 1422 770 montes
1437 752 1505 770 meos
1521 742 1597 777 (lsai.
1609 750 1670 773 nv,
1686 742 1725 776 9).
1744 742 1781 769 De

988 796 1040 824 quo
1055 789 1117 816 alibi
1147 790 1216 816 idem
1244 790 1373 824 propheta
1397 799 1403 815 :
1431 789 1490 816 Nisi
1516 789 1641 816 Dominus
1666 786 1780 815 sabaoth

988 836 1130 870 reliquisset
1145 835 1218 862 nobis
1240 843 1324 862 semen
1334 857 1341 868 ,
1358 835 1431 870 quasi
1446 835 1561 862 Sodoma
1583 834 1718 869 fuissemus
1731 855 1738 866 ‚
1757 836 1782 859 et

1281 938 1394 966 CAPUT
1415 938 1481 966 Vlll.

1145 974 1182 1001 De
1199 974 1268 1001 tribu
1283 973 1354 1000 Juda
1368 979 1440 1001 ortus
1455 979 1492 1001 est
1508 973 1636 1000 Christus.

1025 1022 1051 1048 1.
1071 1021 1103 1048 Et
1117 1022 1178 1055 qnia
1194 1021 1227 1048 de
1242 1021 1312 1048 tribu
1329 1021 1396 1048 tuda
1412 1021 1558 1048 secundnm
1581 1027 1688 1047 earnem
1703 1020 1782 1047 Chri-

990 1071 1048 1093 stus
1064 1068 1261 1100 exspectandus
1277 1070 1360 1098 esset,
1377 1066 1460 1093 Jacob
1473 1066 1623 1100 patriarcha
1638 1066 1781 1100 significat,

989 1113 1102 1139 dicens:
1122 1112 1181 1139 Non
1204 1112 1304 1146 deliciet
1328 1113 1446 1148 princeps
1469 1120 1501 1139 esc
1515 1111 1598 1145 lucta,
1615 1120 1661 1138 nec
1676 1112 1730 1138 dux
1750 1112 1782 1138 de

990 1159 1128 1193 semoribus
1140 1160 1206 1194 ejus,
1223 1159 1302 1186 floriet:
1314 1159 1397 1186 veniat
1411 1159 1456 1193 qui
1471 1159 1610 1185 mittendus
1625 1163 1672 1184 est.
1684 1157 1716 1183 Et
1729 1158 1784 1191 ipsc

990 1206 1037 1232 erit
1052 1206 1205 1240 exspectatio
1219 1206 1334 1240 ¹qentium
1351 1205 1428 1240 (Gen.
1447 1213 1524 1239 mx,
1543 1205 1599 1240 ¹0).
1614 1204 1727 1232 Certum
1742 1207 1784 1232 est

989 1251 1073 1284 enim,
1087 1259 1171 1285 usque
1186 1251 1218 1277 atl
1235 1255 1323 1278 ortum
1337 1250 1438 1277 Christi
1455 1258 1506 1277 non
1519 1249 1636 1277 defuisse
1647 1249 1782 1284 principes

990 1298 1081 1332 populi
1095 1297 1247 1325 Juaaeorum
1262 1305 1294 1325 ex
1306 1306 1406 1333 genere
1421 1298 1489 1326 Jnda
1504 1318 1511 1331 ‚
1527 1305 1577 1324 nec
1592 1297 1674 1324 duces
1689 1297 1723 1324 de
1744 1295 1783 1324 fe·

991 1345 1110 1372 moribus
1123 1345 1181 1378 ejus
1193 1352 1279 1378 usque
1291 1345 1323 1371 ad
1340 1345 1474 1372 Herodem
1491 1344 1667 1379 alienigenam
1679 1352 1782 1379 regem.

990 1390 1034 1424 qui
1051 1398 1097 1424 per
1111 1389 1283 1417 ambitionem
1300 1390 1374 1425 regni
1389 1390 1534 1424 irrepserat
1546 1395 1718 1425 potestatem.

1026 1436 1054 1463 ΕΞ.
1080 1436 1174 1463 Statim
1189 1437 1259 1464 enim
1275 1441 1304 1463 ut
1325 1436 1376 1464 hnc
1392 1438 1490 1464 sactum
1506 1441 1563 1469 est,
1579 1435 1714 1463 etdelecit
1729 1435 1784 1462 dux
1811 1466 1814 1467 ⁷

991 1491 1023 1510 ex
1048 1483 1151 1511 semine
1166 1483 1243 1510 Judae
1255 1503 1262 1516 ,
1289 1483 1396 1510 advenit
1419 1483 1463 1510 ille
1481 1484 1526 1518 qui
1547 1482 1694 1510 mittendus
1708 1486 1782 1516 erat,

991 1537 1071 1564 quem
1087 1535 1182 1565 gentes
1202 1535 1229 1556 et
1248 1531 1337 1564 populi
1363 1530 1565 1564 exspectabant.
1587 1529 1673 1556 Judaei
1695 1534 1785 1557 autent

995 1630 1100 1659 tempus
1111 1626 1259 1660 expletum,
1273 1626 1433 1653 mentientes
1445 1625 1534 1652 nescio
1546 1633 1623 1659 quem
1637 1631 1724 1658 regem
1733 1623 1786 1659 20

995 1678 1026 1697 ex
1042 1678 1140 1704 genere
1165 1671 1242 1698 Jndae
1260 1670 1286 1697 in
1309 1670 1437 1698 extremis
1461 1669 1578 1697 Orientis
1603 1670 1723 1704 partibus
1738 1676 1782 1695 re·

995 1724 1075 1752 gnum
1092 1722 1192 1744 tenere.

1027 1799 1092 1826 (Συ).
1106 1806 1152 1826 vn.
1166 1797 1198 1826 N.
1213 1798 1237 1824 1.
1255 1797 1292 1824 De
1303 1805 1353 1832 quo
1366 1798 1461 1824 semiue
1473 1805 1517 1831 per
1528 1797 1604 1824 Isaac
1619 1799 1687 1832 [acta
1701 1798 1787 1832 suerat

993 1835 1015 1861 ei
1036 1844 1052 1861 a
1068 1833 1179 1860 Domino
1195 1834 1370 1867 repromissio.
1386 1834 1508 1867 Quinque
1523 1832 1636 1859 Codices
1651 1838 1783 1859 constan-

994 1875 1034 1896 ter
1046 1878 1092 1903 pro
1106 1868 1182 1895 Isaac
1198 1869 1320 1903 legebant
1336 1868 1446 1895 Isaiatn.
1465 1872 1490 1894 ln
1505 1867 1626 1894 Gothicis
1638 1867 1703 1894 nihil
1715 1872 1784 1900 erat,

994 1910 1095 1931 tantum
1120 1905 1145 1931 in
1161 1905 1355 1931 Tarraconensi
1379 1903 1475 1938 majori
1505 1903 1581 1930 Isaiat
1606 1910 1702 1930 nomen
1719 1904 1787 1930 suba
1815 1930 1819 1933 ,

994 1942 1109 1967 obscure
1124 1942 1147 1966 in
1162 1941 1234 1966 isaac
1252 1941 1348 1966 mutari
1365 1940 1515 1969 videbatur.
1525 1946 1604 1972 quam
1622 1946 1671 1965 nos
1692 1938 1786 1965 lectio·

997 1983 1068 2008 nem,
1085 1981 1114 2002 ut
1134 1983 1237 2007 veram,
1262 1974 1344 2002 secuti
1362 1982 1464 2001 snmus.
1487 1974 1605 2000 Tametsi
1627 1974 1704 2007 paulo
1721 1974 1788 2000 insc-

997 2012 1052 2038 rius
1069 2011 1206 2046 legebatur
1220 2020 1226 2037 ι
1242 2011 1273 2037 tle
1285 2010 1333 2036 ltoc
1347 2012 1443 2037 semine
1457 2014 1479 2036 et
1494 2017 1537 2042 per
1548 2009 1665 2035 eumdem
1677 2008 1786 2043 isaiam,

997 2052 1049 2074 etc.
1076 2047 1142 2074 Nam
1166 2054 1259 2073 vocem
1274 2047 1392 2072 eumdem
1414 2045 1563 2072 redundare
1586 2045 1786 2079 judicavimusg

997 2089 1110 2116 eamque
1131 2082 1210 2108 obelo
1223 2082 1404 2116 jugulavimus
1417 2102 1424 2113 ,
1453 2083 1562 2114 prorsus
1579 2081 1787 2114 praetermittere
1803 2076 1812 2093 ³

995 2119 1054 2145 sine
1066 2118 1212 2152 exemplari
1229 2125 1281 2144 non
1296 2117 1364 2144 ausi.
1381 2117 1451 2143 Msn.

1034 2164 1104 2191 thid.
1122 2164 1239 2191 Grialius
1251 2162 1334 2190 edidit
1348 2170 1393 2197 per
1407 2162 1504 2189 lutiam
1519 2162 1595 2189 Isaac
1606 2166 1697 2189 contra
1713 2170 1789 2189 mon-

999 2205 1051 2227 tem
1067 2200 1232 2226 annotatoris
1260 2198 1401 2231 Marianae,
1426 2198 1470 2232 qui
1495 2202 1596 2225 tantum
1619 2198 1726 2224 volebat
1741 2203 1788 2232 pet!
1804 2204 1807 2213 ³

999 2234 1086 2262 Isaac.
1103 2235 1196 2269 Neque
1211 2238 1325 2266 utraque
1342 2242 1391 2259 vox
1409 2233 1520 2260 retineri
1534 2238 1638 2267 potest;
1656 2238 1766 2259 autenti
1790 2231 1813 2258 ,l

997 2271 1084 2296 solum
1099 2269 1253 2303 legendum,
1272 2277 1316 2303 per
1331 2268 1439 2301 Isaiam,
1458 2273 1504 2295 ant
1517 2277 1562 2303 per
1577 2267 1664 2294 Isaac.
1681 2270 1766 2294 Ant-2v.
1783 2286 1790 2307 3
1803 2258 1814 2290 y*

1032 2305 1096 2332 cst.
1111 2313 1167 2331 vttt.
1193 2304 1225 2330 N.
1250 2304 1275 2330 Ι.
1299 2303 1353 2330 Nec
1374 2304 1427 2329 dua:
1448 2304 1627 2337 defemoribus
1651 2303 1717 2337 ejus.
1744 2303 1770 2330 Si

997 2342 1115 2374 quinque
1129 2339 1253 2366 Codices.
1268 2338 1390 2364 Julianus
1401 2357 1409 2369 .
1423 2343 1516 2365 contra
1534 2338 1650 2367 ludaeos.
1671 2308 1793 2372 llilariuz

997 2376 1023 2402 in
1039 2376 1174 2402 Psalmum
1191 2381 1246 2400 mx.
1263 2373 1363 2406 Nempe
1374 2372 1548 2407 Septuaginta
1561 2374 1685 2399 dixerunt
1699 2373 1725 2400 ἐκ
1737 2369 1819 2421 τῶνζῖ

996 2413 1081 2447 μηρῶν
1095 2407 1186 2440 αὑτοῦ,
1203 2409 1229 2435 id
1244 2412 1300 2440 est,
1316 2415 1348 2434 ea:
1363 2409 1500 2443 semoribus
1511 2409 1566 2442 ejus
1578 2416 1588 2441 ;
1601 2415 1680 2442 quam
1694 2409 1756 2435 lecti
1782 2406 1787 2410 ⁴
1810 2428 1817 2437 ⁴

997 2453 1058 2471 nem
1081 2445 1165 2472 secuti
1187 2451 1291 2471 sumus.
1317 2443 1392 2471 Licet
1416 2443 1598 2477 Hispalensis,
1614 2449 1641 2470 et
1656 2440 1738 2470 Tarra
1762 2454 1765 2466 ι
1813 2442 1817 2479 ,²

997 2479 1089 2506 nensis
1113 2479 1216 2510 minor.
1235 2483 1313 2505 otest
1339 2478 1365 2506 in
1383 2484 1473 2506 nostra
1499 2478 1623 2513 Vulgata,
1639 2478 1764 2512 legebant
1810 2483 1818 2512 ,ἒ

998 2514 1055 2542 Nec
1069 2515 1122 2541 dua:
1140 2515 1171 2540 de
1186 2515 1281 2549 femore
1297 2515 1363 2550 ejus.
1380 2514 1493 2542 Tertull.
1513 2519 1540 2541 et
1561 2514 1618 2548 ipse
1634 2518 1728 2541 contra
1741 2513 1767 2541 J
1813 2524 1817 2549 ς

997 2550 1070 2578 doeos
1085 2550 1117 2577 de
1130 2550 1269 2585 semoribus
1285 2549 1361 2584 legit.
1377 2549 1446 2577 Man.
1814 2556 1816 2561 ’

1034 2596 1102 2623 Ibid.
1121 2596 1200 2624 Forte
1215 2597 1351 2632 irrepserat
1364 2597 1492 2632 potestati.
1508 2598 1594 2624 liner.

1033 2641 1060 2668 2.
1078 2642 1230 2669 Mentientes
1245 2642 1328 2669 nescia
1340 2650 1413 2677 quem
1428 2650 1511 2679 reqem
1522 2651 1553 2671 ex
1565 2650 1658 2678 genere
1670 2642 1748 2672 Judoe
1765 2638 1771 2661 ἶ
1795 2647 1797 2676 ζ

997 2678 1115 2705 extremis
1129 2677 1242 2704 Orientis
1255 2677 1381 2712 partibus.
1395 2677 1471 2706 Hunc
1483 2678 1570 2705 locum
1583 2678 1667 2711 tenne
1678 2678 1736 2706 toti·
1748 2676 1749 2680 ’
1760 2683 1768 2694 ”
1795 2687 1797 2714 j

997 2713 1088 2740 verbis
1110 2713 1244 2740 transtulit
1264 2713 1387 2741 Julianus
1407 2712 1552 2742 Toletanus
1567 2712 1763 2748 archiepisco

997 2749 1024 2776 in
1040 2755 1117 2775 suum
1131 2755 1199 2783 opus
1210 2753 1303 2776 contra
1316 2747 1436 2783 Judmos,
1450 2749 1494 2776 ubi
1506 2747 1575 2777 libro
1587 2745 1674 2782 primo
1686 2746 1727 2782 sta

997 2785 1038 2811 An
1053 2784 1119 2818 [orte
1136 2784 1221 2810 adhuc
1234 2785 1260 2811 in
1274 2783 1415 2820 impudica
1433 2783 1526 2818 frontis
1540 2783 1686 2818 pertinacia·
1704 2801 1706 2805 ,
1726 2797 1758 2811 a

997 2823 1082 2846 rantes
1096 2818 1164 2846 illud
1176 2818 1297 2853 objicitis,
1313 2819 1382 2855 quad
1394 2823 1516 2855 parentes
1529 2818 1606 2847 vestri
1619 2815 1723 2858 solenh*
1740 2816 1753 2830 ³

997 2854 1087 2882 tientes
1097 2861 1249 2892 proponere,
1261 2862 1316 2886 ene
1329 2853 1507 2888 ὴοαίειιεεσῑο
1515 2861 1592 2894 φαμι
1603 2861 1710 2895 ream,
1725 2844 1761 2882 3³<

1801 2175 1814 2195 *⁴
1806 2149 1814 2151 t
