1832 3016
34 119 129 172 §w

302 136 449 164 APPEND.
468 134 515 162 lul.
535 149 570 156 —-
587 135 795 165 TESTMOMA
815 137 942 166 DWlNAE
961 138 1180 175 scalprum,
1200 142 1244 170 ET
1264 143 1418 173 Pur-ult.

1614 147 1682 175 ΗΜ

31 191 41 257 ii
57 175 146 228 bipes
158 192 186 220 in
200 192 318 220 deserto.
337 192 371 220 In
389 193 538 228 quelw.
565 194 616 221 Atii
644 195 840 230 laboraverunt,
856 196 991 228 Amenda
1005 186 1046 225 est
1060 205 1139 232 quam
1155 198 1196 227 liis
1217 200 1263 234 qui
1285 205 1330 228 aut
1353 202 1527 235 spiritualiter
1537 203 1570 229 ad
1593 203 1684 238 perle-

56 229 83 261 ιι
92 234 138 256 vos
148 228 174 255 in
189 227 295 256 iabores
309 234 402 256 eorum
417 228 556 255 introistis.
572 228 639 255 Item
648 229 714 256 illic.
727 230 840 263 Quicun-

30 267 38 294 ¹.
90 270 106 291 e
127 262 256 290 dimiserit
281 269 391 291 uxorem
411 270 498 294 suam,
523 270 635 299 excepta
660 263 841 293 fornicationi-1

34 309 38 326 t
104 305 143 332 sa,
168 302 197 325 et
221 298 300 325 aliam
325 298 440 330 duxerit,
463 298 603 326 adulterat.
630 300 698 326 Ιιεηι
720 300 784 327 illic.
812 302 842 329 Si

23 329 39 357 l
51 333 202 371 peccaverit
213 332 296 361 l'rater
307 337 367 360 tuns
382 334 408 360 in
423 338 458 366 te,
471 334 577 368 corripe
585 334 670 366 illum.
682 341 707 362 υι
722 336 744 363 si
756 338 842 370 poeni-

32 369 163 400 ‚nuliam
174 369 270 404 egerit,
282 369 386 396 dimitte
398 367 452 401 illi;
470 373 498 396 et
515 369 536 396 si
555 372 653 403 septies
668 371 692 397 in
715 372 758 398 die
781 380 841 406 pec-

32 422 34 426 ⁴
50 405 153 433 -eaverit
167 404 248 443 50-30'
265 408 292 431 ct
306 404 405 437 septies
424 405 450 431 in
470 404 513 431 die
527 412 674 432 conversus
704 406 782 433 inerit
808 407 841 433 ad

54 442 92 472 te,
111 439 204 467 diceris
219 447 225 466 ε
240 439 355 467 Poenitet
368 447 422 471 me,
436 439 540 467 dimitte
552 440 599 467 illi.
615 440 682 467 Item
705 441 768 467 illic.
791 441 842 473 Qui

54 474 168 503 seminat
182 475 280 502 bonum
295 481 386 502 semen
405 479 446 502 est
460 474 542 502 Filius
568 475 694 508 bominis,
709 483 772 510 ager
795 484 841 502 au-

54 513 107 540 tem
123 510 166 537 bic
179 510 308 542 mundus;
331 510 428 537 bonum
454 518 520 537 vero
545 518 635 538 semen
667 512 691 537 bi
713 517 775 537 sunt
796 511 841 538 lilii

23 560 33 565 γι
52 546 138 580 regni.
155 545 218 572 Nam
241 545 342 572 zizania
364 545 410 572 lilii
433 550 494 573 sunt
519 546 618 581 iniqui;
643 547 777 580 inimicus,
798 548 841 580 qni

52 580 380 613 seminavitea‚‹tiat›olos
395 586 452 614 est;
482 582 577 608 messis
602 587 690 609 autem
717 590 843 610 consum-

48 615 135 644 matio
149 616 239 643 saeculi
250 620 291 643 est
302 625 309 649 ;
321 624 455 644 messores
468 621 556 643 autem
569 617 654 652 angeli
670 622 742 644 suut.
769 619 843 645 Sicut

25 658 31 660 ⁴
48 653 79 678 tet
92 658 155 685 ergo
165 651 325 686 colliguntur
341 652 459 683 zizaniae,
476 655 503 679 et
515 652 568 685 igni
584 653 788 686 comburuntur,
805 654 843 680 sic

47 686 102 716 erit
115 686 140 713 in
153 687 383 715 consummatione
397 686 539 714 saeeuli.1n
553 688 702 715 Salomone.
718 688 771 715 Sex
783 693 843 715 sunt

50 725 110 756 quac
125 721 181 749 odit
207 721 347 755 Dominus,
374 727 400 749 et
425 723 568 756 septimum
597 725 667 756 quod
694 723 843 750 detestatur

50 756 137 784 anima
150 758 207 792 ejus
221 767 226 783 τ
240 758 345 784 oculum
362 758 515 789 sublimem,
538 758 651 792 linguam
674 759 840 791 mendaeem,

50 798 147 820 manns
162 793 328 820 effundentes
344 793 481 820 innoxium
497 795 664 828 sangninem,
677 802 723 821 cor
738 794 840 821 maelti-

48 833 118 854 mns
129 828 305 862 cogitationes
320 829 461 862 pessimas,
475 828 556 862 pedes
572 829 676 856 veloces
691 829 723 856 ad
733 837 843 856 curren-

894 232 1008 259 ctionem
1035 234 1180 266 virtutum,
1207 239 1252 261 ant
1271 237 1413 264 carnaliter
1436 238 1470 265 ad
1493 238 1616 265 vitiorum
1635 246 1683 266 co-

893 266 974 298 piam.
993 268 1030 295 lbi
1045 276 1152 303 semper
1165 270 1288 298 elationis
1310 271 1403 298 l'ortior
1417 277 1511 300 ventus
1530 278 1582 305 est,
1596 273 1639 300 ubi
1654 276 1683 302 et

892 301 1001 329 honoris
1024 303 1117 331 fortior
1140 304 1261 339 altitudo.
1286 305 1375 334 Facile
1394 309 1536 340 credimus,
1557 313 1586 336 et
1607 313 1684 336 ante-

892 343 972 370 quam
985 337 1133 370 judicemur
1147 339 1306 373 irascimur,
1319 342 1392 368 multi
1403 343 1472 369 enim
1486 343 1682 377 suspicionibus

892 370 1074 411 impelluntur,
1086 381 1119 400 ex
1134 375 1207 402 vultu
1221 376 1328 410 risuque
1341 377 1429 403 alieno
1439 377 1530 411 pejora
1543 379 1681 413 interpre-

893 409 939 431 tati
962 413 986 431 ιιι
1011 409 1132 435 noctibus
1159 410 1318 437 irascuntur.
1347 411 1474 438 Cnriosns
1501 413 1544 446 qui
1573 414 1683 447 itmnirit

893 440 962 473 qttod
979 440 1012 467 de
1027 449 1056 468 se
1067 443 1166 470 dictum
1177 444 1222 476 sit,
1237 451 1264 471 et
1275 446 1405 479 malignos
1416 453 1566 479 sermones,
1576 448 1681 476 etiamsi

893 480 998 501 secreto
1022 481 1084 502 sunt
1107 478 1187 509 dicti,
1212 480 1301 511 eruit,
1328 481 1384 513 ipse
1408 487 1437 506 se
1462 482 1604 513 inquietam
1620 483 1682 509 dnm

894 510 964 536 enim
982 511 1199 544 interpretantur,
1216 513 1248 539 ad
1264 513 1314 539 ltoc
1330 515 1510 547 perducuntur
1525 520 1553 542 nt
1575 517 1683 543 videan-

894 548 944 571 tnr.
961 545 1054 573 Multas
1079 546 1188 580 injurias
1213 548 1317 579 transit,
1339 553 1365 575 et
1389 549 1527 584 plerasque
1542 558 1594 578 non
1609 559 1686 578 acce-

893 580 941 613 pit,
958 582 1018 615 qnia
1038 586 1082 608 aut
1096 590 1142 608 eas
1163 582 1257 615 nescit,
1274 588 1319 609 aut
1333 583 1355 610 si
1375 584 1474 615 scierit,
1492 586 1516 610 in
1537 586 1624 612 ludum
1638 594 1684 614 eas

891 615 1035 650 jocumque
1049 618 1189 645 convertit.
1214 618 1241 645 Si
1267 618 1354 645 bonus
1368 618 1408 646 vir
1431 625 1482 652 est,
1496 620 1541 654 qui
1562 621 1684 654 injuriam

894 651 967 684 lecit,
983 653 1036 678 noli
1053 652 1181 685 reddere;
1207 654 1228 679 si
1253 654 1346 685 malus,
1366 655 1419 681 noli
1442 655 1551 685 imitari,
1569 656 1686 689 prudeu—

894 685 955 713 tiori
981 687 1057 719 cede,
1081 688 1161 714 stulto
1187 688 1301 715 remitte.
1331 688 1411 724 Regis
1437 690 1550 728 quisq-ue
1575 691 1641 717 intra
1658 699 1687 718 se

893 723 1010 749 animum
1027 723 1115 754 babet,
1133 728 1161 749 ut
1177 723 1310 751 licentiam
1335 725 1385 751 sibi
1408 725 1434 751 in
1457 726 1523 752 alios
1538 726 1596 752 dari
1612 727 1688 758 velit,

894 756 919 782 in
936 764 965 784 se
989 758 1065 784 nolit.
1082 758 1139 784 Non
1159 763 1277 792 oportet.
1295 765 1449 793 peccantem
1476 766 1583 792 peecata
1606 763 1688 789 corri-

893 798 977 825 gere:
993 793 1063 827 quod
1088 794 1108 819 si
1135 798 1236 820 tantum
1261 794 1390 822 irascatur
1415 797 1531 828 sapiens,
1558 802 1687 829 quantum

893 828 1025 854 scelernm
1049 828 1191 862 indignitas
1205 830 1297 862 exigit,
1315 837 1368 857 non
1391 831 1561 858 ira>cendum
1581 837 1623 858 est
1637 832 1687 864 itti,

48 860 111 889 tium
140 863 165 889 in
192 863 302 895 malum,
329 863 510 897 proferentem
541 865 719 896 mendacium,
745 869 839 891 testem
857 862 940 902 Bsed
954 863 1383 900 insaniendum.Nihilgloriosius
1395 874 1474 901 quam
1491 868 1556 894 iram
1571 867 1687 896 amicitia

49 896 216 929 fallacem,et
230 905 291 925 eum
306 898 352 933 qul
363 898 559 925 seminavinter
571 900 666 926 tratres
680 900 838 927 discordias.

178 943 242 971 Cat>-
261 943 358 971 xxix.
373 959 407 964 —
423 943 577 972 Testimonia
598 945 716 972 Parrum.

87 989 112 1016 l.
134 989 254 1023 Quatnor
268 994 330 1017 sunt
346 990 559 1024 perturbationes
575 991 714 1019 bominum
736 993 842 1027 animae,

49 1023 77 1052 id
90 1030 141 1057 est,
155 1025 296 1059 cupiditas.
311 1025 413 1058 laetitia‚
430 1031 527 1059 metuS,
544 1027 659 1054 tristitia.
679 1028 765 1062 lpsum
786 1029 843 1055 ani·

49 1067 123 1088 mum
146 1068 206 1088 esse
226 1062 394 1094 memoriam,
421 1065 448 1088 et
468 1062 519 1089 vim
542 1070 602 1096 qnae
622 1065 751 1098 memoria
767 1071 842 1090 voca-

50 1098 103 1122 tur.
119 1094 186 1123 Item
200 1096 262 1123 illic.
276 1097 343 1123 Octo
358 1102 420 1124 sunt
436 1098 590 1130 principalia
614 1098 689 1131 vitia,
713 1107 772 1134 qnae
793 1100 843 1126 bu-

49 1137 158 1158 manum
174 1131 300 1158 infestant
320 1140 414 1166 genus.
432 1132 548 1160 Primum
562 1135 758 1170 gastrimargia,
774 1135 844 1170 qnod

48 1171 91 1193 est
114 1167 216 1194 ventris
238 1167 384 1200 ingluvies;
411 1168 493 1203 302
517 1170 664 1196 secundum
687 1170 842 1203 l'ornicatio;

49 1202 156 1229 tertium
170 1201 341 1237 philargyria,
359 1202 384 1228 id
396 1210 446 1235 est,
459 1204 583 1236 avaritia,
597 1205 655 1232 sive
671 1213 746 1233 amor
763 1213 843 1240 pecn-

47 1237 115 1270 niae3
129 1242 251 1270 quartum
268 1240 322 1270 ira;
339 1239 461 1273 quintum
479 1240 584 1266 tristitia
598 1249 604 1271 ;
626 1245 731 1268 sextum
748 1241 841 1274 acidia,

47 1271 75 1299 id
90 1277 141 1305 est,
158 1274 292 1305 anxietas,
315 1281 362 1300 seu
386 1274 493 1301 taedium
518 1275 624 1307 cordis;
639 1277 781 1310 septimum
797 1284 842 1304 ce-

47 1307 175 1339 nodoxia,
191 1309 215 1334 id
232 1314 284 1340 est,
294 1308 435 1342 jactantia,
448 1310 504 1337 sive
524 1317 590 1337 vana
605 1312 706 1344 [μοι-ηις
720 1317 843 1339 octavum

46 1344 170 1377 superbia
184 1342 229 1378 (In
248 1343 312 1370 libro
328 1343 512 1378 Collationum,
528 1347 631 1378 scilicet,
649 1346 785 1382 Cassiani).

49 1387 116 1416 CAP.
137 1388 221 1417 XXX.
242 1404 276 1409 ·-
295 1389 452 1452 Testimssniaez
474 1391 507 1417 de
529 1391 666 1419 Sententiis
689 1392 791 1429 Evaqrii
810 1396 843 1421 ad

411 1433 441 1452 ra
453 1434 500 1453 res.

83 1470 109 1496 1.
135 1469 364 1502 Quemadmodum
379 1471 450 1498 enim
465 1472 571 1500 llamma
592 1473 723 1501 comburit
737 1475 842 1508 silvam,

47 1505 86 1532 sic
108 1505 224 1533 visiones
247 1506 332 1532 malas
362 1507 507 1542 exstinguit
536 1511 648 1536 esuries.
683 1509 750 1537 Item
777 1511 841 1538 illic.

46 1539 253 1568 Somniculosos
268 1542 416 1568 monachus
431 1542 525 1570 incidit
539 1543 566 1570 in
590 1545 677 1578 matis,
693 1547 737 1579 qni
753 1552 842 1574 autem
855 1552 878 1584 c

46 1576 138 1610 vigilat
153 1575 221 1602 sicut
241 1583 333 1610 passer
345 1577 408 1604 erit.
425 1576 491 1604 Item
513 1578 577 1606 illic.
593 1579 669 1607 Sicut
683 1581 750 1615 ignis
767 1583 841 1609 tabe-

44 1609 109 1637 l'acit
124 1617 224 1643 ceram,
245 1611 280 1638 ita
300 1612 387 1646 vigilia
411 1613 481 1640 bona
501 1615 678 1648 cogitationes
701 1619 839 1648 pessimas.

46 1644 118 1673 Illic.
134 1645 184 1678 Qui
200 1651 273 1673 amat
294 1654 434 1681 argentum
458 1656 510 1675 nou
534 1650 635 1676 videbit
649 1652 800 1684 scientiam,
815 1659 841 1680 et

46 1683 90 1715 qui
110 1686 254 1717 congregat
270 1681 336 1709 illud
355 1684 553 1711 obscurabitur.
570 1684 639 1712 Illic.
657 1686 733 1714 Sicut
747 1695 840 1715 aurum

0 1722 1 1752 t
47 1721 73 1743 et
87 1721 226 1751 argentum
262 1717 339 1744 robat
361 1718 442 1753 ignis,
458 1719 498 1746 sic
516 1728 562 1747 cor
578 1722 700 1748 monachi
717 1724 839 1750 tentatio.

46 1747 112 1779 Item
126 1751 189 1778 illic.
205 1750 244 1778 Me
257 1751 297 1779 ior
313 1759 457 1788 paupertas
476 1762 536 1781 cum
553 1756 663 1783 scientia
679 1765 758 1791 qnam
773 1758 840 1785 divi-

45 1785 91 1814 tiae
111 1794 177 1814 cum.
199 1786 362 1822 ignorantia.
393 1787 465 1816 Illic.
491 1790 721 1823 Quemadmodum
751 1794 840 1820 evolat

43 1829 143 1850 corvus
158 1822 191 1849 de
204 1830 253 1849 sno
268 1822 343 1857 nido,
360 1824 395 1850 ita
412 1825 547 1852 immunda
563 1826 652 1853 anima
668 1827 702 1854 de
715 1835 765 1855 sno
780 1836 841 1856 cor-

43 1863 121 1891 pore.
137 1854 208 1884 Illic.
223 1858 299 1885 Sicut
312 1859 418 1887 Africus
434 1866 531 1888 ventus
546 1861 572 1888 in
589 1862 692 1896 pelago,
709 1863 744 1890 ita
767 1864 840 1891 luror

45 1898 62 1919 e
76 1893 158 1920 corde
175 1892 234 1920 viri.
256 1891 324 1920 Item
342 1894 405 1922 illic.
429 1895 522 1923 Melior
536 1900 577 1923 est
596 1898 733 1925 saecularis
753 1899 779 1925 in
799 1898 838 1926 in-

44 1927 171 1955 firmitate
184 1928 306 1956 serviens
322 1929 397 1956 tratri
420 1938 501 1964 super
525 1932 686 1960 monacnum
713 1941 765 1961 non
789 1934 839 1961 mi-

42 1966 180 1990 serentem
195 1964 316 1998 proximo
337 1971 397 1992 suo.
418 1965 497 2000 Piger
519 1967 666 1995 monachus
690 1975 839 1997 miti-murat

44 1998 139 2031 multa,
153 2002 180 2026 et
197 1999 394 2027 somniculosus
413 2000 518 2028 incusat
530 2001 649 2029 dolorem
668 2004 765 2037 capitis
784 2007 835 2032 sui.

43 2031 191 2061 Monachus
213 2033 338 2068 bilinguis
357 2036 498 2063 conturbat
518 2034 625 2069 iratres,
643 2038 727 2066 tidelis
747 2044 837 2067 autem

42 2069 164 2102 requiem
185 2068 303 2096 adducit.
327 2067 421 2098 Melior
444 2075 486 2098 est
508 2071 646 2101 saecularis
669 2080 835 2108 mansuetus,

41 2111 125 2138 quam
149 2103 293 2131 iracundus
318 2105 480 2138 monacbns,
505 2111 553 2134 aut
573 2108 721 2136 animosos.
746 2109 837 2136 Mona-

42 2138 123 2166 chum
146 2143 316 2167 mansuetum
340 2139 426 2175 diligit
441 2140 522 2174 Deus,
545 2141 726 2171 turbulentum
746 2150 835 2172 autem

41 2173 150 2208 repellit
161 2181 177 2201 a
200 2181 239 2201 se.
254 2175 416 2203 charitatem
441 2177 568 2209 praecedit
588 2177 732 2212 humilitas,
749 2180 836 2208 scien—

39 2208 110 2236 tiam
124 2213 213 2237 autem
229 2210 346 2237 dilectio.
364 2211 438 2239 Sicut
453 2212 523 2239 enim
550 2212 645 2239 lucifer
669 2214 696 2241 in
715 2215 796 2248 coelo,
810 2220 838 2243 et

42 2244 114 2272 sicut
127 2244 171 2272 nix
187 2244 214 2272 in
230 2246 363 2280 paradiso,
380 2247 419 2273 sic
441 2245 467 2274 in
490 2247 578 2274 anima
594 2249 651 2275 miti
667 2257 744 2277 mens
759 2258 834 2284 pura.

24 2277 26 2282 '
41 2275 214 2314 Investiganti
227 2281 351 2308 convivia
372 2282 551 2316 exstinguitur
566 2283 666 2316 lumen,
680 2286 769 2312 anima
788 2293 836 2313 au-

43 2317 98 2342 tem
113 2314 171 2350 ejus
186 2315 286 2343 videbit
300 2317 435 2344 tenebras.
450 2318 544 2345 Statue
564 2318 591 2345 in
606 2319 726 2352 pondere
740 2329 834 2354 panem

42 2353 131 2382 tuum,
144 2354 173 2377 et
190 2350 251 2378 bibe
273 2351 300 2378 in
324 2359 451 2380 mensura
471 2360 567 2387 aquam
583 2358 668 2388 tuam,
684 2361 711 2382 et
726 2356 835 2390 spiritus

37 2383 230 2415 toi-nicationis
255 2386 340 2420 lugiet
361 2394 376 2414 e
395 2392 432 2415 te.
457 2388 496 2415 Da
516 2388 669 2417 senioribus
691 2391 792 2422 vinum,
808 2396 836 2419 et

41 2416 156 2447 infirmis
170 2420 238 2448 infer
251 2427 340 2454 escas,
357 2426 466 2456 propter
479 2423 551 2458 quod
569 2426 754 2453 contriverunt
776 2434 836 2454 car·

41 2461 92 2484 nee
117 2455 144 2482 in
166 2454 309 2490 juventute
331 2463 390 2484 sua.
414 2456 473 2486 vidi
492 2457 652 2488 iracundum
677 2469 781 2494 senem,
807 2466 836 2490 et

38 2488 175 2519 elevatum
191 2491 218 2518 iu
235 2494 355 2525 tempore
369 2499 429 2525 sno,
442 2499 518 2527 spent
531 2499 620 2522 antem
635 2495 729 2523 babuit
751 2498 836 2532 magis

36 2523 146 2560 iuvenis
159 2533 239 2561 quem
253 2526 308 2554 ille.
321 2525 371 2560 Qui
383 2526 469 2562 diligit
481 2534 569 2562 apem.
581 2530 723 2558 nundueat
744 2530 834 2559 ravum

23 2589 27 2604 ι
40 2559 112 2596 ejus,
124 2565 153 2589 et
165 2564 331 2597 congregans
344 2568 415 2595 eam,
430 2563 578 2597 replebitur
592 2565 681 2593 melle.

37 2604 106 2635 &r-
123 2606 219 2636 ΧΧΧΙ.
231 2622 267 2628 —-
278 2607 434 2635 Tuteiwnia
446 2607 478 2635 de
487 2607 553 2635 libro
562 2611 646 2637 saneti
655 2610 771 2644 Hartini,
783 2619 835 2639 tion

38 2652 41 2655 ·
76 2642 148 2704 igin·
165 2641 289 2671 Terentiei
302 2643 427 2679 episcopi,
451 2642 496 2670 red
514 2643 564 2671 im
585 2647 722 2685 palestria
741 2654 834 2675 mm-

7 2696 9 2698 -
46 2685 51 2694 ’
110 2683 194 2706 mm·

228 2725 251 2752 ιι
267 2721 415 2766 levandum
433 2729 497 2752 mox
511 2722 662 2752 laudaveris
688 2724 749 2767 plue
762 2727 836 2756 nle-

62 2767 72 2779 .·
166 2761 263 2797 aarum
277 2758 406 2824 penderis
427 2762 578 2800 portantem
597 2744 674 2795 quasi
688 2760 836 2790 admiratus

110 2809 124 2850 ῃ
140 2798 261 2850 flm-
262 2794 356 2858 ’ἢεί
381 2800 462 2858 ''¹‘'ss
476 2794 765 2862 ᾰὶξηᾛὶιιῗῗηῖὥῗίξ
777 2801 836 2861 ἓξὲξ

46 2876 103 2890 ,,-.
124 2827 499 2899 ..ae‘twii‘ta‘iffi'iifnoss
510 2863 574 2901 plns
586 2866 676 2894 tamen
696 2865 759 2895 altis
771 2865 836 2897 'me-

895 904 1071 926 commutare.
1088 899 1167 935 303
1183 900 1308 928 irascitur
1326 903 1441 936 aliquis?
1457 909 1484 930 tu
1499 908 1591 930 contra
1608 906 1689 932 bene·

896 933 961 959 licus
978 941 1101 968 provoca.
1120 936 1192 962 cadit
1216 937 1306 963 statim
1329 938 1460 965 simultas.
1489 939 1616 966 Remedia
1632 947 1688 966 me-

895 968 1014 996 dicorum
1031 979 1082 997 non
1100 971 1124 997 in
1150 972 1302 1004 accessibus
1318 973 1514 1005 infirmitatum,
1530 975 1576 1000 sed
1601 976 1627 1001 in
1647 982 1690 1001 re-

896 1006 1067 1032 missionibus
1084 1011 1203 1039 prosunt.
1230 1007 1330 1034 Crebro
1346 1008 1477 1042 siquidem
1503 1009 1599 1037 taciem
1616 1018 1690 1037 men-

895 1039 962 1066 dacii
996 1042 1093 1067 veritas
1126 1042 1232 1069 retinet.
1267 1043 1368 1070 Crebro
1404 1044 1571 1071 mendacium
1600 1046 1690 1079 specie

895 1076 1014 1102 veritatis
1038 1076 1178 1103 occulitur.
1209 1077 1274 1104 Nam
1302 1078 1370 1105 sicut
1401 1079 1543 1113 aliquoties
1572 1081 1688 1108 frontem

895 1110 1006 1143 amiens,
1021 1115 1048 1138 ct
1064 1112 1186 1139 blandam
1209 1113 1331 1140 adulator
1346 1115 1472 1147 ostendit,
1494 1115 1532 1141 sic
1548 1115 1688 1142 verisimili

894 1146 1039 1173 coloratur.
1065 1147 1151 1173 Lauda
1178 1155 1266 1181 parce,
1283 1149 1403 1183 vitupera
1427 1150 1551 1184 parcius;
1568 1158 1629 1177 nam
1654 1151 1689 1178 si-

895 1180 993 1207 militer
1008 1182 1227 1216 reprehensibilis
1240 1188 1281 1210 est
1297 1185 1376 1211 ttituia
1401 1185 1528 1218 laudatio,
1543 1193 1623 1220 qnam
1639 1187 1689 1212 im·-

895 1216 1031 1243 moderata
1055 1217 1184 1251 culpatio.
1213 1218 1332 1246 Prudens
1360 1227 1493 1255 nunquam
1519 1222 1574 1247 otio
1604 1221 1689 1255 pascit

896 1251 1024 1283 animum,
1039 1253 1182 1286 aliquando
1196 1253 1288 1286 babet,
1303 1263 1438 1289 uunquam
1454 1261 1543 1282 tamen
1558 1257 1686 1283 solutum.

896 1286 1056 1313 llomilitatis
1073 1288 1156 1314 virtus
1170 1296 1223 1316 non
1238 1291 1379 1316 verborum
1401 1291 1529 1322 elatione,
1547 1292 1592 1318 sed
1615 1298 1689 1318 men-

896 1322 929 1348 tis
946 1323 1060 1355 puritate
1074 1324 1227 1357 requiritur.
1246 1324 1267 1350 A
1282 1324 1370 1352 verbis
1385 1333 1492 1360 quoqne
1508 1327 1629 1359 turpibus
1642 1327 1689 1354 ab-

895 1358 975 1389 stine,
991 1359 1052 1391 qnia
1068 1359 1174 1385 lieentia
1189 1366 1282 1386 eorum
1308 1361 1500 1394 impudentiam
1517 1362 1611 1388 nutrit.
1627 1362 1690 1388 Ser-

895 1399 988 1419 mones
1002 1393 1113 1420 subtiles
1129 1394 1211 1427 magis
1229 1395 1286 1429 (sic)
1301 1400 1380 1429 quam
1408 1396 1496 1422 tacito.
1521 1395 1620 1423 Omnes
1642 1397 1689 1423 tibi

897 1434 974 1459 pares
990 1427 1081 1455 iacies.
1097 1429 1124 1455 Si
1147 1429 1286 1455 interiores
1301 1430 1480 1464 superbiendo
1501 1439 1553 1457 non
1570 1436 1690 1458 contem-

897 1469 953 1494 nas,
976 1463 1129 1496 superiores
1155 1468 1226 1490 recte
1249 1465 1362 1491 vivendo
1385 1473 1438 1492 non
1455 1467 1558 1493 timeas,
1581 1468 1689 1494 Cunctis

896 1501 954 1523 esto
979 1497 1119 1532 benignus,
1141 1499 1239 1525 nemini
1263 1499 1393 1532 blandus;
1416 1502 1506 1535 paucis
1532 1502 1688 1534 tainitiaris;

896 1533 1021 1560 omnibns
1044 1539 1131 1561 tamen
1157 1541 1258 1568 aequus.
1287 1536 1421 1569 Sapientia
1449 1537 1546 1570 cupido
1567 1542 1594 1564 et
1608 1538 1688 1564 docili

895 1575 953 1602 quae
967 1569 1036 1595 nosti
1051 1569 1109 1596 sine
1132 1570 1282 1602 arrogantia
1299 1571 1442 1603 postulanti
1458 1572 1611 1606 imperties,
1629 1581 1688 1606 quae

894 1603 990 1635 nescis,
1006 1603 1063 1630 sinc
1084 1604 1260 1631 occultatione
1281 1605 1436 1638 ignorantia}
1455 1607 1500 1632 tibi
1518 1608 1622 1640 postula
1639 1610 1688 1634 im-

893 1639 996 1671 pertiri.
1019 1640 1110 1665 iustus
1124 1645 1228 1666 secreta
1245 1647 1297 1665 non
1313 1641 1411 1674 prodit,
1433 1642 1543 1668 tacenda
1561 1643 1630 1668 enim
1649 1647 1687 1669 ta-

893 1678 945 1705 cet,
963 1674 1095 1708 loquenda
1112 1675 1243 1708 loquitur3
1268 1681 1347 1709 atque
1362 1675 1396 1702 ita
1412 1676 1463 1703 alta
1478 1677 1515 1703 illi
1542 1684 1591 1711 pax
1605 1682 1645 1704 cst
1660 1683 1687 1705 et

892 1715 984 1735 secura
1007 1709 1195 1743 tranquillitas,
1217 1710 1278 1736 dum
1304 1711 1355 1737 alia
1382 1711 1457 1743 malis
1482 1714 1626 1739 vincuntur
1652 1719 1685 1740 an

893 1743 940 1770 illo
952 1744 1030 1771 mala.
1047 1745 1250 1779 Magnanimitas
1263 1750 1305 1772 est
1317 1753 1365 1772 nec
1376 1747 1522 1773 timendum
1538 1748 1683 1780 bominem,

893 1785 943 1806 nec
959 1780 1096 1807 audacem.

983 1837 1046 1864 Car.
1064 1837 1169 1864 xxxn.
1187 1852 1221 1858 --
1239 1838 1275 1864 De
1285 1838 1349 1865 libro
1363 1840 1444 1865 salicti
1459 1840 1595 1867 Anthrott't'.

929 1884 953 1910 l.
978 1883 1005 1910 ln
1022 1884 1075 1910 vite
1099 1885 1201 1918 religio,
1221 1886 1245 1911 in
1261 1885 1321 1912 oleo
1341 1894 1404 1919 pax,
1421 1887 1446 1912 in
1462 1894 1522 1913 rosa
1543 1887 1627 1920 pudor
1644 1895 1685 1914 sa-

891 1925 944 1944 crae
958 1919 1115 1952 virginitatis
1133 1919 1271 1946 inolescat.
1290 1921 1383 1948 Frater
1407 1929 1483 1948 mens
1502 1923 1640 1954 candidus,
1657 1928 1683 1950 et

891 1953 989 1980 rubeus
1002 1962 1008 1986 ;
1022 1954 1150 1981 candidus
1173 1956 1283 1987 merito,
1298 1957 1359 1990 quia
1381 1958 1462 1990 patris
1482 1957 1624 1990 splendor3
1642 1965 1685 1984 ru-

891 1988 966 2019 bens,
981 1988 1042 2023 quia
1065 1994 1156 2023 partus
1170 1995 1211 2016 est
1228 1991 1347 2024 virginis,
1365 1993 1438 2017 color
1462 1993 1487 2018 in
1503 2000 1535 2017 co
1552 1992 1634 2026 fulget
1658 1998 1684 2020 et

890 2024 981 2050 rutilat
1003 2026 1141 2058 utriusque
1164 2030 1275 2052 naturae.
1294 2026 1407 2052 castita,
1422 2031 1500 2052 etiam
1521 2028 1630 2060 angelos
1645 2028 1684 2054 sa-

889 2058 941 2090 cit;
961 2059 1005 2093 qui
1030 2066 1088 2086 eam
1113 2061 1248 2092 servavit,
1271 2063 1381 2094 angelus
1403 2065 1458 2092 est;
1483 2063 1527 2095 qui
1557 2063 1682 2095 perdidit,

889 2093 1022 2121 diabolus.
1039 2094 1117 2128 virgo
1142 2099 1194 2127 est,
1210 2096 1254 2129 qui
1277 2096 1333 2122 Deo
1357 2096 1446 2127 nubit:
1464 2098 1606 2129 meretrix,
1622 2106 1682 2131 qua:

888 2128 953 2155 deos
975 2129 1046 2156 lacit.
1072 2130 1138 2156 llinc
1158 2131 1271 2157 inversis
1287 2131 1404 2166 vestigiis
1418 2131 1464 2158 lilii
1486 2131 1541 2159 Noe
1561 2133 1682 2165 pudenda

890 2167 1024 2191 texerunt.
1038 2165 1102 2197 Qnae
1119 2172 1216 2199 procax
1238 2166 1316 2198 vidit,
1333 2167 1470 2193 modestus
1486 2168 1600 2199 erubuit,
1624 2169 1684 2202 pius

889 2198 956 2226 texit
971 2200 1132 2232 ollensuros,
1148 2201 1170 2227 si
1194 2206 1220 2227 et
1237 2201 1285 2234 ipsi
1300 2201 1438 2228 vidissent.
1455 2202 1557 2234 Quanta
1574 2203 1625 2229 vini
1643 2209 1684 2230 est

850 2229 876 2259 D
890 2233 939 2266 vis,
954 2238 1073 2269 atquem
1089 2236 1188 2262 diluvia
1203 2243 1255 2262 nou
1268 2237 1448 2268 nudaverunt,
1461 2237 1521 2263 vina
1537 2238 1679 2264 nudarent!

888 2268 973 2296 Debet
986 2270 1057 2297 enim
1079 2270 1100 2297 is
1123 2273 1166 2304 qui
1190 2271 1269 2297 docet
1285 2279 1364 2306 snper
1377 2279 1438 2298 enm
1451 2273 1495 2306 qui
1511 2271 1622 2299 docetur
1634 2280 1681 2299 ex·

887 2304 996 2331 cellere.
1011 2305 1190 2332 Tolerabilius
1204 2310 1244 2332 est
1257 2312 1371 2333 mentem
1387 2307 1514 2339 virginem
1529 2314 1607 2340 quam
1623 2315 1681 2334 car-

886 2345 949 2366 nem
965 2339 1073 2367 babere.
1092 2340 1188 2367 Umbra
1202 2341 1301 2367 Jndaeis
1315 2341 1478 2373 carnalibus,
1492 2341 1579 2375 imago
1592 2342 1679 2375 nobis,

886 2374 986 2402 veritas
1006 2375 1207 2402 resurrecturis.
1225 2375 1287 2402 Tria
1305 2376 1376 2402 enim
1400 2375 1455 2402 ltaec
1480 2376 1625 2403 secundum
1642 2377 1681 2405 le-

886 2415 946 2443 gem
971 2417 1032 2436 esse
1055 2410 1238 2444 cognovimns,
1261 2411 1393 2442 umbram,
1416 2410 1569 2444 imaginem,
1584 2413 1681 2440 verita-

886 2447 940 2471 tem
954 2453 960 2477 ;
984 2445 1103 2471 umbram
1129 2445 1154 2471 in
1181 2445 1249 2478 lege,
1273 2444 1413 2479 imaginem
1438 2446 1465 2471 in
1483 2446 1638 2481 Evangelio,
1654 2448 1680 2475 in

898 2480 986 2507 udicio
998 2479 1157 2511 veritatem;
1173 2483 1201 2506 et
1223 2479 1283 2506 ideo
1306 2486 1355 2514 per
1369 2480 1476 2515 Moysen
1500 2480 1544 2507 lex
1560 2489 1607 2515 per
1622 2490 1682 2510 um-

906 2514 1054 2549 ram,quasi
1064 2521 1110 2548 per
1122 2513 1268 2546 hominem.
1278 2513 1416 2576 ligunper
1427 2515 1523 2549 legem,
1532 2523 1580 2550 per
1587 2517 1678 2546 lesum

887 2550 993 2577 veritas.
1009 2549 1076 2581 Quid
1087 2552 1129 2576 est
1142 2549 1358 2584 gazophylacium
1391 2551 1538 2577 consolatio
1551 2551 1679 2588 fidetium,

886 2584 1680 2658 imitati?stinatianam&iratist&

885 2655 1008 2692 gratiam,
1025 2640 1148 2681 delitttmr
1165 2660 1210 2688 per
1226 2639 1396 2689 sanguinein,
1413 2640 1537 2690 agimun-
1554 2663 1604 2691 per
1617 2661 1680 2686 elia-

885 2691 1002 2718 ritatem.
1016 2688 1091 2722 Quod
1107 2688 1190 2716 David
1203 2689 1269 2716 dicit
1281 2697 1290 2716 ι
1304 2688 1396 2717 Libere
1407 2697 1447 2717 ιιιι
1457 2690 1490 2717 de
1566 2693 1679 2727 attribu,

886 2725 912 2753 id
923 2730 974 2758 est,
987 2731 1001 2751 a
1013 2724 1130 2759 peccetis
1141 2723 1297 2753 mortalibus
1309 2731 1340 2752 se
1354 2724 1470 2760 postulet
1484 2725 1606 2756 liberari.
1618 2729 1679 2759 Nou

885 2765 913 2788 te
925 2758 1050 2794 subjuges
1065 2758 1243 2794 potestatibus
1254 2760 1354 2795 earnis,
1377 2767 1456 2796 quent
1476 2759 1548 2789 Deus
1563 2762 1678 2793 tiberem

886 2794 979 2823 voluit.
993 2794 1072 2821 Nulla
1087 2793 1134 2821 tibi
1147 2794 1287 2822 excusatio
1297 2795 1332 2823 de
1344 2795 1447 2823 atnbitu
1459 2796 1612 2831 nuptiarum
1623 2805 1676 2835 eet,

881 2829 1028 2865 voluptatis
1051 2833 1126 2863 sunt,
1146 2836 1202 2859 non
1225 2830 1407 2859 necessitatis.
1428 2830 1458 2859 St
1485 2830 1617 2869 maignus
1641 2837 1678 2864 sis

886 2872 948 2902 erga
973 2862 1140 2901 indigentes,
1165 2868 1278 2900 maguus
1297 2866 1359 2894 eris
1382 2866 1452 2902 epetl
1474 2865 1572 2896 Denn-
1597 2869 1677 2905 Quod
