1832 3016
156 141 208 169 399

158 247 226 275 bilis.
256 247 290 273 Et
311 243 374 278 quid
398 242 492 269 fortius
517 241 595 269 leone
610 242 655 269 illo
674 242 708 269 de
723 241 793 268 trihu
804 239 884 274 Juda,
900 241 946 275 qui

155 292 219 319 vicit
240 288 388 318 mundum?
408 287 443 314 Et
465 286 528 321 quid
554 286 759 314 desiderabilius
786 287 833 314 illo
847 286 881 314 de
894 294 947 322 quo

155 337 252 364 dicitur
265 344 272 361 :
291 334 379 361 Veniet
392 333 551 360 desideratus
572 333 667 359 cunctis
680 332 795 367 qemibnr
809 332 885 367 (Aqq.
899 331 946 367 tt)?

189 382 217 408 2.
239 379 351 415 Ungitur
365 380 416 407 iste
441 379 524 406 David
538 378 564 405 in
579 386 668 413 regem
680 399 687 411 ,
703 377 821 405 futurum
842 378 946 406 denun—

154 428 223 455 tians
237 434 284 461 per
301 426 453 453 unctionem
470 424 542 451 illam
557 424 710 451 Christum:
731 423 852 451 Christus
874 424 945 451 enim

151 480 167 500 a
193 472 337 499 chrismate
364 469 522 504 appellatur.
541 468 639 504 {David
665 469 699 496 ab
714 468 802 496 osticio
818 468 946 504 pastorali

152 524 279 552 pecorum
306 516 340 543 ad
370 515 506 541 hominum
536 506 649 549 regnum
678 514 853 541 transfertur:
875 522 946 542 nunc

151 568 241 590 autern
266 561 350 589 David
376 561 433 595 ipse
460 561 538 588 lesus
564 560 596 587 ab
620 560 714 587 ovibus
730 560 847 588 Judaicae
861 561 946 595 plebis

154 608 272 639 ablatus,
286 607 312 634 in
326 614 438 642 regnum
449 606 568 640 gentium
585 606 730 632 translatus
744 610 799 638 est;
817 606 842 632 in
855 605 945 633 ,11111111-

151 662 183 682 ca
197 654 269 681 cuim
286 653 362 687 plebe
377 661 429 679 non
445 656 487 679 est
510 652 590 679 modo
610 651 733 679 Christus
747 673 755 685 ,
781 651 886 679 ablatus
905 656 946 679 est

151 699 231 732 inde;
255 706 324 726 nunc
339 699 456 733 gentium
475 705 570 733 greges
585 697 678 732 pascit.

186 744 213 771 5.
233 745 297 772 Erat
309 748 396 771 autem
412 743 494 770 David
510 743 536 770 in
552 742 663 770 canticis
677 742 786 769 musicis
810 742 943 770 eruditus.

150 791 322 819 Diversorum
339 790 410 817 enim
427 789 509 825 518
523 796 650 816 sonorum
665 788 830 815 rationabilis
851 788 943 815 mode-

150 842 276 871 ratusque
299 840 445 863 concentus
472 834 599 862 concordi
619 834 749 861 varietate
774 839 941 868 compactam

676 138 705 166 S.
727 134 1094 171 tstnottttttSPttLENsts
1113 133 1267 163 EPlSCOPl

157 199 242 228 David
255 199 325 227 enim
339 198 529 231 interpretatur
539 203 617 223 manu
630 196 704 230 fortis
716 216 724 229 ,
747 195 803 222 sive
817 194 948 222 desidera-
959 194 987 224 A
999 192 1153 227 praeterfluit
1165 192 1292 228 quidquid
1303 192 1375 220 venit
1396 192 1423 220 in
1444 191 1582 230 mundum.
1609 191 1692 220 Erant
1714 194 1786 221 enim
1830 189 1832 193 ’

1734 133 1787 163 400

997 237 1025 266 111
1048 238 1158 266 {lumine
1177 243 1303 273 tanquam
1330 239 1356 265 in
1372 237 1470 272 populo
1491 237 1538 265 illo
1559 237 1647 271 primo
1673 237 1786 272 lapides,

997 284 1139 312 erantillic
1162 284 1292 318 inutiles,
1317 289 1344 312 et
1365 284 1506 316 vacabant,
1531 282 1598 311 nihil
1630 283 1785 318 proderant,

998 329 1144 357 transibant
1166 337 1246 365 super
1266 330 1372 358 fluvios.
1389 330 1442 358 Sed
1467 329 1531 365 quid
1556 329 1619 357 fecit
1638 329 1731 363 David,
1758 333 1787 357 ut

998 374 1041 402 lex
1052 374 1110 409 ipsa
1126 375 1198 402 utilis
1212 375 1300 403 esset?
1310 374 1419 407 Accepit
1430 374 1553 409 gratiam.
1569 373 1625 401 ch
1637 373 1707 401 enim
1727 374 1787 403 sine

996 421 1081 456 gratia
1095 421 1199 456 impleri
1212 430 1266 449 non
1278 426 1366 456 potest
1379 430 1386 448 2
1399 420 1538 448 Plenitudo
1560 421 1626 447 enim
1641 420 1704 454 legis
1724 419 1787 446 cha-

997 466 1060 492 ritas
1070 465 1159 500 (Rom.
1174 474 1236 499 xttt;
1250 465 1321 500 Eph.
1334 466 1381 500 tv).

1033 512 1062 539 4.
1078 513 1144 545 Quia
1158 520 1221 547 ergo
1236 513 1320 547 gratia
1334 512 1397 539 tacit
1411 512 1516 546 impleri
1531 511 1616 546 legem
1626 531 1634 544 ,
1653 511 1789 546 signitica-

997 562 1039 586 tur
1059 558 1145 592 gratia
1159 558 1237 586 lacte.
1266 558 1321 585 ttoc
1334 558 1406 585 enim
1426 563 1467 586 est
1484 558 1512 585 111
1535 565 1615 585 carne
1630 558 1785 593 gratuitum,

998 604 1042 631 uhi
1061 609 1146 632 mater
1159 611 1211 631 non
1235 604 1354 638 queritur
1368 603 1499 637 accipere,
1522 603 1570 630 sed
1590 603 1687 638 satagit
1701 603 1786 635 dare;

997 650 1048 677 hoc
1063 655 1148 677 mater
1162 650 1245 684 gratis
1259 649 1322 682 dat,
1338 654 1365 676 et
1379 649 1551 676 contristatur
1565 649 1587 675 si
1605 649 1675 676 desit
1683 649 1729 683 qui
1740 656 1786 676 ac-

996 695 1086 730 cipiat.
1101 695 1241 729 Quomodo
1253 702 1317 730 ergo
1330 695 1448 722 ostendit
1463 694 1545 721 David
1559 694 1643 728 legem
1659 695 1716 721 sine
1723 701 1786 728 gra-

996 742 1031 769 tia
1047 741 1152 776 operari
1167 748 1219 768 non
1240 748 1328 774 posse,
1353 740 1404 768 nisi
1428 748 1488 767 cum
1504 740 1564 767 illos
1585 740 1686 775 lapides
1707 741 1786 775 quin-

996 795 1057 822 que,
1081 787 1178 821 quibus
1199 786 1397 821 significabatur
1423 786 1484 819 lex,
1506 785 1534 812 in
1557 785 1638 812 libros
1659 785 1784 820 quinque,

996 841 1063 868 quos
1074 833 1236 868 conjungere
1252 833 1334 859 voluit
1344 833 1444 867 gratiae,
1470 832 1557 866 posuit
1570 839 1634 859 vase
1647 831 1785 866 pastorali,

149 883 272 910 ordinate
283 881 409 909 Ecclesiae
426 881 541 908 insinuat
555 880 694 907 unitatem.
711 880 776 912 Quae
790 880 872 906 variis
884 886 942 906 tno-
960 879 981 908 B
997 888 1050 914 quo
1064 880 1104 907 lac
1116 880 1234 913 mulgere
1247 879 1442 906 consueverat?

149 929 190 956 dis
213 928 332 963 quotidie
352 931 468 958 resonat,
498 930 524 953 et
552 927 682 952 suavitate
707 925 820 960 mystica
846 925 941 952 modu—

149 975 228 1002 latur.

184 1020 210 1047 11.
230 1020 280 1047 iste
293 1020 378 1047 adhuc
395 1026 460 1054 puer
474 1018 500 1045 in
514 1018 614 1045 cithara
627 1017 755 1049 suaviter,
770 1017 825 1044 imo
837 1016 941 1044 fortiter

148 1074 259 1098 canens,
271 1065 417 1100 malignum
431 1064 565 1099 spiritum,
580 1064 624 1098 qui
635 1063 796 1096 operabatur
809 1063 834 1089 in
849 1063 939 1095 Saule,

150 1113 326 1147 compescuit,
342 1120 394 1138 non
407 1111 477 1145 quod
488 1111 598 1138 citharae
612 1110 684 1137 illius
696 1114 767 1136 tanta
779 1110 861 1136 virtus
873 1113 939 1141 crat,

150 1160 199 1188 sed
213 1159 285 1194 quod
314 1158 396 1193 figura
412 1157 499 1185 crucis
514 1157 630 1190 Christi,
648 1164 707 1190 qua:
722 1157 755 1183 do
770 1156 842 1190 ligno
857 1161 883 1182 et
895 1163 942 1183 ex·

150 1205 273 1232 tensione
288 1211 430 1230 nervorum
455 1203 568 1238 mystice
583 1202 736 1237 gerebatur,
753 1202 864 1235 ipsaque
879 1208 940 1234 pas—

147 1251 199 1284 sio,
216 1259 276 1285 quae
287 1250 455 1282 cantabatur,
470 1249 525 1283 jam
542 1255 605 1276 tunc
621 1248 731 1283 spiritus
750 1248 880 1275 doetnonis
895 1255 942 1280 op·

149 1298 292 1334 primebut.
322 1296 439 1323 Leonem
467 1303 572 1330 quoque
598 1300 625 1322 et
653 1302 743 1322 ursum
772 1295 841 1322 idem
858 1294 942 1321 David

148 1345 262 1378 necavit,
290 1351 382 1371 ursum
411 1343 537 1370 videlicet
560 1342 708 1374 diabolum,
735 1342 840 1369 leonem
866 1341 942 1368 Anti-

148 1390 299 1422 christum;
323 1389 436 1416 alterum
453 1388 606 1415 hominihus
628 1388 743 1414 latenter
758 1387 940 1420 insidiantem,

147 1436 261 1464 alterum
274 1436 300 1462 in
317 1439 452 1469 posterum
467 1433 687 1460 manifestissime
701 1434 868 1460 saevientem.

455 1490 568 1517 CAPUT
588 1489 621 1516 X.

300 1526 337 1553 De
351 1526 490 1552 certamine
514 1525 596 1551 David
611 1533 669 1551 cunt
684 1524 799 1552 Goliatlt.

1030 925 1056 952 5.
1071 926 1116 952 iiis
1131 930 1259 958 armatus,
1287 925 1417 959 processit
1431 925 1558 953 adversus
1572 925 1675 953 Goliam
1691 933 1784 960 supet·-

994 971 1067 1003 hum,
1084 978 1113 998 se
1126 971 1280 1005 jactantem,
1296 971 1329 998 de
1344 978 1373 998 sc
1389 975 1604 1005 praesumentem.
1620 971 1693 998 Tulit
1703 980 1785 1000 unum

993 1016 1119 1050 lapidem.
1135 1022 1161 1043 et
1181 1015 1278 1050 dejecit
1294 1016 1439 1049 diabolum,
1455 1017 1482 1043 in
1497 1017 1582 1044 fronte
1597 1017 1739 1051 percussit,
1759 1023 1786 1046 et

994 1062 1091 1088 cecidit
1111 1070 1143 1089 ex
1159 1069 1190 1088 eo
1205 1062 1264 1088 loco
1279 1063 1399 1095 corporis
1411 1063 1456 1089 ubi
1476 1063 1580 1097 signum
1603 1059 1702 1090 Christi
1729 1071 1782 1091 non

995 1107 1095 1134 habuit.
1121 1107 1177 1134 Hoc
1189 1115 1293 1142 quoque
1314 1108 1376 1134 licet
1390 1107 1522 1140 attendas,
1544 1107 1660 1143 quinque
1683 1108 1785 1142 lapides

995 1154 1091 1187 posuit,
1110 1161 1190 1179 unum
1204 1153 1286 1180 misit.

1031 1199 1056 1226 o.
1077 1200 1200 1234 Quinque
1215 1199 1275 1226 libri
1289 1199 1350 1226 lecti
1364 1204 1436 1232 sunt,
1462 1199 1509 1227 sed
1522 1199 1608 1227 unitas
1624 1201 1707 1234 vicit;
1731 1202 1785 1236 ple-

995 1245 1084 1271 nitudo
1098 1245 1165 1272 enim
1181 1245 1242 1280 tegis
1253 1245 1377 1278 charitas,
1394 1249 1422 1272 ut
1436 1245 1472 1272 ait
1483 1245 1635 1280 Apostolus.
1652 1246 1785 1274 Sufferen-

995 1296 1034 1317 tes
1058 1291 1170 1318 invicem
1186 1291 1212 1317 in
1233 1291 1384 1323 dilectione,
1413 1290 1550 1318 studentes
1572 1299 1679 1319 serv-tre
1699 1293 1785 1320 unita-

995 1341 1048 1363 tem
1064 1337 1172 1370 spiritus
1188 1337 1214 1362 in
1239 1336 1344 1363 vinculo
1364 1335 1447 1370 pacis.
1473 1335 1573 1363 Deinde
1589 1336 1635 1363 illo
1658 1344 1784 1371 percusso

994 1386 1074 1415 atque
1089 1381 1203 1415 dejectu,
1221 1381 1337 1416 gladium
1358 1381 1417 1416 ejus
1437 1382 1554 1415 abstulit,
1580 1387 1606 1410 et
1630 1383 1726 1412 deinde
1740 1391 1784 1411 ca-

995 1432 1041 1461 put
1057 1427 1093 1453 illi
1109 1427 1233 1454 abscidit.

1029 1475 1058 1501 7.
1074 1474 1108 1501 Et
1122 1474 1173 1501 hoc
1187 1474 1249 1501 iacit
1263 1478 1354 1500 noster
1371 1473 1464 1500 David.
1485 1473 1582 1508 Dejicit
1595 1474 1728 1502 diabolum
1750 1476 1784 1503 de

995 1520 1061 1554 suis,
1075 1520 1181 1555 quando
1195 1520 1308 1547 credunt
1318 1520 1426 1554 maligui
1444 1520 1512 1554 ejus,
1526 1528 1593 1554 quos
1604 1521 1648 1548 ille
1661 1521 1689 1548 in
1703 1529 1784 1548 manu

183 1576 209 1600 1.
230 1573 282 1599 iste
296 1571 377 1598 David
392 1571 418 1597 in
434 1570 525 1604 praelio
545 1570 679 1604 gigantem
703 1570 848 1604 superavit,
875 1577 935 1597 cum
950 1560 974 1596 C
990 1565 1118 1597 habehat,
1143 1570 1170 1592 et
1193 1565 1226 1592 de
1250 1565 1345 1599 quibus
1364 1569 1475 1593 caeteras
1493 1567 1594 1593 animas
1621 1565 1782 1599 trucidabat,

149 1618 282 1648 adversus,
297 1616 421 1651 populum
439 1615 485 1642 Dei
511 1615 668 1650 alienigenae
689 1615 856 1642 dimicarent.
874 1615 941 1643 Pro-

149 1660 252 1693 vocavit
266 1670 334 1690 unus
341 1670 432 1695 unum,
445 1661 551 1689 Goliath
562 1661 643 1688 David
655 1670 662 1694 ;
677 1662 832 1696 provocavit
844 1669 940 1696 supet·-

149 1711 192 1738 hia
208 1709 396 1741 humilitatem,
421 1707 577 1742 provocavit
591 1707 714 1734 diabolus
729 1706 876 1734 Christum.
890 1707 941 1734 Ac-

149 1757 220 1792 cepit
252 1763 327 1782 arma
361 1754 455 1782 heilica
483 1756 592 1780 sanctus
622 1752 706 1779 David
723 1773 730 1785 ‚
758 1757 787 1779 ut
811 1751 940 1779 adversus

149 1803 254 1831 Goliam
269 1801 443 1836 procederet;
460 1800 517 1826 haec
528 1806 603 1826 arma
615 1806 663 1834 per
673 1803 780 1826 aetatem
794 1803 820 1825 ct
832 1806 939 1832 parvam

149 1853 275 1875 staturam
291 1845 411 1880 corporis
427 1849 533 1879 portare
557 1851 610 1871 non
639 1843 733 1877 potuit,
758 1843 856 1877 abiecit
871 1850 938 1870 one—

150 1894 245 1925 rantia,
262 1892 365 1926 accepit
379 1890 497 1925 quinque
511 1889 613 1924 lapides
629 1888 663 1916 de
678 1887 797 1921 flumine,
810 1893 838 1916 et
852 1887 940 1923 posuit

150 1940 177 1967 in
191 1946 253 1966 vase
269 1937 407 1973 pastorali.

184 1984 212 2010 2.
235 1984 281 2011 llis
295 1987 412 2010 armatus
426 1981 565 2017 processit,
577 1986 603 2009 et
617 1981 690 2008 vicit.
706 1981 762 2008 iioc
776 1981 883 2015 quidem
894 1980 939 2007 ille

150 2028 243 2056 David.
259 2028 312 2056 Sed
325 2028 347 2055 si
363 2028 492 2063 mysteria
501 2030 710 2062 perscrutemur,
726 2026 753 2053 in
768 2025 851 2052 David
863 2024 941 2052 Chri-

150 2079 207 2101 stus
242 2074 406 2108 intelligitur.
439 2073 509 2105 Qui,
538 2078 643 2107 tempus
668 2071 837 2099 revelationis
874 2071 940 2098 Novi

150 2119 313 2146 Testamenti
352 2118 518 2146 insinuandae
539 2122 567 2145 et
598 2116 820 2144 commendanda:
848 2116 941 2151 gratiae

151 2164 312 2199 praevidens,
336 2171 409 2191 arma
435 2163 568 2197 deposuit,
592 2162 710 2196 quinque
738 2161 841 2195 lapides
869 2162 939 2188 tulit.

151 2209 281 2245 Deposuit
292 2217 357 2245 ergo
371 2209 520 2244 corporalia
533 2212 700 2236 sacramenta
714 2208 790 2242 legis,
811 2216 870 2242 quae
884 2215 939 2235 non

995 1616 1155 1640 convertunt
1170 1611 1273 1645 linguas
1285 1618 1347 1638 suas
1360 1616 1452 1638 contra
1465 1611 1611 1644 diabolum,
1632 1611 1707 1640 etsie
1720 1611 1782 1640 Go-

994 1658 1037 1686 liae
1052 1657 1086 1685 de
1099 1657 1189 1692 gladio
1203 1665 1251 1684 suo
1265 1661 1344 1691 caput
1358 1657 1492 1684 inciditur.

1298 1702 1410 1729 CAPUT
1435 1702 1479 1729 xt.

1158 1747 1196 1774 De
1209 1747 1334 1774 cotmubio
1348 1747 1446 1774 Mtchot
1461 1747 1522 1782 fittae
1537 1747 1612 1775 Saul.

1030 1795 1056 1822 t.
1073 1794 1176 1821 Interea
1189 1794 1299 1821 victoria
1311 1794 1393 1821 David
1405 1794 1522 1821 animum
1537 1794 1599 1822 Saul
1614 1795 1683 1829 regis
1698 1794 1782 1822 offen-

993 1842 1043 1875 dit,
1067 1840 1228 1875 indignantis
1243 1840 1313 1874 quod
1333 1840 1382 1866 sihi
1397 1840 1424 1866 in
1440 1841 1523 1872 mille,
1548 1845 1575 1867 et
1590 1840 1673 1867 David
1695 1840 1721 1867 111
1736 1840 1783 1868 de-

993 1894 1052 1914 cem
1066 1886 1149 1913 millia
1174 1885 1398 1913 conclamantium
1415 1886 1520 1920 publice
1532 1885 1716 1921 gratulationis
1735 1894 1782 1913 ora

993 1935 1167 1965 insonarent;
1194 1933 1255 1959 hinc
1271 1933 1368 1959 invidia
1383 1932 1482 1965 santis,
1507 1937 1534 1959 et
1555 1939 1646 1959 semen
1662 1932 1783 1960 odiorum

993 1980 1121 2007 adversus
1134 1979 1227 2006 David.
1248 1979 1331 2012 Quem
1352 1978 1534 2005 dissimulator
1550 1978 1669 2010 callidus,
1687 1978 1783 2006 utsine

994 2026 1098 2053 insidiis
1113 2026 1168 2052 suis
1192 2029 1283 2059 posset
1305 2023 1401 2052 offerre
1426 2024 1585 2056 discrimini,
1606 2024 1700 2051 statuit
1721 2031 1783 2051 eum

994 2071 1091 2100 Michol
1105 2071 1167 2098 titiae
1181 2078 1236 2098 suae
1248 2070 1329 2105 518
1340 2070 1439 2104 nuptiis
1451 2070 1563 2104 alligari,
1579 2070 1601 2097 si
1613 2074 1720 2097 centum
1730 2069 1782 2098 sibi

993 2118 1196 2152 Allophylorum
1213 2117 1338 2151 praeputia
1358 2116 1444 2143 victor
1457 2114 1575 2142 oflerret.

1028 2164 1055 2189 2.
1072 2163 1123 2190 Pro
1137 2163 1232 2197 quibus
1242 2166 1359 2194 centum,
1374 2162 1488 2189 ducenta
1500 2161 1585 2194 dedit,
1600 2165 1627 2189 et
1640 2161 1711 2189 unde
1723 2169 1783 2189 cre·

993 2210 1063 2236 ditus
1077 2214 1117 2236 est
1133 2209 1207 2243 regio
1232 2209 1318 2242 perire
1333 2213 1406 2240 voto,
1433 2207 1495 2234 inde
1513 2212 1606 2234 auctus
1627 2212 1668 2235 est
1682 2207 1784 2242 glorio-

151 2262 215 2284 sunt
232 2256 355 2290 imposita
368 2256 506 2290 gentihus;
530 2254 655 2288 deposuit
674 2261 734 2287 quae
749 2261 802 2281 11011
815 2254 940 2281 observa·
953 2253 980 2283 D
993 2254 1056 2282 siori
1070 2254 1202 2288 trophaeo.
1225 2253 1265 2280 lta
1275 2257 1301 2279 et
1321 2252 1420 2284 sudaei,
1435 2252 1498 2279 dum
1512 2257 1603 2279 contra
1618 2252 1782 2280 voluntatem

151 2310 231 2336 mus,
247 2301 295 2329 sed
316 2306 404 2328 tamen
435 2301 469 2327 ad
494 2300 610 2334 aliquam
633 2299 857 2334 significationem
873 2307 943 2334 prae-

154 2348 235 2376 missa
248 2351 277 2375 et
289 2346 374 2381 posita
386 2345 569 2380 intelligimus.

189 2394 216 2420 5.
237 2393 357 2427 Denique
383 2392 440 2419 haec
465 2399 539 2418 arma
562 2390 696 2425 deposuit,
720 2393 845 2424 tauquam
860 2396 941 2416 onera

152 2441 383 2467 sacramentorum
397 2437 495 2464 veteris
507 2436 584 2471 legis,
596 2440 624 2463 et
637 2436 721 2470 ipsam
733 2435 818 2469 legem
829 2435 940 2469 accepit.

154 2484 353 2519 Quinqueenim
361 2482 461 2518 lapides
471 2483 587 2517 quinque
598 2482 680 2508 libros
689 2480 771 2516 Moysi
779 2480 940 2515 significant.

153 2530 225 2557 Tulit
237 2537 302 2564 ergo
316 2529 432 2564 quinque
453 2527 513 2555 illos
534 2526 636 2562 lapides
658 2526 692 2553 dc
711 2526 831 2556 flumine.
848 2524 874 2551 id
889 2529 942 2559 est,

153 2575 188 2603 de
199 2576 309 2603 soeculo.
333 2574 443 2603 Labitur
456 2574 527 2601 enim
544 2572 658 2601 mortale
680 2571 807 2600 saeculum
822 2570 902 2606 517
915 2573 943 2597 et

189 2642 218 2670 3.
239 2642 401 2669 Diversarum
424 2642 501 2675 enim,
527 2646 579 2669 etc.
606 2639 677 2667 Alii:
702 2638 862 2666 Diverrorum
875 2637 942 2664 enim

155 2684 277 2704 sonorum
290 2677 455 2704 rationabiles
468 2676 660 2710 moderatosque
681 2678 815 2702 concentu·
835 2673 941 2700 ‹ticin-nu

156 2713 320 2739 concordium
333 2713 480 2740 varietatem
499 2716 658 2746 compactam
677 2715 700 2737 ιι
713 2709 868 2742 ordinatam,
885 2715 942 2742 Μ

156 2745 278 2775 Εαὶεοίω
291 2748 405 2774 insinuat
415 2748 546 2774 unitatem.
559 2747 644 2774 Attev.
819 2770 826 2774 ,

191 2780 257 2810 Car.
272 2790 299 2809 x.
314 2781 346 2809 N.
358 2783 385 2810 Ξ.
405 2782 469 2815 Qaoe
486 2789 538 2808 non
553 2781 721 2809 observamus.
745 2778 797 2807 Alii
821 2777 939 2806 addunt:

158 2814 263 2848 0111111111
272 2817 341 2843 enim
352 2817 379 2843 itt
390 2817 466 2844 veteri
475 2817 531 2858 [eqo
544 2821 569 2843 et
581 2816 693 2852 legitima
705 2819 775 2848 unt,
789 2817 814 2840 at
831 2820 884 2840 11011
894 2811 941 2839 ab·

158 2852 304 2879 mantua?
319 2851 371 2880 Alii
387 2859 394 2878 ε
418 2851 486 2884 Quia
503 2859 531 2879 m
552 2851 630 2879 vetui
647 2850 703 2885 tege
724 2853 749 2877 ιι
771 2847 895 2884 leym,
915 2850 940 2876 ot

996 2301 1042 2328 Dei
1058 2299 1193 2327 Christum
1218 2299 1369 2326 interficere
1393 2298 1528 2329 nituntur,
1554 2304 1602 2331 per
1621 2297 1647 2324 id
1667 2298 1782 2324 salutem

994 2346 1111 2380 gentium
1127 2349 1240 2379 egerunt
1262 2350 1309 2377 per
1328 2342 1398 2376 quod
1413 2341 1584 2368 crediderunt
1598 2342 1780 2376 exstinguere.

994 2391 1070 2424 Quod
1081 2397 1144 2416 vero
1158 2388 1240 2415 David
1262 2387 1474 2421 alienigenarum
1488 2387 1615 2421 praeputia
1637 2387 1734 2418 attulit,
1755 2390 1782 2414 et

1009 2436 1033 2462 ic
1044 2434 1132 2462 denuo
1144 2434 1205 2461 tiliae
1219 2432 1282 2460 Saul
1293 2431 1392 2466 nuptiis
1410 2431 1498 2465 haesit,
1507 2431 1689 2466 ·signittcahat
1709 2431 1781 2466 quod

995 2479 1117 2508 Christus
1129 2486 1182 2506 non
1195 2477 1268 2512 prius
1276 2477 1443 2512 Syuagogam
1458 2477 1592 2505 connuhio
1604 2484 1654 2504 11110
1664 2477 1782 2512 sponde-

995 2531 1047 2559 ret,
1062 2525 1114 2552 nisi
1129 2528 1206 2552 antea
1219 2524 1352 2558 gloriosus
1363 2524 1390 2550 in
1405 2523 1528 2557 gentinus
1542 2522 1629 2551 tieret.

1030 2572 1057 2599 5.
1069 2571 1146 2599 Prius
1159 2570 1232 2598 enim
1252 2570 1280 2598 iu
1293 2568 1445 2597 nationibus
1465 2569 1595 2597 resecavit
1612 2569 1701 2598 carnis
1717 2568 1780 2604 pot-

994 2646 1046 2666 111111
1078 2638 1248 2665 obses-vamur.
1277 2635 1341 2663 itate
1370 2634 1486 2663 tortasse
1503 2641 1523 2662 a
1543 2632 1660 2662 librariis
1679 2634 1780 2664 omina
1830 2628 1832 2661 ξ

994 2677 1068 2706 sunt,
1083 2680 1116 2700 ex
1129 2671 1290 2712 repetitione
1300 2669 1376 2698 verbi
1390 2669 1564 2711 oboenoettaa.
1577 2665 1638 2709 1101
1651 2668 1723 2709 torte
1735 2668 1779 2697 le-
1830 2670 1832 2706 ζ

994 2706 1265 2778 fatte-..fimat
1287 2713 1363 2741 ’ψ’
1377 2705 1450 2770 <⁶⁰0
1461 2705 1567 2739 Μ·
1587 2701 1692 2732 Μ’·
1710 2702 1778 2739 ¹⁴¹*

992 2813 1015 2842 E
1028 2778 1056 2805 t.
1075 2778 1138 2819 Atti.
1152 2785 1203 2804 uon
1212 2775 1304 2812 querit
1316 2775 1440 2812 accipere.
1455 2770 1528 2811 1111011
1542 2773 1659 2804 torm
1669 2772 1782 2817 11111111ιῇ-

1016 2818 1103 2843 tmox
1114 2820 1143 2841 111
1154 2820 1223 2841 κιο.
1236 2813 1323 2840 Aur.
1762 2832 1772 2850 ,ἶ
