1832 3016
152 210 201 241 871

668 201 697 229 S.
718 196 841 228 lSlDORi
860 196 1082 229 tttst‘ALssNSts
1102 197 1254 243 EPlsttom

1732 194 1786 226 ευ
1828 178 1832 179 ’

149 268 224 294 nunt.
240 262 322 289 Nemo
336 257 440 285 caeteris
463 263 493 284 se
511 256 633 292 judicans
655 256 794 284 meliorem
805 277 814 289 ,
829 257 877 284 sed
895 258 939 284 in-
953 260 978 289 Α
993 258 1092 286 mundo
1107 259 1271 293 renuntiant,
1286 267 1320 288 ne
1337 268 1383 295 per
1397 260 1484 295 ipsum
1500 264 1621 296 teporem
1642 268 1736 290 rursus
1758 263 1786 290 in

104 286 113 337 ξ
149 310 272 338 seriorem
307 313 338 333 se
362 304 486 331 omnibus
514 303 666 338 deputans,
691 307 766 330 tanto
791 303 941 331 humilitate

147 355 284 384 clarescat,
298 354 396 385 quanto
421 350 478 384 plus
501 350 606 377 caeteris
627 349 744 376 culmine
757 349 884 377 virtutum
897 357 942 377 co-

148 402 246 428 ruscat.
269 397 410 424 Abstineat
424 402 452 422 se
463 394 543 422 etium
558 402 572 422 a
587 394 687 429 furore,
701 399 728 422 et
748 403 762 422 a
777 395 942 423 detractione

147 449 238 480 parcat
252 442 398 471 monachus
412 441 538 475 linguam.

182 493 208 519 5.
227 491 382 517 lndccenter
396 495 502 522 qnoque
517 487 558 515 vel
581 488 734 516 notabiliter
747 496 800 516 non
822 488 940 521 incedat,

146 536 317 572 philargyriae
342 533 505 567 contagium,
531 537 560 560 ut
583 534 732 561 lethiferam
761 539 874 569 pestem,
895 534 944 561 ab·

148 584 272 614 liorreat;
289 590 302 608 a
319 581 438 615 turpibus
455 580 543 608 verbis
560 581 602 608 vel
623 582 716 608 otiosis
736 582 853 617 linguam
868 589 943 608 aver-

147 634 194 662 tat,
213 633 291 662 atque
317 627 498 654 indesinenter
513 634 560 654 cor
573 628 701 655 mundum
725 628 848 663 labiaque
868 628 943 656 exbi-

145 674 217 703 beat.
245 674 361 701 Allectus
387 681 494 708 quoque
518 673 599 700 animi
626 678 717 708 turpes
741 674 774 701 ab
795 674 943 702 intentione

145 721 315 758 cogitationis
338 721 485 755 abstergat,
500 728 546 754 per
561 721 794 755 compunctionem
812 720 900 748 cordis
915 721 941 748 in

147 771 233 799 stadio
248 778 276 797 se
292 773 391 796 sanct-e
406 768 590 796 meditationis
605 773 740 796 exerceat.

184 818 211 844 li.
231 817 378 851 Torporem
403 816 489 842 somni
504 819 585 849 atque
608 814 742 849 pigritiam
768 813 861 849 fugiat,
878 814 943 848 vigi-

147 865 243 898 liisque
270 868 296 890 et
318 861 483 889 orationibus
503 861 561 888 sine
584 861 784 888 intermissione
810 860 940 894 intendat,

146 910 215 944 gulae
239 907 482 942 concupiscentiam
507 906 648 941 deprimat,
673 910 752 940 atque
774 906 942 933 abstinenti-<e

994 311 1111 332 amorem
1131 305 1222 333 saecnli
1249 306 1355 333 cadant.
1380 306 1474 334 Omnis
1495 314 1641 335 conversus
1664 314 1718 336 non
1745 312 1786 336 est

995 349 1164 384 recipiendus
1187 351 1212 378 in
1228 352 1401 385 monasterio,
1420 352 1469 379 nisi
1486 353 1558 387 prius
1573 353 1631 388 ipse
1642 354 1744 387 scripto
1756 359 1786 380 se

993 396 1171 430 spoponderit
1186 405 1401 431 permansurum.
1417 398 1492 426 Sicut
1505 399 1576 426 enim
1591 398 1611 426 it
1630 399 1674 433 qui
1687 398 1720 426 ad
1735 406 1786 427 εω-

995 441 1112 468 cularem
1126 448 1315 476 promoventur
1323 444 1446 472 militiam
1454 444 1482 471 in
1493 445 1625 480 legionem
1635 453 1686 473 non
1700 451 1787 474 trans-

995 492 1060 514 eunt
1074 487 1125 514 nisi
1139 494 1201 516 ante
1216 489 1242 516 in
1267 490 1362 517 tabulis
1375 491 1557 525 conferantur,
1571 492 1607 519 ita
1619 497 1646 519 et
1662 492 1680 520 ii
1695 493 1739 527 qui
1758 493 1785 520 in

995 533 1180 568 spiritualibus
1200 537 1296 563 castris
1318 537 1423 564 coelesti
1444 538 1546 565 militiae
1570 544 1633 566 sunt
1653 539 1786 574 signandi,

995 581 1045 607 nisi
1061 582 1133 615 prius
1144 582 1312 616 protessione
1329 584 1405 611 verbi
1420 589 1466 611 aut
1479 586 1572 619 scripti
1587 590 1737 618 teneantur,
1759 586 1786 613 in

995 635 1133 655 numerum
1170 629 1251 664 529
1281 631 1492 666 societatemque
1518 638 1657 659 servorum
1688 632 1787 660 Christi

996 675 1110 701 transire
1124 683 1177 702 non
1189 679 1311 709 possunt.

1031 719 1057 746 5.
1075 721 1124 753 Qui
1136 721 1162 747 in
1176 721 1340 749 monasterio
1354 722 1427 755 prior
1442 722 1600 757 ingreditur,
1617 723 1720 757 primus
1734 723 1787 751 erit

994 767 1021 794 in
1034 767 1135 794 cunctis
1159 767 1254 802 gradu,
1279 768 1321 794 vel
1340 768 1450 801 ordinej;
1477 776 1526 796 nce
1553 770 1726 803 quaerendum
1744 774 1787 798 est

994 814 1016 841 si
1027 814 1102 841 dives
1112 818 1158 841 aut
1169 822 1380 849 pauper-,servus
1395 823 1428 842 an
1444 815 1634 849 tiber,juvenis
1643 823 1676 843 an
1691 823 1787 850 senex,

994 860 1111 887 rusticus
1122 868 1156 887 an
1163 860 1300 893 eruditus;
1313 861 1340 889 in
1354 861 1493 888 monacbis
1505 862 1577 888 enim
1589 869 1638 889 nec
1651 866 1725 896 aetas,
1739 870 1789 891 nec

994 907 1114 934 conditio
1131 908 1343 941 quoerittir‚quia
1355 908 1426 935 inter
1441 908 1511 935 servi
1535 913 1562 935 et
1583 909 1657 936 liberi
1673 910 1788 936 animam

146 955 288 982 virtutibus
313 953 485 988 semetipsum
517 961 564 987 per
595 952 713 979 studium
746 953 938 979 domandarum
957 952 978 982 B
993 953 1062 979 nulla
1073 953 1190 987 estapud
1200 953 1283 980 Deum
1293 952 1514 986 differentia.Qui
1528 954 1790 987 tamenJugoalienae

147 1001 288 1028 libidinum
306 1000 416 1034 affligat,
433 999 544 1026 domans
554 998 665 1033 jejuniis
680 1005 800 1029 carnem,
814 1002 941 1031 quantum

145 1046 268 1074 valetudo
291 1045 410 1080 corporis
432 1046 513 1076 sinat,
536 1044 623 1071 livore
646 1050 751 1078 quoque
775 1042 881 1070 invidiae
908 1042 942 1069 de

145 1092 270 1119 fraternis
285 1091 448 1126 profectibus
463 1090 544 1125 528
567 1096 734 1123 nequaquam
751 1088 879 1119 tabescat,
895 1087 941 1114 sed

147 1139 250 1173 quietns
275 1143 354 1172 atque
380 1138 504 1172 paciticus
534 1143 580 1170 per
608 1142 727 1162 amorem
751 1133 876 1160 fraternae
899 1133 941 1159 di-

145 1184 268 1212 lectionis
293 1185 326 1212 de
351 1189 507 1211 cunctorum
529 1182 643 1217 gaudeat
669 1180 781 1214 meritis,
799 1180 942 1207 iracundia:

146 1230 375 1265 perturbationem
399 1229 536 1263 rejiciens,
554 1234 580 1256 et
603 1227 734 1263 patienter
748 1227 837 1254 omnia
859 1226 940 1253 susti-

146 1284 228 1309 nens;
257 1277 328 1304 nulla
354 1277 472 1308 tristitia,
498 1276 571 1303 nnllo
597 1274 736 1310 temporali
754 1281 869 1301 moerore
882 1273 942 1299 al'ti-

146 1323 241 1356 ciatnr,
265 1323 311 1350 sed
338 1327 430 1349 contra
454 1323 542 1349 omnia
568 1321 680 1348 adversa
707 1320 826 1347 interiori
846 1319 941 1354 gaudio

147 1368 244 1401 fretus,
260 1369 343 1403 ipsam
362 1374 497 1403 postremo
512 1376 587 1395 vanae
613 1367 705 1402 gloriae
729 1366 833 1394 laudern
850 1366 940 1401 procul

146 1420 161 1439 a
186 1420 216 1440 se
238 1413 355 1447 abjiciat,
373 1418 400 1440 et
422 1414 475 1440 Deo
499 1418 599 1440 tantum
625 1413 737 1440 interius
754 1412 847 1440 ltumiti
861 1411 941 1438 corde

147 1459 255 1493 placere
270 1459 386 1491 studeat,
403 1464 431 1485 ut
444 1459 506 1485 dum
523 1459 564 1485 liis
580 1459 722 1485 virtutibus
733 1458 830 1492 radiat,
846 1456 940 1484 metito

149 1512 247 1533 nornen
261 1512 315 1533 suae
333 1505 506 1539 professionis
521 1504 644 1531 retineat.

426 1550 445 1577 C
458 1550 479 1576 Α
489 1550 509 1576 Ρ
522 1550 540 1576 U
555 1550 575 1576 T
616 1550 624 1576 l
637 1549 669 1576 V.

448 1596 487 1622 De
500 1597 636 1622 conversis.

993 1001 1128 1028 servitutis
1141 1001 1266 1027 astrictus
1280 1001 1389 1033 est‚nisi
1403 1000 1531 1028 Dominus
1543 1001 1647 1027 vincula
1663 1000 1723 1035 ejus
1733 1001 1789 1028 dis-

994 1047 1121 1080 solverit,
1147 1055 1313 1082 nequaquam
1333 1047 1502 1081 recipiendus
1518 1051 1575 1080 est;
1602 1048 1732 1081 scriptum
1748 1052 1790 1075 est

993 1094 1063 1121 enim
1082 1103 1088 1120 :
1107 1094 1171 1127 Quis
1186 1094 1284 1121 dimisit
1299 1103 1426 1129 onaqrum
1437 1095 1564 1122 liberum?
1583 1099 1605 1121 et
1621 1095 1721 1122 uincula
1733 1096 1789 1130 ejtts

993 1141 1050 1174 quis
1066 1140 1140 1167 solvit
1151 1139 1224 1174 (Jott.
1239 1140 1350 1175 xxxixJ?
1364 1140 1470 1174 Onager
1489 1141 1560 1167 enim
1578 1139 1646 1167 liber
1661 1140 1789 1167 dimissus

994 1186 1142 1212 monachus
1156 1189 1198 1213 est
1213 1186 1272 1212 sine
1287 1185 1426 1212 dominatu
1443 1190 1470 1212 et
1490 1185 1682 1219 impedimento
1699 1185 1790 1212 saecnli

994 1231 1158 1263 deserviens,
1174 1236 1200 1257 et
1215 1239 1229 1257 a
1251 1231 1336 1258 turbis
1359 1237 1488 1258 remotus.
1515 1231 1590 1258 Tunc
1612 1231 1682 1258 enim
1705 1231 1789 1257 libera

993 1278 1123 1305 servitute
1149 1279 1204 1304 Deo
1231 1278 1343 1312 quisque
1369 1277 1534 1310 famulatur,
1560 1276 1666 1311 qnando
1690 1275 1789 1303 nullius

994 1324 1110 1351 carnalis
1125 1322 1288 1350 conditionis
1302 1324 1421 1357 pondere
1437 1322 1577 1357 premitur.
1593 1322 1642 1350 Ubi
1654 1322 1724 1349 enirn
1733 1321 1788 1356 jam

993 1376 1076 1396 suave
1095 1369 1189 1402 jugum
1211 1373 1237 1395 et
1266 1368 1329 1395 teve
1353 1376 1421 1395 onus
1447 1367 1547 1395 Clnisti
1568 1371 1620 1402 est,
1645 1368 1741 1395 durum
1763 1371 1790 1394 et

993 1424 1073 1450 grave
1085 1420 1126 1442 est
1142 1419 1254 1449 portare
1272 1415 1410 1442 servitium
1424 1415 1525 1442 saecutt.

1028 1461 1055 1487 4.
1073 1461 1123 1494 Qui
1144 1460 1242 1495 aliquid
1259 1460 1389 1487 habentes
1407 1460 1433 1487 in
1458 1460 1569 1492 saecuto,
1583 1463 1787 1492 convertuntur,

993 1515 1046 1534 non
1069 1507 1243 1540 extollantur,
1268 1506 1290 1533 si
1314 1507 1348 1533 de
1371 1507 1425 1533 suis
1457 1506 1627 1533 facultatibus
1651 1505 1789 1540 quodonn-

993 1560 1044 1587 que
1074 1552 1237 1579 monasterio
1266 1552 1453 1584 contulerunt3
1480 1552 1526 1579 sed
1550 1552 1637 1586 potius
1664 1551 1788 1583 timeant,

994 1606 1028 1626 ne
1055 1599 1098 1626 liic
1125 1606 1171 1633 per
1193 1598 1345 1632 snperbiam
1367 1598 1506 1625 eleventur
1531 1601 1558 1624 et
1578 1601 1698 1631 pereant.
1723 1596 1790 1630 Qui-

181 1644 207 1670 1·
222 1643 271 1676 Qui
286 1642 442 1670 renuntians
458 1642 570 1674 saeCfflO,
585 1642 618 1669 ad
643 1641 833 1669 ¹¹¹⁰n³⁵²eflum
855 1645 940 1665 vesse·
955 1648 978 1680 ρ
995 1644 1045 1672 bus
1066 1644 1163 1671 melius
1186 1649 1267 1676 esset,
1286 1643 1307 1670 si
1336 1643 1442 1670 divitias
1462 1650 1524 1670 suas
1552 1650 1610 1670 cum
1643 1642 1790 1681 bumilitate

146 1689 192 1723 rit,
201 1696 252 1716 non
266 1689 355 1715 statim
368 1689 394 1715 in
405 1692 504 1715 coetum
517 1687 674 1722 deligendus
685 1690 726 1714 est
739 1685 940 1712 monachorum.

146 1734 234 1764 Vitam
247 1736 317 1763 enirn
334 1735 476 1768 unicuique
491 1733 518 1760 in
535 1732 725 1767 hospitalitatis
740 1730 878 1758 servitium
896 1729 943 1756 tri·

147 1781 197 1809 hus
222 1782 360 1809 mensibus
384 1780 556 1808 considerare
574 1783 690 1813 oportet,
707 1777 802 1813 quibus
828 1776 943 1812 peractis

148 1827 181 1854 ad
193 1832 290 1855 coeturn
301 1831 402 1854 sanctae
413 1824 626 1860 congregationis
635 1824 740 1851 accedet
751 1832 758 1856 ;
770 1830 855 1857 neque
870 1823 942 1850 enim

147 1874 219 1902 intus
240 1874 339 1910 suscipi
359 1881 518 1909 quemquam
539 1872 674 1906 convenit,
699 1872 762 1904 nisi,
785 1872 858 1907 prius
878 1871 942 1898 soris

151 1922 262 1955 positus,
289 1921 348 1955 eius
369 1920 505 1948 humilitas
520 1920 576 1947 sive
591 1919 717 1953 patientia
740 1918 940 1953 comprobetur.

147 1966 196 1999 Qui
211 1967 302 1994 relicto
323 1967 420 1994 saeculo
437 1966 469 1993 ad
486 1965 607 1993 militiam
623 1964 722 1992 Christi
739 1965 782 1999 pia
801 1969 828 1991 et
842 1963 941 1991 salubri

149 2011 297 2041 bumilitate
312 2018 515 2047 convertuntur,
531 2014 620 2041 omnia
640 2022 688 2041 sua
704 2012 820 2049 primum
834 2018 879 2040 aut
903 2013 942 2040 in-

149 2056 300 2092 digentibus
315 2059 446 2092 dividant,
462 2064 508 2086 ant
522 2060 687 2087 monasterio
702 2059 852 2086 conferant.
868 2058 942 2085 Tunc

149 2103 220 2129 enim
244 2103 314 2131 servi
329 2104 431 2132 Christi
456 2105 570 2132 liberum
587 2105 705 2131 animuin
726 2104 822 2131 divinae
841 2103 942 2131 militiae

150 2147 274 2180 offerunt,
287 2150 392 2184 quando
406 2158 419 2177 a
444 2158 474 2178 se
495 2151 552 2186 spei
575 2150 710 2178 saecularis
730 2149 834 2177 vincula
848 2154 940 2177 cuncta

150 2194 308 2227 praecidunt.

185 2238 212 2265 ⁶2.
238 2240 289 2272 Qui
313 2249 364 2269 non
385 2243 469 2277 rigida
491 2244 640 2271 intentione
664 2246 869 2275 convertuntur,
889 2242 942 2270 cito

150 2290 196 2312 aut
218 2287 349 2321 superbiae
373 2290 479 2322 morbo,
495 2296 540 2317 ant
563 2291 628 2318 vitio
654 2290 766 2318 tuxuriae
782 2290 940 2317 subduntur.

149 2329 319 2367 Nequaquam
349 2341 414 2369 ergo
441 2336 538 2364 debent
569 2345 583 2364 a
611 2342 702 2371 tepore
728 2335 855 2363 inchoare
867 2355 875 2369 ,
901 2337 945 2370 qui
958 2336 1165 2372 Dconluttderet
1181 2335 1269 2370 sortes.
1282 2338 1306 2360 et
1325 2332 1450 2362 ionobilio
1469 2331 1568 2362 nitendi,
1584 2335 1607 2358 et
1624 2339 1654 2358 ea
1667 2339 1723 2360 auoe
1735 2339 1788 2358 non
1829 2347 1832 2384 1

185 2397 212 2424 5.
228 2397 250 2438 '1
255 2391 385 2426 ridecenter
399 2408 507 2434 quoque,
529 2406 580 2428 etc.
596 2401 748 2428 Consonant
771 2400 827 2427 ltaec
843 2400 940 2435 regulae

150 2437 234 2472 sancti
252 2432 392 2462 Fructuosi
408 2436 588 2467 Bracarensis.
605 2444 630 2463 c.
645 2437 671 2464 8.
689 2435 843 2463 Notabiliter
857 2443 941 2476 expo-

149 2470 409 2544 rizlavi-’statii
423 2471 611 2542 estimat?
627 2470 939 2541 aazz‘i‘ztifffitgtzti

149 2538 254 2572 cupido.
271 2541 359 2567 Anav-

184 2574 211 2600 4.
237 2574 277 2601 Ex
297 2575 339 2602 tiis
362 2576 476 2610 aliisque
497 2577 590 2604 lsidori
609 2577 749 2618 praeceptis
767 2581 870 2616 natum,
883 2575 941 2611 opi-

150 2610 940 2683 ittae?²3:33¹ss¹¹122tttfsst'?t.‚t:¹‘;2:.¹:.0¹:.‘z¹:::¹¹l¹:tlt¹¹t⁸.;

150 2675 311 2721 isidorianis,
325 2687 385 2716 cap.
401 2681 446 2714 85,
458 2689 486 2709 n.
500 2682 526 2709 9.
542 2682 646 2710 'l'itulus
657 2687 698 2709 est
712 2691 719 2710 :
733 2681 867 2710 Tractatu-
885 2681 942 2714 qui·

150 2720 211 2754 auin
229 2715 309 2741 nancti
333 2714 439 2750 Isidori,
460 2718 486 2744 in
508 2725 558 2752 qno
579 2717 607 2744 in
630 2717 698 2744 brevi
720 2715 942 2754 comprehenditur

165 2782 172 2788 ι
213 2749 274 2783 quid
289 2751 394 2784 pertinet
407 2751 442 2778 od
451 2756 544 2779 statum
557 2753 720 2788 perfectionis
731 2751 867 2788 enjusdam
877 2750 942 2785 fide-

162 2789 185 2809 u
198 2791 323 2824 pprqonoe.
337 2785 390 2813 Sed
405 2794 464 2814 cuin
485 2786 550 2815 nihil
575 2788 710 2822 peculiare
727 2787 818 2820 addat,
838 2790 868 2814 et
879 2793 937 2814 outt-

152 2820 303 2849 runtmnme
325 2819 476 2855 descriptus
499 2822 534 2850 sit
556 2821 708 2858 huiusmodi
727 2820 939 2856 mutuatim

152 2850 207 2878 ullo
219 2851 316 2881 damno
346 2857 495 2884 raeterinitti
509 2861 606 2891 potest.
621 2857 709 2885 Anu.

186 2884 302 2927 enni-v.
315 2898 323 2914 ι
338 2906 346 2914 .
362 2889 390 2916 l.
403 2891 566 2930 ttotatenios,
576 2890 939 2930 animai-ioquinlmniw

151 2919 185 2950 lic
197 2925 331 2949 servitio...
346 2923 503 2953 consulenti
516 2930 626 2962 oportet.
638 2928 727 2956 Anav-

997 1692 1022 1718 in
1038 1691 1136 1718 saecuto
1164 1690 1326 1721 fruerentur,
1339 1697 1418 1724 quam
1434 1694 1461 1716 ut
1473 1689 1529 1724 jam
1550 1696 1679 1723 pauperes
1703 1688 1788 1716 effecti

994 1736 1028 1764 de
1043 1744 1136 1764 earum
1151 1735 1342 1763 distributione
1365 1735 1483 1762 elatione
1503 1734 1633 1768 superbia:
1659 1733 1789 1761 extollan-

995 1787 1047 1809 tur.
1060 1782 1090 1809 lli
1108 1782 1152 1816 qui
1168 1782 1200 1809 de
1213 1786 1371 1815 paupertate
1383 1781 1408 1807 in
1425 1780 1586 1807 monasterio
1599 1783 1789 1806 convertuntur

995 1835 1048 1854 non
1063 1830 1125 1854 sunt
1141 1826 1306 1861 despiciendi
1321 1826 1355 1852 ab
1377 1826 1416 1853 eis
1431 1825 1476 1860 qui
1493 1825 1582 1852 soecnti
1596 1824 1702 1851 divitias
1727 1823 1789 1851 reli-

994 1878 1119 1908 querunt,
1136 1873 1197 1908 quia
1223 1873 1291 1908 apud
1319 1873 1402 1900 Deum
1430 1873 1506 1899 unius
1531 1872 1633 1899 ordinis
1657 1871 1789 1899 habentui·

994 1919 1143 1954 omnesqui
1158 1923 1351 1946 convertuntur
1371 1918 1405 1946 ad
1428 1917 1586 1951 Christum3
1607 1925 1693 1951 neque
1715 1918 1787 1944 enirn

993 1965 1083 1992 ditl‘ert
1095 1969 1185 1992 ntrum
1200 1972 1232 1992 ex
1250 1965 1322 2000 inopi
1336 1966 1376 1992 vel
1391 1964 1483 1992 serviti
1509 1963 1661 1991 conditione
1684 1962 1716 1990 ad
1732 1971 1789 1990 ser-

994 2011 1086 2038 vitintn
1105 2011 1152 2038 Dei
1177 2012 1289 2045 quisque
1318 2010 1433 2044 venerit,
1449 2018 1482 2037 an
1505 2017 1538 2037 ex
1553 2016 1680 2045 generosa
1705 2013 1732 2036 et
1750 2009 1790 2036 lo-

994 2057 1098 2092 cuplete
1110 2057 1179 2089 vita;
1194 2056 1270 2083 multi
1282 2057 1352 2084 enim
1366 2064 1400 2083 ex
1413 2056 1516 2090 plebeio
1527 2063 1608 2083 censu
1619 2055 1789 2082 documentis
1829 2083 1832 2086 Α

995 2105 1122 2132 virtutum
1145 2104 1251 2131 eximiis
1273 2103 1425 2136 enitentes,
1458 2102 1624 2137 praelatiores
1651 2101 1785 2128 nubilibus

994 2151 1057 2177 sacti
1071 2154 1144 2182 sunt,
1157 2157 1256 2184 eosque
1268 2149 1396 2177 virtutum
1413 2148 1570 2176 excellentia
1585 2151 1787 2182 praevenerunt,
1830 2151 1832 2154 ’

994 2201 1021 2223 et
1035 2197 1079 2231 qui
1092 2200 1168 2224 erant
1181 2195 1336 2223 conditione
1350 2194 1447 2226 intimi,
1464 2194 1569 2222 virtutis
1589 2193 1684 2220 merito
1699 2191 1788 2220 effecti
1830 2203 1832 2206 ·

995 2248 1056 2271 sunt
1068 2243 1146 2278 primi
1160 2244 1304 2277 sapientes.
1830 2267 1832 2275 ,

1030 2290 1056 2317 5.
1073 2289 1138 2316 Natn
1160 2293 1298 2323 propterea
1317 2288 1422 2321 infirma
1446 2286 1535 2313 ntuitdi
1560 2285 1636 2319 elegit
1653 2285 1732 2318 Deus,
1761 2289 1787 2313 ul
1817 2305 1832 2323 ⁷,

1026 2402 1053 2427 Ξ.
1077 2400 1136 2426 Nisi
1160 2399 1231 2433 prius
1245 2398 1300 2433 ipse
1311 2397 1417 2428 scripto,
1432 2400 1485 2423 etc.
1504 2396 1556 2430 At„
1569 2394 1619 2423 nisi
1628 2405 1654 2423 ae
1668 2397 1738 2431 prius
1752 2398 1787 2424 ibt

991 2436 1093 2469 scriptis
1106 2442 1161 2461 anoe
1174 2432 1337 2468 professionis
1351 2432 1515 2467 spoponderit
1529 2440 1732 2466 permansurum.
1747 2431 1787 2460 De
1816 2434 1823 2459 ζ

992 2470 1132 2503 tironibus,
1147 2469 1191 2503 qni
1206 2467 1240 2495 ad
1262 2468 1418 2494 saeeularetn
1440 2471 1631 2503 promoventur
1652 2467 1784 2501 militiam,
1818 2467 1823 2474 ²

991 2505 1120 2532 videndus
1144 2503 1271 2534 lsidorus,
1294 2503 1339 2529 lib.
1361 2510 1388 2530 ix
1409 2502 1569 2538 Etymotog„
1591 2510 1652 2537 cap.
1667 2502 1784 2536 5,nu1n.
1816 2526 1822 2533 ,

991 2540 1026 2568 58
1040 2544 1067 2567 et
1081 2540 1126 2572 55,
1141 2543 1168 2566 et
1183 2538 1316 2572 Vegetins,
1337 2538 1383 2565 lib.
1401 2537 1455 2564 ide
1481 2537 1519 2565 lle
1541 2537 1737 2572 militari,‘.cap.
1757 2540 1784 2570 δ,
1811 2557 1815 2565 .

991 2579 1020 2603 et
1031 2574 1077 2603 lib.
1095 2582 1123 2608 n,
1140 2581 1199 2608 cap.
1215 2573 1242 2605 5,
1254 2581 1287 2600 ex
1302 2581 1355 2607 qno
1367 2577 1471 2600 constat
1483 2572 1590 2606 milites,
1601 2573 1708 2607 expleto
1720 2571 1784 2600 tiro-
1799 2599 1803 2608 ,

991 2611 1086 2673 ξῖῗᾶἶίῑι
1096 2607 1600 2672 ‘ttlbttsst'tttt?⁸„Jt2.-⁰⁰t⁸.:¹t³¹·²'¹
1611 2607 1715 2641 ”¹⁵¹⁰⁵’
1729 2613 1784 2642 ‘¹¹¹⁰

1027 2679 1054 2707 ὅ.
1071 2679 1176 2713 Servos,
1190 2663 1226 2706 απ,
1237 2678 1299 2706 tiber
1309 2699 1318 2712 ,
1334 2652 1396 2706 qetc.
1410 2679 1524 2707 Sanctus
1534 2662 1785 2716 ’Πίειξουγιιιυιῖίιὴ

992 2715 1106 2751 epistola
1125 2715 1158 2743 ad
1183 2715 1342 2747 celantiam,
1365 2714 1435 2742 inter
1458 2713 1523 2747 alia,
1550 2712 1591 2746 sic
1608 2714 1647 2740 ait
1658 2711 1687 2740 in
1711 2710 1784 2750 liant}

992 2751 1152 2779 sententiam
1169 2759 1176 2776 ε
1194 2749 1259 2779 Sota
1279 2750 1350 2784 apud
1363 2749 1446 2777 Deum
1459 2748 1564 2776 liberm
1575 2751 1675 2779 estnon
1688 2744 1768 2775 mir

993 2786 1112 2822 peccatis,
1124 2794 1226 2813 sumnia
1238 2786 1308 2822 apud
1332 2785 1418 2813 Dent
1426 2787 1464 2812 m
1477 2779 1598 2813 nom

992 2822 1137 2850 virtutibus.
1149 2822 1238 2849 mv.
1408 2851 1410 2853 ,
1494 2841 1501 2846 .
1512 2850 1523 2853 ..
1540 2847 1541 2850 ,
1576 2848 1579 2854 A
1596 2854 1599 2855 ⁷
1717 2847 1719 2850 ⁴

1027 2857 1054 2886 5.
1076 2856 1148 2885 Nam
1174 2859 1318 2892 propterea.
1345 2855 1448 2898 Eodem
1474 2839 1745 2897 mmm.'fflrz.,
1760 2848 1767 2886 ,⁴

992 2892 1040 2923 nb·
1053 2889 1262 2928 ΙΙὼοπ-,υνι
1275 2889 1425 2927 ’σίων
1491 2911 1522 2929 Η.»
1559 2904 1605 2926 .ι’.Τ-
1696 2918 1702 2926 a
