1832 3016
136 144 190 181 687

136 250 315 286 generandus.
339 248 451 283 Eritque
474 246 545 278 nitus
568 252 692 288 anciliae,
720 253 747 281 id
774 258 832 289 est,
859 255 927 291 Syn-

137 301 226 329 ηομ
241 293 312 321 iilius
326 293 495 328 peccatricis,
511 294 573 330 quia
593 296 639 331 qui
659 303 811 332 peccatum,
830 299 926 335 inquit,

137 340 201 368 iacit
210 360 218 374 ,
234 346 329 368 servus
343 343 386 368 est
398 342 513 376 peccati.
946 339 950 343 ”

169 386 196 413 ὁ.
219 384 283 421 llic,
305 387 428 422 inquam,
455 388 624 424 congregatis
649 389 701 418 sibi
727 390 836 426 impiis,
861 391 930 420 sicut

134 430 292 459 Abimelech
307 431 386 464 iecit,
402 438 514 467 regnum
537 433 660 469 improbe
674 437 831 472 usurpavit;
847 437 930 466 inter-

134 475 264 512 teetisque
277 477 411 505 nobilibus
427 476 505 513 liliis,
522 479 548 507 id
564 485 621 516 est,
639 482 680 510 his
695 484 756 517 qui,
769 491 803 511 ex
816 484 930 512 diversis

96 516 100 521 ⁴
134 522 287 550 nationibus
301 527 328 550 et
343 522 457 558 linguis.
473 524 500 552 in
516 523 652 554 Christum
667 528 809 557 credentes
821 550 828 563 ,
844 537 859 557 a
875 530 930 558 Deo

134 572 198 595 sunt
221 569 361 602 generati,
387 570 546 600 inducturus
571 577 614 601 est
638 577 875 610 persecutionem,
902 581 932 605 ut

134 619 203 646 pene
222 617 330 641 sanctos
350 621 447 643 omnes
467 617 622 647 interliciat.
642 620 695 648 Sed
719 627 801 656 super
824 627 932 658 septua-

132 658 221 692 ginta,
239 658 341 694 inquit,
367 660 416 689 suit
433 661 526 698 junior
547 664 618 693 iilius
640 674 672 694 ex
695 667 776 695 nobili
791 671 930 698 matrimo-

133 706 196 741 nio,
217 707 262 742 qui
282 716 311 736 se
331 708 521 739 absconderat.
543 712 610 747 llic,
632 715 733 751 inquit,
758 717 879 745 ascendit
904 717 931 745 in

133 753 260 781 verticem
278 755 376 783 montis
393 756 509 785 Garizim
520 778 528 793 ,
543 764 570 787 et
584 759 745 789 exclamavit
758 770 823 791 voce
836 771 931 799 magna

137 799 170 827 ad
184 801 313 835 populum
326 802 505 832 SIchimorum
516 826 524 839 ,
538 813 703 842 componens
716 808 755 836 eis
769 810 931 844 parabolam.

172 845 199 874 5.
219 846 267 874 Hic
288 855 353 883 ergo
372 849 463 884 junior
485 850 571 885 filius,
595 852 640 887 qui
664 852 745 888 sugit,
767 859 795 882 ut
814 854 931 890 gladium

135 891 235 920 inimici
254 893 398 928 evaderet,
418 895 502 930 ligura
522 901 563 924 est
588 898 688 926 residui
716 899 805 934 populi
830 894 931 934 lsrael,
947 898 1120 934 Bperduxit.

135 939 300 973 praedicante
315 940 389 973 Elia,
406 941 535 969 extremis
551 943 718 979 temporibus
739 945 881 979 credituri,
903 950 931 974 et

133 985 292 1013 Antichristl
311 985 430 1021 gladium
450 988 568 1016 evasuri.
590 988 735 1023 Ascendit,
757 990 857 1026 inquit,
879 991 930 1019 iste

132 1031 161 1058 in
177 1033 305 1060 verticem
321 1034 419 1061 montis
433 1034 561 1063 Garizim.
576 1035 630 1064 Sed
643 1043 691 1064 cur
703 1042 821 1064 montem
835 1044 930 1066 aseen-

133 1077 194 1105 dit?
209 1078 275 1112 Quia
291 1086 340 1107 nec
356 1080 533 1114 prophetare,
551 1088 601 1109 nee
616 1083 832 1116 persecutionem
853 1083 931 1111 Anti-

133 1123 228 1152 chrisii
242 1125 386 1160 quisquam
402 1127 516 1155 evadere
531 1132 637 1163 potest,
657 1128 709 1156 nisi
729 1129 789 1163 quis
807 1130 882 1164 prius
902 1128 929 1157 in

134 1174 254 1198 montem
269 1171 484 1206 benedictionis,
500 1173 525 1200 id
541 1177 597 1206 est,
614 1173 641 1200 in
656 1173 846 1202 sublimitatem
869 1174 929 1202 iidei

133 1223 165 1243 ac
180 1217 309 1244 virtutum
324 1218 485 1246 ascenderit.
501 1218 550 1246 Hic
562 1223 604 1247 est
616 1219 687 1247 enim
703 1227 780 1247 mons
794 1219 910 1247 Garizim
920 1240 928 1254 ‚

133 1262 178 1296 qui
190 1268 204 1288 u
214 1262 306 1297 Moyse
317 1262 345 1289 in
357 1263 571 1292 benedictionem
583 1265 728 1299 deputatur
738 1265 829 1300 (Dent.
842 1264 928 1300 xxix).

171 1307 199 1334 6.
221 1307 313 1342 itaque
333 1315 393 1335 cum
416 1310 599 1342 ascendisset,
619 1310 722 1337 elevata
741 1317 806 1338 voce
826 1310 928 1337 ciama-

133 1354 170 1380 vit
187 1358 214 1380 et
228 1353 314 1381 dixit:
330 1354 422 1381 Audite
435 1362 491 1388 me,
506 1355 554 1382 viri
568 1355 680 1383 sichem.
696 1357 787 1384 ierunt
801 1357 885 1392 ligna,
901 1362 930 1385 ut

133 1404 264 1434 ungerent
279 1407 359 1435 super
374 1408 403 1428 se
422 1408 530 1436 regem,
553 1401 733 1437 dixeruntque
752 1404 850 1431 olivae:
871 1403 929 1430 Im-

134 1453 196 1481 pera
220 1447 303 1474 uobis.
324 1448 388 1481 Qnae
404 1448 566 1482 respondit:
588 1448 714 1483 Numquid
735 1457 836 1484 possum
856 1450 930 1476 amit-

136 1496 189 1518 tere
208 1491 388 1527 pinyttedinem
407 1500 504 1525 meam,
520 1501 569 1527 qua
585 1494 622 1520 dii
635 1498 745 1535 utuntur
758 1499 782 1521 et
797 1494 927 1527 homines,

135 1543 160 1564 ει
174 1538 272 1571 venire,
287 1542 313 1564 ut
327 1538 393 1564 inter
405 1538 476 1573 liqna
489 1540 656 1573 promovear?
666 1539 846 1575 Dixerunique
859 1541 929 1575 ligna

138 1583 219 1617 500
238 1583 271 1609 ad
292 1583 414 1611 arborem
436 1583 515 1611 iicum
530 1593 535 1610 :
552 1584 634 1617 Veni,
650 1590 674 1611 et
689 1594 763 1620 super
781 1594 826 1612 nos
847 1587 933 1622 accipe
945 1587 969 1619 c
986 1586 1136 1622 gniiicatur,
1153 1589 1196 1622 qui
1212 1589 1284 1615 omni
1300 1589 1443 1623 asperitate
1457 1594 1484 1617 et
1506 1589 1609 1618 feritate
1629 1590 1773 1618 humanum

138 1637 255 1665 reqnum.
274 1630 339 1664 Quae
359 1631 498 1666 respondit
517 1631 576 1660 eis:
594 1632 721 1668 Numquid
736 1641 839 1668 possum
853 1635 931 1663 relin-

135 1682 212 1711 quere
231 1676 394 1704 dulcedinem
415 1685 513 1711 meam,
536 1680 684 1715 [ructusque
706 1680 886 1715 suavissimos,
908 1687 931 1710 et

135 1722 189 1755 ire,
214 1726 240 1749 ut
262 1723 327 1750 inter
349 1727 440 1750 coeiero
465 1723 537 1759 liqna
562 1726 728 1758 promovear?
749 1725 846 1754 Locuia
869 1731 932 1755 sunt

136 1775 241 1803 quoque
256 1768 327 1803 ligna
342 1768 375 1796 ad
390 1769 492 1797 vitem:
513 1768 576 1796 Veni
598 1774 622 1797 et
644 1770 741 1805 impera
762 1771 843 1799 nobis.
866 1772 930 1806 Quae

136 1814 292 1849 respondit:
316 1815 443 1849 Nunquid
464 1823 568 1851 possum
589 1816 703 1844 deserere
722 1818 809 1845 vinum
829 1826 930 1852 meum,

135 1859 203 1894 qnod
217 1860 330 1895 loetilicat
347 1860 430 1888 Deum
445 1866 469 1889 ct
484 1861 615 1897 homines,
631 1867 654 1890 et
670 1863 735 1891 inter
754 1867 846 1892 coeiera
861 1865 930 1900 liqna

135 1906 296 1940 promoveri?

172 1952 199 1979 7.
220 1952 286 1980 Cum
312 1960 377 1989 ergo
399 1954 536 1989 repudiata
563 1953 676 1983 fuissent
702 1956 775 1991 ligna
800 1956 873 1985 silvae
897 1956 930 1984 ab

137 1997 206 2025 oliva
219 2019 227 2032 ,
248 2003 274 2026 et
295 1999 365 2031 iicu.
386 2002 413 2026 et
431 2000 503 2033 vite,
521 2004 654 2027 venerunt
675 2000 708 2028 ad
726 2001 885 2036 rhamnum,
902 2006 931 2030 ut

97 2042 107 2057 ³*
136 2051 196 2071 eum
217 2044 268 2072 sibi
290 2045 410 2073 iacerent
430 2053 529 2080 regem.
551 2045 604 2074 Sed
624 2047 699 2082 prius
712 2047 866 2081 videamus,
882 2055 931 2076 cur

100 2095 102 2098 ’
135 2090 222 2124 oliva,
248 2090 312 2117 iicus
333 2094 360 2117 ct
380 2090 442 2118 vitis
462 2098 544 2125 super
558 2091 630 2126 ligna
644 2099 758 2128 regnare
773 2092 927 2121 noluerunt.

138 2135 221 2169 Ligna
236 2136 336 2170 quippe
349 2135 422 2163 silva:
436 2136 608 2171 intelligimus
625 2137 747 2166 homines
762 2146 821 2167 esse
836 2146 927 2174 vagoS‚

135 2184 163 2207 et
179 2187 276 2213 vanos,
291 2184 392 2208 aeierno
405 2181 530 2209 incendio
542 2187 716 2217 praeparatos.
733 2184 779 2212 ilis
794 2192 858 2220 ergo
873 2193 930 2214 me-

135 2227 188 2253 rito
208 2225 295 2253 noluit
315 2233 364 2253 nec
383 2226 452 2254 oliva
463 2246 471 2260 ‚
486 2234 535 2254 nec
551 2227 617 2255 iicus
632 2234 762 2263 regnare,
779 2237 830 2258 nec
849 2231 927 2265 vitis,

137 2272 197 2307 quia
222 2277 275 2299 non
299 2272 480 2299 merebantur.
504 2272 578 2299 Oliva
601 2273 672 2300 enim
687 2274 798 2308 gratiam
813 2275 928 2310 Spiritus
943 2280 970 2313 Ι)
981 2279 1069 2307 minus
1083 2279 1161 2307 iesus
1173 2277 1311 2312 Christus,
1325 2283 1351 2307 et
1364 2275 1487 2307 Salvator
1498 2279 1599 2311 noster,
1615 2277 1659 2312 qui
1674 2283 1690 2303 a
1700 2275 1771 2305 tacte

171 2339 198 2365 9.
220 2337 378 2371 Reprobamr
397 2337 462 2364 venit
475 2338 509 2364 ad
525 2338 671 2365 rhamnum.
687 2338 816 2373 Alborn.‚
832 2349 922 2376 repro-

138 2374 221 2400 batur.
246 2373 278 2400 Et
300 2373 401 2400 omittit
424 2373 491 2400 venie
514 2372 548 2400 ad
568 2373 718 2408 rhamnum,
741 2378 767 2401 ct
786 2377 924 2410 sequentia

138 2417 223 2444 usque
237 2409 269 2442 ati
282 2416 342 2443 cap.
359 2408 386 2436 9.
401 2408 453 2436 Sed
467 2413 544 2436 vetus
559 2409 672 2436 collator
694 2410 726 2437 nd
748 2410 819 2438 hune
839 2410 926 2438 locum

138 2444 164 2472 id
179 2445 280 2471 notavit
294 2452 301 2470 τ
318 2443 426 2470 nultum
441 2443 499 2479 plns
514 2449 551 2471 est
564 2445 591 2471 in
605 2444 656 2471 alio
670 2443 735 2472 libro
749 2450 847 2472 octavo.
863 2445 928 2474 For-

136 2484 210 2507 tasse
223 2479 267 2507 hic
290 2479 358 2507 iiber
372 2482 430 2512 est,
444 2479 489 2514 qui
503 2486 518 2506 a
533 2479 668 2507 Coliatore
688 2480 830 2516 Originaiis
841 2501 849 2515 ,
871 2481 928 2509 sive

136 2512 764 2578 0253...3331gamm..330135333OEY
776 2554 803 2579 ε.
821 2551 838 2578 2
858 2557 926 2579 no..-

137 2585 210 2613 nulia
219 2585 361 2617 adduntur,
372 2585 408 2612 uti
418 2585 498 2613 etiam
511 2585 536 2612 in
546 2585 670 2613 Editione
682 2585 832 2614 matritensi
842 2585 926 2615 Uiiooe

139 2622 210 2648 inter
223 2620 385 2655 appendices
395 2642 403 2654 ‚
418 2626 479 2662 pag.
496 2619 541 2653 5⁴,
557 2627 591 2648 ex
604 2620 701 2650 codiee
714 2643 721 2654 ,
738 2626 767 2649 ut
785 2621 924 2656 asseritur,

138 2656 288 2683 duodecimi
309 2656 352 2683 vel
367 2656 464 2683 decimi
481 2655 551 2684 tertii
577 2657 692 2691 saecuii,
709 2657 752 2691 qui
767 2657 830 2685 oiim
844 2657 927 2692 perti-

139 2691 196 2718 nuit
213 2690 247 2718 ad
266 2690 407 2718 ecclesiam
436 2690 522 2720 saneti
544 2691 670 2720 Antonini
693 2692 838 2720 patientiae.
861 2690 926 2720 Fra-

138 2727 276 2759 gmentum
287 2725 489 2761 esthujusmodi
503 2736 510 2755 :
523 2726 630 2755 vitietur
642 2735 702 2764 erqo
714 2727 817 2756 Gedeon
831 2726 927 2756 Christi
940 2744 943 2748 -

139 2761 274 2796 §moymaro
288 2760 418 2790 habuisse.
436 2762 606 2799 Septuaqtnta
623 2768 682 2791 vero
700 2762 749 2799 fitia·
766 2762 926 2799 septuaginta

140 2794 234 2830 lirtyooe
246 2799 307 2823 mitt
315 2815 324 2830 ,
339 2798 377 2825 vet
391 2797 521 2830 utionet,
612 2798 758 2833 credentes,
835 2802 924 2826 seeun-

140 2829 201 2856 dom
212 2832 425 2868 regenerationem
447 2833 486 2860 alii
505 2833 628 2862 Berua
645 2835 733 2862 oms
795 2852 802 2861 .
822 2830 925 2870 mm·

139 2863 196 2893 lecit
209 2870 267 2893 vm
276 2865 351 2898 Mu
361 2866 431 2897 midi
472 2868 566 2904 ‘typum
579 2865 731 2899 anmi
743 2869 859 2906 pm·
873 2864 926 2906 (vi-

655 150 687 181 s.
706 147 832 181 tsinom
843 133 1075 184 'nterim-ms
1095 135 1249 186 amnon
1672 196 1674 199 y

136 205 212 235 ribus
234 203 414 240 nequissimus
438 198 527 239 fliius,
551 203 581 233 id
601 209 659 240 eet,
679 206 863 237 Antichristus
883 205 965 242 estA
978 213 1080 247 saneti,
1101 213 1128 242 et
1148 214 1302 242 unctionem
1324 214 1397 250 pacis
1418 211 1562 251 signifieat.
1576 209 1664 245 'ricus
1683 215 1776 248 anteiit

973 2658 1032 2694 jam
1045 2659 1161 2693 ruperint
1175 2656 1271 2685 ditium
1285 2662 1336 2691 m,
1358 2659 1384 2686 itt
1404 2656 1603 2687 venter-montio
1623 2658 1717 2694 poenit.
1735 2654 1776 2699 itt,

1717 142 1779 189 aa·

979 265 1065 286 sacrae
1078 258 1144 295 legis
1157 261 1302 295 imaginem
1316 261 1391 289 'tenet
1401 282 1408 295 ‚
1424 261 1496 289 sicut
1508 261 1535 290 in
1550 257 1695 299 Evangelio
1709 260 1776 292 sort-

980 307 1054 339 ptum
1070 307 1110 333 esi
1123 314 1131 334 ι
1147 302 1259 339 Quidam
1273 305 1460 343 paterfamilias
1475 307 1600 344 plantavit
1621 308 1739 345 vineam,
1751 278 1800 361 ἆέ

979 350 1007 376 in
1022 347 1094 378 vinea
1108 360 1156 379 aua
1170 352 1294 387 plantavit
1309 354 1396 390 ficum.
1777 351 1801 406 ξι

1017 394 1043 422 8.
1064 394 1127 429 Quis
1141 397 1350 433 paterfamilias,
1365 396 1416 427 nisi
1431 400 1511 434 Deus,
1529 400 1573 436 qui
1589 399 1696 430 {amiliae
1707 409 1775 439 sun,

981 441 1008 468 id
1037 447 1096 476 est,
1124 444 1242 471 omnium
1271 445 1437 474 credentium
1465 451 1540 482 pater
1563 447 1627 476 est?
1647 444 1778 478 plantavit
1791 459 1819 511 k

981 493 1047 522 ergo
1074 489 1196 523 vineam,
1224 487 1251 518 id
1278 495 1334 526 est,
1356 491 1498 528 populum,
1527 494 1589 529 qnia
1611 494 1717 523 vineam
1744 501 1777 524 ex
1807 517 1819 526 .

982 529 1100 568 AEgypto
1115 533 1262 563 transtulit.
1279 534 1314 564 nt
1329 538 1421 573 utique
1441 539 1568 574 populum
1579 560 1587 573 ‚
1603 543 1657 567 non
1671 532 1819 568 vineat-ti·

982 586 1014 606 ex
1039 577 1156 614 AEgypto
1176 581 1360 609 transtulerat.
1382 581 1410 609 in
1432 581 1483 610 hac
1501 583 1578 612 vinea
1600 585 1733 618 plantavit
1746 575 1800 612 iia,

983 630 1044 652 cum
1059 646 1065 658 ‚
1084 625 1134 653 hoc
1149 631 1206 659 est,
1223 627 1249 654 in
1263 628 1361 662 populo
1376 632 1425 656 suo
1441 628 1529 663 posuit
1543 629 1640 665 legem.
1655 629 1720 663 Quat
1734 625 1801 659 tex*

985 668 1151 704 primitivum
1166 672 1315 706 populum,
1340 672 1409 701 sicut
1429 673 1495 701 licus
1515 678 1624 710 grossos
1644 673 1733 703 aridos
1751 669 1799 703 οἱ)

984 715 1094 743 inutiles
1117 716 1215 751 dejecit
1237 717 1263 744 in
1286 721 1404 751 terram,
1429 723 1457 747 et
1477 723 1570 754 postea
1590 720 1657 748 alios
1675 706 1817 756 fructuri,

984 761 1141 796 generavit,
1164 762 1190 790 id
1210 769 1266 797 est,
1288 764 1417 799 populum
1430 764 1613 793 Christianum
1626 786 1634 799 ‚
1648 772 1729 801 quem
1742 759 1819 796 tid-*l*

985 807 1103 835 debitam
1129 809 1291 844 evangelica:
1308 810 1457 845 disciplinae
1471 811 1653 839 maturitatem
1674 815 1701 840 et
1713 802 1811 840 sut-W

986 853 1122 882 vissimum
1138 855 1328 891 pinguedinem
1343 855 1443 884 Christi
1457 865 1519 885 cum
1533 857 1618 893 glorio
1633 862 1660 886 et
1675 858 1777 887 honore

1020 947 1047 973 9.
1067 947 1121 974 Sed
1137 947 1200 975 vitis
1216 947 1301 975 noluit
1315 942 1429 983 r'egnare
1442 949 1492 978 eis.
1509 949 1597 977 Vitem
1613 955 1701 979 autem
1717 951 1777 979 Sal·
1791 959 1794 977 1

983 993 1082 1020 vatoris
1097 993 1182 1021 nostri
1197 999 1289 1029 typum
1317 994 1417 1022 habere
1436 996 1607 1024 manifestum
1629 1002 1686 1031 est,
1708 998 1777 1026 sicut

982 1037 1039 1072 ipse
1054 1039 1080 1065 in
1098 1038 1243 1074 Evangelio
1258 1040 1294 1067 ait
1307 1048 1314 1067 ε
1331 1040 1387 1076 Eyo
1401 1048 1457 1068 sum
1470 1042 1529 1068 vitia
1542 1050 1601 1069 vera
1616 1042 1706 1077 (loun.
1717 1043 1775 1079 xv).
1816 1070 1820 1071 .

982 1082 1064 1118 igitur
1079 1084 1125 1118 qui
1140 1085 1193 1119 jam
1211 1085 1238 1112 in
1253 1085 1400 1120 reprobum
1415 1094 1539 1121 sensum,
1553 1088 1622 1115 sicut
1634 1089 1777 1123 Apostolus

983 1129 1051 1157 dixit
1066 1130 1075 1163 (
1089 1129 1161 1157 Rom.
1177 1131 1221 1166 i),
1238 1131 1342 1160 iuturus
1357 1138 1416 1160 erat
1431 1133 1546 1168 populus
1562 1132 1625 1169 ilie,
1641 1135 1685 1170 qui
1703 1136 1777 1163 Anti·
1791 1147 1796 1151 ⁴

985 1175 1088 1203 christo
1105 1181 1146 1204 est
1160 1178 1320 1211 serviturus,
1337 1186 1416 1213 quem
1433 1179 1502 1214 ligna
1519 1179 1592 1207 siivae
1606 1181 1734 1215 appellnt.
1749 1186 1795 1212 et:

987 1228 1100 1249 necesse
1115 1228 1155 1249 est
1171 1228 1198 1249 ut
1213 1223 1306 1251 credat
1318 1224 1470 1259 mendacio,
1486 1225 1512 1252 id
1527 1229 1580 1258 est,
1595 1226 1791 1261 Antichristo..

982 1267 1025 1302 qui
1042 1268 1146 1296 veritati
1163 1268 1271 1296 Christo
1290 1270 1373 1297 noluit
1391 1271 1518 1304 credere,
1538 1264 1598 1299 ideo
1612 1275 1640 1299 et
1658 1279 1673 1299 a
1693 1279 1776 1307 regno

981 1313 1061 1345 vitis,
1078 1314 1104 1340 id
1119 1320 1157 1341 est
1171 1333 1178 1346 ‚
1194 1314 1310 1347 Christi,
1331 1319 1358 1342 et
1377 1316 1409 1342 ab
1431 1315 1516 1349 oliva,
1539 1315 1564 1344 id
1584 1321 1640 1350 est,
1660 1316 1775 1351 Spiritus

982 1358 1067 1386 sancti
1085 1359 1189 1394 gratia,
1207 1364 1233 1386 et
1247 1367 1262 1386 a
1277 1360 1347 1393 iieu,
1363 1360 1388 1387 id
1404 1365 1461 1393 est,
1483 1361 1579 1389 divinae
1599 1361 1664 1396 tegis
1685 1358 1775 1390 dulce-

981 1405 1043 1432 dine
1059 1405 1232 1439 reprobatus,
1250 1406 1322 1433 venit
1335 1406 1368 1433 ad
1383 1406 1535 1434 rhamnum.

1017 1450 1095 1486 501
1119 1452 1163 1480 io.
1184 1450 1322 1479 Rhamnns
1339 1453 1411 1480 enim
1432 1460 1517 1487 genus
1539 1453 1597 1480 rubi
1618 1459 1673 1486 est,
1694 1461 1774 1488 quam

981 1496 1062 1530 vulgo
1078 1497 1207 1523 senticem
1231 1498 1348 1524 ursinam
1377 1498 1527 1532 appellant,
1551 1506 1674 1532 asperum
1696 1498 1776 1527 nimis

982 1546 1009 1568 et
1023 1541 1182 1575 spinosum,
1198 1550 1244 1576 per
1259 1542 1330 1577 quod
1344 1544 1442 1571 merito
1463 1548 1540 1578 typus
1560 1543 1718 1571 Antichristi
1738 1544 1775 1572 si-

984 1642 1066 1670 genus
1091 1640 1131 1662 est
1155 1640 1314 1663 vastaturus.
1341 1636 1394 1664 Sed
1417 1638 1503 1670 exiet,
1526 1637 1629 1671 inquii,
1652 1636 1718 1672 ignis
1740 1632 1774 1664 de

983 1680 1096 1708 rhamno
1106 1702 1114 1715 ‚
1131 1680 1158 1708 id
1172 1685 1228 1715 est,
1245 1681 1371 1717 iniquitas
1384 1680 1418 1710 de
1432 1681 1599 1710 Antichristo
1613 1703 1621 1717 ,
1637 1687 1664 1710 et
1677 1688 1773 1712 omnes

982 1726 1028 1762 qui
1043 1726 1070 1755 in
1086 1734 1118 1755 eo
1133 1727 1267 1755 confident
1281 1735 1341 1755 com
1357 1729 1415 1762 ipso
1431 1730 1530 1763 pariter
1543 1728 1693 1758 devorabit.

1286 1773 1398 1801 CAPUT
1419 1772 1475 1801 Vll.

1240 1817 1279 1844 De
1299 1817 1391 1853 sophie
1409 1823 1433 1845 et
1453 1818 1516 1853 filio.

1018 1863 1043 1891 i.
1065 1862 1227 1899 Adjecerunt
1243 1863 1340 1892 deinde
1354 1864 1401 1892 iiiii
1417 1865 1497 1893 lsrael
1511 1864 1647 1893 deservire
1671 1864 1772 1893 Baalim

982 1914 1008 1938 et
1022 1909 1074 1937 diis
1092 1909 1202 1943 alienis,
1220 1909 1415 1945 tradunturque
1430 1911 1455 1938 in
1470 1917 1565 1939 manus
1580 1910 1693 1939 illiorum
1709 1911 1773 1938 Am·
1819 1931 1823 1934 >

982 1962 1055 1983 mon.
1065 1955 1140 1983 Tunc
1153 1956 1249 1991 Jephte
1260 1956 1422 1991 Galaadites,
1438 1956 1541 1992 lugiens
1552 1963 1566 1984 a
1578 1957 1645 1985 facie
1661 1957 1772 1984 fratrum
1788 1955 1790 1963 '

981 2008 1105 2035 suorum,
1122 2002 1293 2030 constituitur
1318 2001 1344 2029 in
1366 2001 1510 2037 principem
1526 2001 1560 2030 ob
1576 2007 1689 2038 pugnam
1704 1998 1772 2030 niio-
1788 1997 1790 2010 ²

982 2055 1042 2075 rum
1054 2049 1183 2081 Ammon;
1200 2047 1243 2083 qui
1258 2048 1364 2075 rediens
1378 2053 1438 2082 post
1453 2047 1634 2083 triumphum,
1651 2048 1772 2076 immola-
1814 2054 1821 2068 -’

982 2095 1020 2122 vit
1034 2093 1131 2127 liliam,
1148 2101 1206 2129 quae
1221 2093 1272 2122 sihi
1286 2099 1345 2128 post
1360 2094 1497 2122 victoriam
1510 2095 1592 2129 prima
1603 2097 1770 2127 occurrerat;
1787 2091 1790 2100 '
1811 2090 1816 2091 ⁷

982 2141 1021 2168 sic
1042 2141 1113 2168 enim
1134 2144 1224 2168 votum
1247 2139 1443 2175 spoponderat,
1464 2144 1494 2168 ut
1512 2139 1639 2176 quidquid
1658 2139 1709 2168 sibi
1730 2136 1790 2168 rit—⁷
1816 2146 1822 2147 ’

983 2189 1099 2216 vertenti
1115 2189 1228 2223 primum
1246 2191 1413 2222 occurreret,
1429 2185 1543 2215 Domino
1557 2187 1718 2216 immolaret.
1746 2190 1751 2198 ·

1016 2235 1046 2262 2.
1066 2234 1132 2268 Quis
1148 2241 1212 2269 ergo
1227 2234 1254 2261 in
1274 2231 1370 2269 Jephte
1391 2230 1625 2269 praenuntiabitur,
1646 2230 1698 2260 nisi
1718 2228 1790 2260 Do·-

975 2343 1077 2384 detur)‚
1086 2344 1142 2379 qui,
1151 2342 1590 2404 ⁶⁰”⁹·⁷1⁶⁹“‘i⁸'perdifgfflssifflmss'
1603 2342 1770 2404 qu'fflziostltez
1791 2363 1795 2371 .
1807 2358 1823 2395 4..-

975 2385 1043 2446 '1522'
1044 2380 1474 2440 ἷῗεᾶἧῗῖἶἷξῖῗαέἥῗᾶῗῗῖἕῖιααυη.
1486 2384 1602 2453 ,ιοιζιιιαῖἷ
1614 2417 1673 2439 vm
1679 2412 1770 2447 junior
1807 2411 1823 2443 2

976 2446 1047 2482 filius
1061 2448 1146 2483 Jiquro
1160 2453 1307 2474 sanctornm
1322 2447 1381 2481 [uit.
1405 2447 1478 2475 Sicut
1499 2454 1566 2475 emm
1587 2445 1700 2475 Iootmm
1721 2451 1768 2482 pet·
1785 2455 1787 2457 '
1807 2444 1823 2490 Β

978 2484 1067 2518 [aqam
1087 2483 1206 2516 recessit,
1227 2487 1250 2509 et
1269 2482 1361 2515 reliqui
1383 2481 1509 2517 interfecti
1526 2486 1586 2509 aunt
1599 2482 1708 2524 fratres,
1730 2481 1768 2509 sie
1782 2486 1793 2506 r

980 2525 1054 2545 »tanto
1079 2518 1184 2544 evadere
1207 2517 1300 2552 poterit
1315 2518 1516 2559 persecutionem
1531 2511 1769 2581 Aniissmtitchvngg

978 2551 1332 2616 ggc‘eifftel'er'ittlpffllergsctezffm
1343 2553 1599 2624 ittztriiuqtzre'sstmnfflcii
1619 2586 1768 2615 circumda·

979 2623 1041 2650 hunt
1053 2630 1062 2656 ,·
1074 2630 1147 2658 quem
1161 2628 1263 2650 sancitu
1282 2622 1384 2658 Moyses
1403 2623 1431 2650 in
1449 2621 1681 2656 cacuminum».
1699 2621 1768 2650 dieti!

979 2693 1046 2722 Mss.
1060 2692 1178 2722 mot-ent.
1194 2698 1236 2721 est
1254 2700 1300 2729 per
1319 2695 1458 2721 recondam
1477 2692 1675 2731 qenerotiorim.

979 2726 1050 2763 plevi
1065 2728 1166 2756 videtur
1179 2733 1242 2764 post
1259 2733 1384 2764 portasse.
1405 2728 1495 2758 Codex
1514 2725 1639 2762 Palm,

978 2771 1054 2790 ntum
1067 2764 1216 2799 improbe...
1224 2784 1231 2791 .
1242 2767 1265 2791 et
1279 2764 1464 2798 persentient,
1475 2764 1504 2801 et
1512 2767 1577 2792 moi
1585 2761 1695 2805 lomna·

975 2798 1177 2862 ,tii‘i'ultiizi
1184 2804 1317 2864 ἓὶἷὴῖιῗῗ
1327 2797 1574 2864 ¹¹⁸n⁸¹¹¹3m⁸ff⁶⁸ssffi
1580 2799 1625 2863 ¹1⁸?
1629 2805 1635 2827 ¹
1643 2800 1658 2826 '¹
1668 2798 1737 2864 ''ox-

996 2867 1076 2898 'CAR
1096 2874 1146 2898 '¹1'
1158 2868 1192 2899 ῃ·
1209 2868 1235 2898 ¹0
1246 2865 1312 2899 md
1385 2882 1407 2904 δ’,
1417 2874 1431 2898 1
1443 2854 1654 2907 dmflfffi·n
1752 2881 1764 2896 ί
