1832 3016
166 135 218 162 555

165 239 245 273 [iyno.
267 237 305 264 De
323 244 372 269 qua
393 243 471 263 cruce
492 238 598 266 Domini
618 240 681 267 iesu
701 241 800 268 Christi
819 249 867 276 per
886 243 954 271 Eze-

162 285 274 312 chielem
301 284 336 310 ita
355 284 482 311 Dominus
503 286 639 321 loquitur:
664 299 673 314 ε
692 289 803 317 Gladius
822 297 952 320 exacutus

161 335 218 359 cst,
244 334 271 355 et
295 329 416 362 liniatus,
439 336 467 358 ut
488 333 574 359 caedat
593 333 724 362 victimas.
748 336 880 364 Exacutus
901 346 950 372 es,

159 376 202 409 qui
219 369 310 403 moves
325 381 458 411 sceptrum
476 378 535 405 Filii
553 381 620 414 mei,
637 383 773 410 succidisti
791 385 907 419 liguum,
923 391 950 414 et

158 421 219 448 dedi
234 429 293 448 enm
310 423 342 449 ad
359 424 543 458 levigandum,
563 430 592 453 ut
609 432 730 455 teneatur
746 438 823 457 niano
843 431 948 465 (Ezeclt.

159 475 221 500 xxi,
239 467 286 502 9).
307 478 315 493 i
339 469 395 502 Quo
418 471 570 498 testimonio
590 477 615 499 et
636 474 720 501 Filius
742 476 785 502 Dei
807 484 870 504 cruc
882 477 950 505 tixus

157 514 316 545 ostenditur,
333 519 360 541 et
378 516 466 543 crucis
485 518 544 548 eius
564 519 668 553 signum
694 522 891 556 suscipiendum
916 524 949 552 ab

158 560 282 586 oninibns
299 568 362 588 voce
377 561 465 587 divina
482 565 683 596 praenuntiatur.

193 605 218 631 ῖὶ.
240 605 321 640 Cujus
342 609 429 634 crocis
446 610 554 642 liguram
570 611 603 637 de
619 612 723 640 dnobus
739 613 816 648 lignis
839 622 948 650 compo-

157 651 234 678 sitam
267 652 335 678 idem
367 654 489 681 Ezechiel
513 657 546 682 ita
569 656 714 690 figuraliter
741 665 886 694 pramotat‚
908 662 949 688 di-

156 704 219 722 cens
234 706 239 722 ;
256 707 263 721 ‹
280 697 376 724 Factus
392 704 433 725 est
448 708 537 728 sermo
550 701 655 729 Domini
671 704 703 730 ad
718 712 770 737 me,
783 706 876 734 dicens
891 716 896 733 :
916 708 948 734 Et

154 746 196 774 tu,
214 742 249 768 iili
266 743 400 776 lmminis,
418 752 493 772 sume
510 747 555 774 tibi
574 748 671 782 lignum
696 757 775 776 unum
788 770 794 781 ,
811 756 838 777 et
858 752 945 779 >oribe

157 791 197 823 ,Ἐξ
213 791 233 823 1
251 798 332 822 super
348 791 408 818 iilud
426 792 517 826 iudae,
534 798 560 820 et
580 794 693 822 illiorum
715 796 795 823 lsrael
811 798 942 826 sociorum

152 836 223 869 ejus,
241 842 265 863 et
283 838 346 863 tolle
363 838 462 872 lignum
478 840 609 874 alterum,
628 847 654 868 et
668 843 754 870 scribe
775 852 854 878 snper
878 846 941 872 illnd

149 881 248 916 Joscph
271 883 371 918 lignum
394 885 537 919 Ephraim,
560 892 585 914 et
607 894 708 916 cuncta}
728 891 822 918 domus
844 892 942 925 israel,
960 877 981 906 B

151 929 341 963 sociorumque
358 931 432 966 ejus,
452 938 480 960 et
493 934 607 968 adjunge
624 936 668 962 illa
685 945 765 964 unum
782 940 813 964 ad
830 941 941 967 alterum

150 974 195 1001 tibi
213 976 239 1002 in
256 978 354 1010 lignum
372 986 468 1013 nmun,
486 986 512 1007 et
527 986 606 1008 erunt
621 982 646 1008 in
669 984 792 1011 unionem
816 986 840 1012 in
863 993 941 1013 manu

146 1021 513 1060 10.1(E2acli.xxxvn,tsx).
531 1037 540 1052 ι

181 1070 206 1094 o‘.
233 1069 279 1095 Ubi
302 1071 452 1098 ostenditur
472 1071 567 1099 Judam
588 1079 615 1100 et
637 1075 786 1102 seru-atem
810 1077 835 1103 in
859 1086 939 1104 tinum

144 1116 264 1141 converti
281 1116 394 1149 debere,
417 1123 443 1144 et
463 1119 550 1145 crucis
566 1120 670 1154 signum
693 1121 848 1155 suscipere,
871 1123 940 1156 quod

145 1167 192 1194 per
208 1161 260 1187 (luo
279 1162 347 1193 ligna
364 1162 542 1190 si.¹nifi‹·atnrn
559 1170 610 1191 est.
628 1165 690 1192 iiaec
712 1172 774 1193 sunt
796 1168 848 1194 duo
869 1169 939 1203 ligna

143 1214 203 1239 ‹111ae
221 1207 262 1232 illa
279 1207 358 1234 vidua
373 1209 540 1242 alienigena,
555 1209 589 1237 ad
602 1218 681 1245 qnam
699 1213 813 1239 mittitur
828 1221 941 1248 pascen-

143 1251 192 1277 dus
220 1252 303 1284 Elias,
321 1253 430 1280 volebat
455 1255 589 1288 colligere,
610 1257 760 1292 prinsquam
778 1264 938 1287 moreretur.

145 1297 193 1323 Ubi
208 1305 261 1324 non
278 1299 363 1325 solnm
382 1300 444 1333 ligni
462 1302 584 1334 nomine,
608 1303 653 1330 sed
676 1305 756 1331 etiam
778 1311 803 1332 et
824 1314 938 1335 numero

140 1345 275 1379 lignorum
292 1346 397 1380 signum
414 1350 502 1375 crucis
517 1358 672 1383 expressum
690 1357 740 1378 est.

420 1393 531 1421 CAPUT
552 1395 656 1424 xxvii.

142 1437 276 1469 Quomodo
291 1444 477 1466 sacramentarii
491 1439 662 1467 Euchariston
676 1443 872 1476 proefiquramm
886 1449 931 1470 ese.

176 1484 200 1509 ¹.
225 1483 257 1510 Et
273 1485 333 1518 quia
350 1485 425 1518 panis
440 1491 467 1512 et
482 1486 573 1513 culleis
595 1494 790 1515 sacramentum
804 1489 857 1516 Deo
878 1490 933 1523 pla-

139 1530 220 1556 citum
237 1536 308 1556 esset
325 1531 350 1557 in
368 1531 542 1563 holocausta,
559 1532 757 1567 Scriptuiarum
774 1536 934 1563 testimoniis
948 1544 971 1575 C

138 1582 190 1601 non
206 1580 318 1602 tacetur.
334 1576 416 1610 liujus
429 1577 500 1603 enim
513 1578 635 1604 sacrificii
651 1581 831 1613 praetiguratio
847 1581 871 1606 in
888 1588 932 1607 sa-

138 1622 258 1648 cerdotio
272 1622 467 1650 Melchisedech
484 1630 561 1651 antea
578 1624 627 1651 suit
641 1634 777 1658 expressa.
795 1627 846 1654 tste
861 1629 931 1656 enim

137 1667 263 1694 sacerdos
280 1667 324 1694 Dei
341 1669 439 1695 excelsi
450 1690 457 1702 ,
474 1678 536 1696 cum
553 1670 724 1699 benediceret
745 1673 876 1706 Abrahae,
898 1674 932 1701 ob

138 1715 295 1748 mysterium
313 1714 393 1741 futuri
411 1715 556 1743 holocausti
578 1724 672 1750 panem
687 1723 713 1744 et
729 1718 817 1746 vinum
841 1720 865 1746 in
888 1727 931 1747 sa-

136 1759 238 1786 crificio
263 1760 375 1787 Domino
398 1761 502 1788 obtulit.
529 1762 584 1789 hoc
605 1764 676 1790 enim
702 1764 746 1791 iile
769 1766 881 1799 primum
903 1767 929 1793 in

137 1810 199 1839 typo
215 1806 275 1832 Filii
292 1807 336 1833 Dci
351 1808 502 1841 expressit:
519 1809 551 1835 ad
569 1818 646 1843 quem
665 1811 803 1838 Psalmista
821 1820 853 1838 ex
870 1821 930 1847 per-

133 1858 200 1877 sona
216 1851 302 1878 Puris
317 1853 355 1879 sic
368 1853 432 1879 dicit
446 1862 451 1879 2
476 1855 539 1881 Ante
556 1855 689 1890 luciferum
703 1858 780 1892 qenai
793 1863 826 1885 te.
853 1858 891 1885 Tu
904 1867 929 1886 es

133 1897 254 1923 sacerdos
274 1898 300 1924 in
321 1903 441 1925 oeleruum
457 1901 595 1927 secundum
610 1903 725 1929 ordinem
742 1902 928 1931 Melchisedech

133 1942 219 1977 (Prot.
233 1951 278 1970 ctx
290 1965 297 1977 ,
312 1944 349 1979 5).
367 1945 422 1972 {loc
437 1951 477 1973 est
489 1946 564 1981 juxta
581 1948 661 1975 ritum
679 1949 829 1983 hujusmodi
846 1952 928 1979 saeri-

132 1988 203 2021 licii,
228 1989 298 2023 quod
322 1994 350 2016 et
372 1991 398 2017 in
423 1991 546 2025 passione
568 2000 614 2020 sua
639 1994 782 2028 perficiens
804 1996 927 2025 Christus

131 2034 262 2067 implevit,
277 2035 399 2070 quodque
413 2037 492 2065 etiam
507 2039 637 2072 apostolis
650 2040 677 2067 in
691 2044 926 2078 commemoratio-

131 2086 192 2106 nem
208 2087 282 2107 snam
299 2081 355 2108 lieri
367 2082 455 2116 jussit.

166 2125 193 2150 2.
215 2126 270 2151 Non
286 2134 350 2160 ergo
364 2128 418 2161 jam
435 2130 556 2157 victimas
571 2130 696 2158 Judaicas
706 2152 712 2164 ‚
729 2134 820 2168 quales
834 2142 924 2163 sacer-

129 2170 178 2197 dos
193 2170 281 2197 Aaron
303 2172 416 2205 obtulit,
439 2175 580 2202 credentes
602 2176 736 2210 oil'eruot;
758 2179 805 2206 sed
829 2182 921 2215 quales

128 2215 199 2242 idem
223 2216 421 2244 Melchisedech
446 2227 493 2245 rex
518 2219 608 2247 Salem
629 2222 794 2257 immolavit,
814 2225 840 2252 id
861 2232 918 2262 est,
935 2242 962 2270 D

128 2268 224 2294 panem
251 2266 277 2288 ct.
301 2263 408 2294 vinum,
434 2264 503 2298 quod
527 2270 569 2292 cst
592 2268 712 2301 corporis
734 2275 760 2296 et
781 2273 920 2306 sanguinis

129 2307 235 2333 Domini
251 2308 419 2338 verissimum
434 2315 642 2338 sacramentnm.
660 2312 697 2340 De
710 2322 763 2347 quo
779 2316 849 2343 idem
868 2318 919 2345 Do-

128 2353 217 2379 minus
231 2353 296 2381 dicit
310 2363 316 2380 :
335 2354 384 2388 Qui
398 2355 588 2384 manducaverit
610 2365 712 2385 carnem
731 2368 828 2394 viteam,
845 2367 868 2388 et
883 2363 919 2389 ln·-

126 2397 188 2424 berit
203 2400 353 2435 sanquinem
368 2409 451 2428 meum
461 2421 469 2434 ,
489 2404 567 2438 112
581 2404 608 2429 in
622 2411 661 2430 me
676 2411 775 2438 vianet,
792 2411 817 2433 et
831 2415 877 2443 eqo
892 2409 918 2435 iit

127 2451 155 2470 eo
171 2443 260 2479 (Joan.
277 2452 318 2478 tv,
333 2445 390 2480 56).
407 2447 487 2481 Cujus
502 2448 610 2481 quidem
627 2450 750 2478 sacrificii
765 2459 919 2481 sacramen·

127 2493 182 2515 tum
197 2494 223 2516 et
239 2491 264 2517 in
278 2491 420 2519 Salomone
436 2500 484 2526 per
500 2493 710 2522 immolationem
726 2496 803 2530 panis
819 2505 852 2525 ac
865 2499 919 2527 vini

126 2534 163 2561 ita
180 2541 346 2564 monstratur
360 2546 367 2564 ε
385 2547 395 2564 ι
411 2538 548 2573 Sapientia
565 2539 707 2568 aedificavit
726 2542 779 2570 sibi
793 2543 916 2580 domum,

159 2616 185 2643 6.
208 2618 267 2650 At..
283 2627 334 2645 non
348 2619 405 2646 solo
419 2619 483 2654 liqui
496 2621 608 2649 nuntiae.
630 2622 700 2649 Mitt.

155 2652 224 2679 ‘Cam
243 2661 328 2681 xxvii.
349 2653 382 2680 N.
402 2655 429 2682 Ι.
449 2655 508 2688 At..
530 2655 584 2683 Deo
603 2662 666 2684 esset
682 2657 875 2692 holocaustum,
892 2665 914 2687 et

124 2687 311 2715 notocausium.
329 2689 361 2716 Et
373 2689 515 2723 sacerdote,
531 2698 581 2724 pro
595 2693 747 2720 sacerdotio.
765 2693 835 2722 Man.

159 2720 229 2749 loia.
250 2722 283 2750 Iu
296 2723 456 2752 holocausto.
473 2725 561 2753 simili
576 2727 656 2754 modo
670 2728 794 2761 loquundi
808 2729 835 2756 in
850 2729 914 2758 Bre-

124 2757 208 2783 viario
224 2758 387 2793 isidoriano,
403 2767 451 2787 sen
468 2761 637 2789 mozarabico
651 2762 678 2789 in
696 2763 764 2790 sesto
778 2765 913 2796 apostolo—

122 2797 182 2817 rnm
197 2792 312 2821 Simonis
326 2801 353 2822 et
366 2795 460 2828 luda,
475 2796 502 2823 in
521 2797 643 2824 oratione
663 2797 725 2825 Pul
745 2798 829 2833 pridie
844 2798 910 2828 diot-

122 2830 186 2854 tur:
212 2826 290 2855 Panis
311 2837 341 2856 ac
362 2831 415 2858 vini
436 2831 468 2858 ab
488 2832 619 2873 uniqem'to
638 2837 682 2859 tuo
696 2831 909 2863 Dominam

122 2860 273 2890 taumatia
297 2863 414 2893 ousiam
434 2873 612 2902 propomam.
630 2867 716 2902 Quen
737 2867 826 2898 locu-
846 2875 908 2899 οι-

702 139 728 166 S.
753 138 875 168 tstooltt
897 122 1120 174 tttsmtttttsts
1142 146 1295 177 Episcopi

166 193 290 225 praeilicta
305 202 311 218 :
334 191 415 218 Dicite
431 192 457 217 in
473 193 636 226 nationibus,
659 195 785 222 Dominus
807 199 920 230 regnauit
939 206 955 225 a
968 200 996 230 Α
1008 201 1109 230 excidit
1123 203 1264 232 columnas
1277 213 1307 234 se

1745 159 1803 190 tm

1309 210 1380 242 ptem
1392 230 1400 242 ,
1416 209 1566 240 immolavit
1580 213 1704 243 victimas
1717 223 1802 252 suas,v

1007 247 1114 275 miscuit
1127 250 1218 277 vinnm
1234 259 1328 287 suum,
1345 256 1486 290 proposuit
1501 265 1623 286 mensam
1637 267 1713 288 snam
1723 281 1733 295 .
1749 262 1799 291 mi-

1006 294 1043 320 sit
1056 302 1148 323 servos
1164 304 1245 333 suos,
1263 299 1378 328 dicens:
1394 302 1422 330 Si
1440 304 1500 337 quis
1512 307 1562 332 ‘est
1583 307 1727 341 parvulus,
1749 317 1798 338 ve-

1006 339 1061 367 niat
1081 342 1112 369 ad
1134 352 1193 376 nie2
1217 351 1244 372 et
1265 347 1452 382 insipientibus
1474 350 1610 386 loquitur:
1627 353 1735 388 Venite,
1751 363 1799 384 co-

1007 387 1105 415 medite
1125 398 1218 424 panem
1242 401 1330 421 menni
1345 417 1351 428 ,
1367 402 1395 423 et
1410 396 1492 425 bibite
1507 399 1597 426 vinnm
1613 400 1684 433 quod
1701 402 1796 431 miscui

1004 433 1078 460 vobis
1088 443 1095 467 ;
1107 435 1284 472 derelinquite
1299 440 1489 478 insipientiam,
1503 448 1530 471 et
1541 446 1649 480 vivetis,
1661 452 1689 474 et
1701 449 1795 476 ambu-

1002 480 1055 507 late
1070 489 1118 515 per
1130 484 1188 511 vias
1204 486 1351 518 prudentiae
1368 488 1505 523 (Proverb.
1519 499 1546 519 tx
1557 513 1564 525 ‚
1583 492 1623 527 Ι).
1639 502 1648 519 ι

1037 527 1064 553 5.
1088 528 1133 554 Dei
1149 537 1213 564 ergo
1230 532 1362 566 sapientia
1379 534 1503 563 Christus
1523 539 1662 566 constituit
1677 541 1727 568 sibi
1748 541 1798 569 do-

1001 581 1072 599 mum
1089 582 1289 604 sacrosanctam
1307 578 1471 614 Ecclesiam,
1488 582 1514 608 in
1530 590 1581 617 qua
1602 587 1729 613 mactavit
1750 587 1795 615 sui

999 620 1120 653 corporis
1137 620 1237 648 hostias
1249 643 1256 654 ,
1274 623 1299 650 in
1315 632 1365 658 qua
1386 625 1493 653 miscuit
1514 629 1603 655 vinum
1624 630 1665 657 sui
1688 633 1797 667 sangui-

1003 666 1044 692 nis
1060 667 1085 693 in
1102 668 1188 694 calice
1203 662 1364 698 sacramenti
1379 671 1477 705 divini,
1492 678 1517 700 et
1541 678 1700 710 praeparavit
1720 686 1796 707 men-

1002 720 1058 739 sam
1071 735 1078 745 ‚
1096 713 1146 740 hoe
1162 720 1217 746 est,
1235 716 1319 743 altare
1340 717 1444 745 Domini
1458 738 1466 751 ,
1489 720 1598 748 mittens
1617 729 1713 751 servos
1731 732 1797 754 suot

1000 761 1136 792 apostolos
1154 765 1235 789 atviue
1251 762 1376 790 doctores
1391 764 1424 790 ad
1441 763 1501 797 insit
1513 765 1615 799 ientes,
1632 767 1659 794 id
1684 774 1739 801 est,
1762 769 1796 798 ad

1000 812 1094 832 omnes
1114 812 1208 840 gentes
1225 815 1317 834 verum
1336 809 1420 836 Deum
1438 810 1610 844 ignorantes,
1626 813 1719 841 dicens
1734 815 1772 843 cis
1786 825 1794 844 :

1003 850 1104 884 Venite,
1120 854 1242 880 comedite
1258 863 1349 888 panem
1365 864 1448 883 meum
1459 877 1466 888 ‚
1484 863 1507 884 et
1528 858 1603 886 bibite
1622 860 1707 887 vinum
1727 862 1795 895 quod

998 897 1088 924 niircui
1103 899 1170 925 robis
1184 908 1193 932 ;
1211 899 1235 926 id
1252 907 1309 931 est,
1327 903 1411 929 sancti
1427 904 1550 938 corporis
1566 912 1655 932 esi-ain
1674 908 1790 941 stimite;

998 947 1023 969 et
1041 943 1122 970 bibite
1138 945 1226 972 vinum
1243 947 1312 980 quod
1330 947 1422 976 miscui
1438 949 1532 983 vobis,
1550 950 1578 978 id
1593 956 1650 985 est,
1667 954 1791 987 poculum

997 991 1135 1024 sangoinis
1151 993 1219 1018 sacri
1242 994 1379 1027 percipite.

1032 1036 1060 1062 t.
1083 1035 1165 1070 Cujus
1181 1037 1288 1070 qudem
1306 1039 1417 1073 gratiam
1433 1041 1494 1075 quia
1508 1047 1603 1076 gentes
1624 1050 1748 1079 sumunt,
1765 1050 1792 1074 et

996 1079 1081 1106 Jodaei
1103 1088 1155 1107 nou
1171 1088 1344 1116 meruerunt,
1362 1084 1484 1112 declarat
1499 1086 1549 1113 hoc
1565 1088 1694 1122 propheta
1711 1090 1791 1119 haias

994 1126 1087 1153 dicens
1103 1136 1109 1152 ε
1129 1137 1136 1151 ι
1156 1127 1218 1154 llaec
1234 1128 1298 1154 dicit
1315 1128 1444 1157 Dominus
1460 1130 1552 1159 Deus:
1568 1133 1637 1161 Ecce
1652 1136 1720 1162 servi
1738 1138 1788 1165 inei

994 1173 1154 1205 comedent,
1170 1179 1197 1200 et
1212 1181 1260 1201 vos
1274 1175 1399 1202 esurietis
1413 1185 1419 1208 ;
1437 1184 1499 1205 ecce
1514 1179 1585 1206 servi
1607 1180 1658 1206 inei
1679 1181 1788 1216 bibent,

993 1224 1020 1246 et
1041 1227 1088 1246 vos
1110 1220 1227 1253 sitietis;
1249 1228 1312 1248 ecce
1333 1222 1402 1248 servi
1425 1224 1476 1250 mei
1500 1224 1672 1260 laetabuntur,
1695 1232 1721 1254 et
1743 1235 1789 1256 vos

992 1265 1204 1293 confundemini.
1222 1267 1290 1294 Ecce
1303 1268 1372 1294 servi
1388 1269 1439 1295 mei
1455 1270 1614 1297 lwtahuntur
1630 1279 1684 1306 prae
1700 1273 1789 1300 exsul·

994 1313 1094 1339 tatione
1109 1312 1198 1339 cordis
1211 1332 1218 1344 ,
1235 1317 1262 1339 et
1279 1321 1325 1339 vos
1341 1313 1492 1342 ctmnabins
1508 1323 1562 1349 prce
1579 1316 1672 1344 dolore
1687 1319 1787 1353 cordis,

991 1362 1016 1384 et
1034 1365 1088 1391 prae
1108 1358 1272 1385 contritione
1293 1359 1401 1392 spiritns
1424 1360 1576 1394 ululabitis,
1598 1367 1625 1389 et
1647 1363 1788 1393 dimittetis

989 1410 1087 1430 nomeu
1104 1409 1221 1430 vestrum
1236 1404 1260 1430 in
1274 1404 1454 1438 juramentum
1475 1407 1569 1434 electis
1589 1410 1655 1435 ineis
1667 1429 1675 1442 ,
1698 1415 1724 1437 et
1746 1412 1786 1438 in-

990 1450 1102 1476 terficiet
1119 1455 1144 1477 te
1160 1450 1287 1477 Dominus
1301 1451 1369 1478 Deus
1381 1472 1388 1483 ,
1405 1457 1432 1479 et
1445 1460 1552 1486 servos,
1573 1463 1583 1479 «
1605 1455 1630 1482 id
1647 1461 1697 1488 est,
1715 1458 1786 1485 cliri-

989 1495 1103 1525 stianos.
1121 1505 1131 1521 ‹
1149 1496 1255 1523 vocabit
1267 1498 1373 1524 nomine
1389 1498 1485 1531 alio‚in
1500 1507 1553 1534 qno
1569 1501 1612 1535 qui
1629 1502 1785 1531 benedictus

988 1545 1126 1575 estsuper
1147 1547 1245 1568 terram
1267 1542 1440 1570 benedicetur
1459 1544 1485 1571 in
1505 1544 1572 1572 Deo.
1594 1545 1679 1573 Amen
1700 1547 1783 1582 (lsai.

989 1595 1055 1618 va,
1073 1587 1128 1620 15).
1146 1597 1155 1612 »

1023 1632 1050 1659 5.
1072 1632 1233 1659 interficitur
1253 1634 1324 1660 enim
1350 1635 1441 1668 lsrael,
1466 1637 1583 1664 succedit
1606 1645 1638 1665 ex
1660 1639 1783 1672 gentihus

988 1678 1112 1712 populns.
1132 1678 1247 1705 Tollitur
1264 1679 1316 1706 illis
1333 1679 1415 1707 Vetus
1431 1681 1646 1715 Testamentum,
1664 1685 1782 1712 redditur

987 1724 1064 1750 nohis
1077 1724 1178 1751 Novum
1193 1734 1200 1757 ς
1217 1725 1373 1753 conceditur
1388 1727 1464 1754 nobis
1480 1729 1605 1756 salutaris
1620 1729 1670 1755 cihi
1685 1731 1779 1764 gratia,

985 1774 1012 1796 et
1029 1770 1153 1803 poculum
1168 1771 1306 1805 sanguinis
1319 1771 1436 1805 Christi,
1453 1773 1508 1800 illis
1524 1773 1592 1801 same
1605 1780 1629 1802 et
1646 1775 1687 1801 siti
1703 1783 1780 1803 aren-

987 1817 1069 1844 tihns.
1086 1817 1205 1844 Mutatur
1221 1823 1248 1845 et
1264 1825 1332 1844 novo
1349 1819 1445 1853 populo
1460 1828 1557 1847 nomen
1573 1821 1643 1848 aliud
1655 1843 1661 1854 ‚
1679 1822 1779 1850 scilieet

984 1861 1178 1894 Christianum.-
1202 1868 1229 1890 et
1251 1865 1339 1890 omnia
1365 1872 1425 1898 quae
1448 1870 1510 1892 suot
1532 1871 1606 1900 gesta
1633 1867 1777 1895 novitatem

983 1908 1074 1943 grotiae
1090 1913 1227 1936 resonant.

1213 1957 1291 1992 113
1305 1957 1418 1985 CAPUT
1430 1958 1546 1986 xxvttt.

1232 2002 1422 2037 Iiccopitulatio
1433 2005 1527 2039 operis.

1018 2048 1043 2075 l.
1060 2047 1082 2074 Ο
1092 2047 1238 2075 infelicium
1251 2047 1403 2076 ¹ludaeorum
1413 2049 1534 2077 deflenda
1545 2050 1688 2079 dementia!
1704 2052 1773 2081 Ecce

978 2093 1123 2120 Salvatoris
1131 2093 1163 2120 ad
1169 2097 1275 2120 ventum
1285 2101 1334 2120 nec
1343 2093 1507 2121 Testamenti
1517 2094 1619 2123 Veteris
1627 2097 1772 2123 auctorita-

979 2143 1004 2166 te
1020 2139 1180 2174 intelligunt,
1201 2146 1251 2166 nec
1272 2147 1333 2166 eum
1353 2140 1460 2167 venisse
1481 2140 1624 2175 accipiunt.
1646 2141 1770 2170 Gentium
1831 2160 1832 2164 ,

976 2185 1177 2212 conversionem
1190 2185 1289 2219 legunt.
1306 2189 1333 2212 et
1344 2185 1377 2213 de
1392 2193 1439 2212 sua
1452 2186 1640 2221 reprobatione
1661 2187 1770 2215 minime
1810 2180 1817 2196 ¹
1830 2179 1832 2215 i

975 2230 1181 2258 confunduntur.
1218 2231 1327 2259 Sabbati
1354 2231 1567 2260 observationem
1602 2234 1748 2268 suscipiunt
1760 2255 1767 2267 ‚
1810 2217 1832 2258 ἰ

973 2282 1050 2308 quani
1057 2276 1226 2308 reprobatam
1239 2276 1384 2310 scripturae
1391 2276 1577 2305 testificatione
1587 2281 1766 2311 cognoscunt.

971 2319 1207 2347 Circumcisionem
1218 2321 1306 2348 carnis
1317 2322 1543 2357 venerantur-,qui
1557 2322 1645 2350 cordis
1661 2323 1766 2351 mundi-

971 2365 1034 2392 tiam
1050 2366 1231 2399 perdiderunt.

1005 2409 1032 2436 2.
1047 2410 1101 2437 Nos
1114 2416 1202 2438 autem
1213 2430 1221 2443 ,
1233 2411 1283 2438 sub
1301 2411 1385 2446 gratia
1400 2412 1490 2447 positi,
1505 2414 1595 2441 omnia
1618 2414 1677 2442 haic
1695 2415 1763 2444 saeta

970 2459 998 2483 et
1020 2455 1214 2484 celebrationes
1227 2476 1235 2490 ,
1251 2464 1310 2491 quae
1331 2457 1479 2486 futurorum
1493 2465 1570 2487 erant
1585 2459 1693 2493 indicia.
1705 2461 1763 2496 iam

971 2502 1160 2537 cognoscimus
1175 2510 1236 2531 esse
1258 2504 1400 2539 completa.
1422 2505 1556 2541 Quidquid
1573 2507 1645 2535 enim
1670 2507 1762 2543 tinius-

969 2548 1043 2576 modi
1056 2549 1219 2576 sacramenti
1234 2549 1443 2584 prophetabatur
1454 2551 1510 2586 Jam
1520 2551 1645 2580 Christus
1664 2553 1759 2589 imple-

1024 2590 1031 2601 ἱ
1744 2604 1747 2606 .

969 2627 1070 2656 isidoro
1084 2629 1189 2656 confert
1205 2629 1313 2658 Lesleus
1334 2630 1362 2658 in
1383 2631 1454 2659 uotis
1467 2631 1501 2660 ad
1515 2630 1683 2661 arminium
1697 2633 1756 2662 Ιο-

967 2664 1129 2692 zar-abicum.
1146 2663 1235 2693 Anssv.

1000 2698 1028 2725 4.
1051 2699 1092 2726 At.
1104 2719 1112 2731 ,
1127 2700 1226 2734 cordis,
1244 2709 1292 2734 pro
1306 2701 1423 2735 spiritus.
1436 2701 1470 2730 Et
1483 2709 1568 2731 terim
1581 2710 1642 2731 uos
1655 2703 1755 2733 voeaffl
1764 2732 1770 2741 ,

964 2734 1066 2761 noniine
1080 2735 1132 2761 atio
1142 2755 1150 2767 ‚
1166 2735 1193 2761 id
1207 2740 1258 2769 est,
1276 2736 1432 2765 christiano.
1447 2737 1519 2766 uia.
1554 2749 1556 2751 >
1594 2750 1596 2753 ¹
1723 2775 1727 2779 .

959 2803 968 2831 ι
999 2769 1026 2796 5.
1044 2770 1101 2831 ἂι..
1117 2770 1242 2804 mittatur,
1259 2778 1308 2807 pro
1321 2777 1446 2800 mutatur.
1467 2772 1502 2801 Et
1514 2772 1587 2803 atiud
1598 2773 1688 2814 atie,
1699 2773 1762 2834 εξ»

969 2804 1027 2831 icet.
1068 2813 1112 2832 Λιι.

959 2851 962 2853 .
994 2839 1058 2868 (ω’.
1076 2846 1168 2869 xxvm.
1182 2841 1214 2870 Ν.
1229 2841 1259 2871 2.
1273 2841 1412 2891 Mf’ff'fwt
1424 2850 1476 2889 pro
1486 2840 1755 2905 Qflgffigss
