1832 3016
32 213 33 218 ,
42 193 95 224 865

654 180 911 211 SYNOMMORUM
932 180 996 208 LlB.
1019 180 1048 208 ll.

1622 175 1675 206 868

44 255 120 281 tauto
132 250 171 279 sis
185 249 282 285 majori
302 245 452 275 humilitate
474 248 646 277 conspicuus,
657 243 758 276 quanto
773 247 830 266 ma—
845 239 870 269 A
884 236 1036 271 abjeceris;
1061 242 1166 271 semper
1191 239 1296 263 interna
1317 235 1408 271 quiete
1429 234 1538 267 frueris,
1569 232 1593 261 si
1615 237 1641 262 te
1659 242 1675 262 a

41 305 94 334 gna
107 305 138 326 es
151 296 281 332 dignitate
294 293 430 329 prelatus.

79 343 124 371 88.
148 341 289 377 impositae
310 339 358 367 tibi
384 344 492 373 quoque
519 342 598 363 curas
623 333 760 361 humiliter
789 340 834 360 su·

42 389 127 424 acipe.
145 388 280 416 Traditum
306 384 485 412 ministerium
505 386 594 410 mente
614 381 719 408 subdita
743 380 831 414 exple,

41 440 102 466 esto
123 435 250 463 obediens
275 433 372 460 divinae
391 429 596 465 dispensationi,
620 428 751 455 voluntati
776 426 834 461 eius

43 482 178 511 contraire
193 487 245 507 non
262 479 372 506 audeas.
387 478 449 505 Jura
467 475 604 512 potestatis
621 475 725 508 adeptae
742 472 834 500 mode-

42 533 134 558 ranter
169 533 278 554 exerce.
310 525 454 552 Potestatis
480 523 541 558 jura
571 527 679 557 accepta
710 520 834 548 ordinato

42 575 131 603 animo
146 573 313 600 administra.
326 571 421 599 Omnia
442 577 494 597 non
512 570 677 602 turbulento,
694 567 742 595 sed
759 571 833 593 tran-

42 621 124 656 quillo
139 619 220 647 corde
234 618 358 653 dispone.
371 617 441 644 Cave
451 616 568 643 honores
582 622 649 650 quos
668 618 760 641 tenere
775 612 834 639 sine

42 668 119 703 culpa
147 675 201 694 non
223 670 308 701 potes.
341 664 499 692 Sublimitas
526 663 657 690 honorum
678 659 835 695 magnitudo

41 704 173 742 scelerum
197 718 249 747 est,
266 712 293 740 in
307 711 401 746 majori
416 710 499 745 gradu
525 709 611 744 major
625 709 684 735 sine
697 707 779 734 dubio
794 710 835 733 est

40 768 128 797 poena.

76 807 120 835 89.
140 807 191 840 Qui
207 806 294 833 minor
308 809 359 837 est,
375 804 461 831 veniae
486 803 624 838 proximus
639 805 690 828 est.
714 800 834 827 Potentes

39 858 122 881 etalem
136 856 249 888 potenter
264 852 344 887 520
356 854 480 876 tormenta
494 849 622 883 patiemur
643 847 722 883 (Sap.
739 855 775 879 vt,
791 847 832 881 7).

40 900 171 928 Iudicium
197 900 263 927 cuim
290 898 454 925 durissimum
476 898 503 923 iu
529 896 560 922 iis
587 896 629 930 qui
658 899 770 929 prmum
792 895 835 928 fiet

885 284 999 317 strepitu
1016 288 1181 311 terrenarum
1193 282 1330 310 actionum
1342 282 1518 310 subtraxeris.

922 330 1000 365 521
1033 330 1077 357 93.
1107 330 1135 358 Si
1157 329 1299 364 prtesentia
1322 329 1488 364 despexeris,
1511 328 1570 356 sine
1596 327 1678 357 dubio

886 380 986 403 aeterna
1001 376 1133 408 invenies;
1147 377 1169 403 si
1185 377 1326 404 saeculares
1349 383 1391 403 res
1405 379 1432 403 et
1445 375 1576 403 humanas
1591 376 1678 403 calea-

885 422 966 455 veris‚
989 420 1066 448 facile
1076 426 1103 448 et
1116 422 1210 449 leviter
1223 422 1360 449 coelestcm
1373 422 1484 456 gratiam
1499 422 1626 456 accipies,
1652 426 1678 448 et

885 475 945 495 cum
960 476 993 495 eo
1005 468 1128 503 regnabis
1143 469 1188 502 qui
1205 469 1271 495 vivis
1286 473 1313 495 et
1327 469 1438 495 mortuis
1454 468 1619 495 dominatur.
1637 467 1678 493 bi-

885 514 956 541 vitiae
968 522 1103 549 nunquam
1117 514 1175 541 sine
1187 518 1295 548 peccato
1307 513 1491 548 acquiruntur,
1501 512 1600 540 divitiae
1613 520 1678 539 nun-

886 569 964 596 quam
978 562 1035 589 sine
1052 566 1161 596 peccato
1180 560 1408 587 administrantur.
1431 559 1525 586 Nullus
1535 566 1578 586 res
1595 563 1679 586 terrc-

886 614 935 634 nas
946 608 1005 635 sine
1019 612 1129 642 peccato
1143 606 1320 634 administrat.
1338 606 1421 634 Valde
1436 613 1526 633 rarum
1541 610 1581 632 est
1593 610 1621 632 ut
1635 605 1679 639 qui

887 653 992 680 divitias
1004 654 1141 688 possident
1156 654 1188 681 ad
1202 654 1320 688 requiem
1337 653 1462 685 tendant;
1479 652 1524 687 qui
1538 652 1611 679 curis
1624 655 1680 678 ter-

886 700 958 727 renis
969 707 998 727 se
1014 700 1162 735 implicant,
1179 708 1194 726 a
1210 699 1255 727 Dei
1272 700 1367 726 timore
1382 706 1411 726 se
1423 703 1558 733 separant.
1587 698 1638 731 Qui
1653 698 1680 725 in

887 753 975 773 rernm
990 754 1082 772 amore
1097 746 1231 780 deligitur,
1250 745 1275 772 in
1293 745 1346 772 Deo
1361 745 1512 772 nullatenus
1522 743 1680 771 delectatur.

922 791 966 818 94.
987 791 1066 818 Curae
1081 792 1151 818 enim
1167 799 1256 819 rerum
1268 792 1302 817 ab
1313 792 1463 818 intentione
1476 790 1522 817 Dei
1544 794 1680 817 avertunt.

887 838 970 865 Nemo
982 842 1068 872 potest
1085 837 1210 871 amplecti
1225 837 1272 864 Dei
1288 837 1400 872 gloriam
1416 836 1506 869 simul,
1532 841 1560 864 et
1573 835 1680 869 saeculi3

888 891 966 910 nemo
983 888 1070 918 potest
1085 884 1211 918 amplecti
1224 883 1361 911 Christum
1377 884 1469 917 simul,
1485 887 1512 910 et
1540 882 1679 909 saeculum.

39 946 116 983 (Luc.
139 953 187 978 m,
208 944 264 979 48).
285 943 333 971 Cui
359 944 469 971 numum
491 943 581 974 daun..
605 941 718 968 mustum
743 941 777 967 ab
801 948 833 966 ρο
850 935 874 965 Β
888 929 999 957 Dil'licilc
1014 935 1054 957 est
1067 930 1223 958 coelestibus
1238 935 1264 957 ct.
1277 930 1391 957 terrenis
1403 930 1475 956 curis
1488 928 1681 964 pariterinser-

40 992 186 1028 qnaeritur3
203 992 244 1018 cui
260 991 318 1026 plus
333 990 520 1023 committitur,
538 990 598 1024 plus
611 989 644 1015 ab
658 996 690 1015 eo
708 988 831 1022 exigitur.

42 1039 164 1066 Honores
176 1045 267 1065 secum
282 1038 401 1072 pericula
417 1041 523 1071 gerunt,
539 1036 593 1063 cito
609 1035 776 1069 periclitatur
787 1042 835 1068 po·

41 1089 135 1117 testas,
160 1084 213 1111 cito
238 1084 342 1111 ruinam
362 1084 471 1117 patitur.
495 1082 601 1115 Quanto
626 1082 713 1116 maior
738 1082 833 1113 bonor,

41 1135 117 1157 tanto
140 1130 240 1164 maj0ra
258 1129 387 1164 pericula.
413 1129 472 1155 Alta
495 1128 575 1155 arbor
599 1135 614 1154 a
638 1127 726 1154 ventis
740 1127 836 1153 fortius

41 1176 167 1211 agitatur,
181 1182 209 1203 >a
227 1180 254 1202 et
266 1176 332 1202 rami
354 1175 412 1209 ejus
431 1174 510 1201 citius
528 1173 554 1200 in
570 1167 644 1200 ruina
661 1173 835 1206 conti-ingun-

41 1226 102 1253 tur;
127 1226 144 1251 Ἰ
167 1221 282 1249 excetsae
305 1226 390 1248 turres
417 1220 531 1255 graviori
557 1227 621 1246 casu
645 1218 834 1253 procumbunt.

42 1268 171 1296 Altissimi
188 1272 291 1296 montes
310 1268 411 1295 crebris
428 1267 586 1294 fulminibus
602 1267 743 1293 feriuntur.

78 1314 121 1340 00.
145 1314 173 1341 ln
189 1319 325 1349 potentem
345 1315 399 1341 cito
413 1313 485 1341 cadit
506 1313 616 1345 invidia,
641 1313 695 1339 cito
711 1316 783 1346 patet
797 1312 837 1339 in-

43 1362 119 1390 sidiis
134 1362 277 1396 gloriosus.
295 1360 385 1387 Gloria
400 1360 471 1387 enim
498 1359 627 1386 invidiam
644 1358 724 1392 parit.
739 1358 836 1385 invidia

42 1416 108 1437 vero
122 1408 251 1444 pericula.
277 1407 405 1441 Quamvis
433 1405 493 1441 quis
516 1406 545 1432 in
569 1405 660 1432 saecuti
685 1405 767 1439 gloria
785 1404 835 1431 lul-

47 1459 117 1490 geat‚
134 1453 256 1488 quamvis
271 1460 387 1487 purpura
404 1458 522 1485 auroque
537 1450 718 1485 resplendeat,
742 1457 837 1484 quam-

44 1501 85 1529 vis
100 1501 171 1528 cultu
197 1499 316 1534 pretioso
341 1497 482 1525 redimitus
506 1498 633 1530 emineat,
657 1496 779 1530 quamvis
803 1495 837 1522 sit

43 1546 215 1574 multitudine
241 1545 427 1580 premunitus,
443 1544 566 1578 quamvis
580 1542 770 1571 excubantium
794 1547 838 1568 ar-

45 1593 97 1621 mis
110 1597 260 1627 protectus,
274 1591 395 1627 quamvis
410 1590 557 1617 innumeris
569 1589 774 1624 obsequentium
788 1595 835 1614 cu-

885 977 956 1009 vire,
973 977 1080 1003 dilliciic
1096 981 1137 1003 est
1154 977 1237 1004 Deum
1263 977 1341 1003 simul
1363 981 1390 1004 et
1417 977 1545 1003 mundum
1559 976 1681 1010 diligere.

889 1024 1004 1058 Utraque
1016 1023 1095 1051 simul
1108 1024 1247 1058 aequaliter
1259 1023 1344 1050 amari
1357 1031 1408 1051 non
1419 1028 1539 1058 possunt.
1555 1022 1681 1055 Dillicile,

888 1069 940 1095 imo
956 1069 1120 1103 impossibile
1136 1074 1188 1101 est,
1204 1074 1230 1095 ut
1254 1068 1429 1102 praeseutibus
1458 1073 1484 1095 et
1507 1067 1603 1094 suturis
1622 1067 1683 1102 quis

889 1116 991 1142 l'ruatur
1007 1115 1094 1147 bonis,
1108 1119 1135 1140 ut
1148 1119 1174 1141 et
1190 1114 1232 1140 liic
1250 1120 1384 1146 ventrem,
1397 1119 1424 1140 ct
1441 1113 1496 1140 illic
1508 1117 1624 1140 mentem
1637 1112 1683 1138 im-

889 1162 970 1196 pleat,
987 1166 1015 1188 ut
1030 1162 1062 1188 de
1074 1160 1178 1188 deliciis
1193 1159 1226 1187 ad
1239 1159 1350 1187 delicias
1367 1164 1500 1191 transeat,
1518 1164 1545 1186 ut
1562 1159 1588 1185 in
1603 1163 1682 1185 utro-

888 1215 938 1242 que
952 1208 1049 1234 soeculo
1065 1206 1100 1233 sit
1115 1206 1227 1240 primus,
1243 1211 1271 1232 ut
1286 1206 1312 1232 in
1327 1210 1409 1239 terra,
1426 1210 1453 1232 ct
1469 1206 1495 1232 itt
1507 1206 1575 1232 coelo
1591 1212 1676 1239 appa-

888 1259 946 1281 reat
959 1253 1101 1287 gloriosus.
1120 1253 1233 1286 Propter
1261 1251 1344 1278 Deum
1356 1259 1419 1286 ergo
1444 1252 1570 1278 renuntia
1586 1257 1677 1276 omm-

889 1299 948 1332 bus,
965 1307 978 1325 a
994 1299 1086 1326 saecuti
1102 1299 1175 1325 curis
1190 1302 1215 1325 te
1230 1303 1339 1332 propter
1355 1298 1438 1324 Deum
1453 1296 1597 1331 suspende,
1626 1296 1683 1323 siue

889 1346 1083 1380 impedimento
1098 1346 1188 1372 saeculi
1205 1345 1260 1372 Deo
1277 1345 1379 1371 servire
1391 1343 1478 1371 stude.

925 1391 968 1419 95.
986 1392 1079 1419 Nullus
1095 1396 1120 1418 te
1135 1399 1210 1418 amor
1237 1391 1328 1417 mundi
1356 1399 1370 1417 a
1387 1390 1434 1417 Dei
1449 1398 1542 1417 amore
1563 1392 1684 1423 separet,

889 1437 959 1465 nulla
972 1445 1036 1464 cura
1051 1446 1063 1463 a
1078 1438 1123 1464 Dei
1139 1444 1233 1464 amore
1249 1441 1274 1463 te
1285 1436 1436 1468 subtrahat,
1454 1436 1527 1462 nulla
1543 1441 1568 1463 te
1580 1436 1683 1462 sollici-

890 1484 954 1512 tudo
970 1492 1058 1511 rerum
1071 1484 1104 1510 ab
1117 1484 1266 1510 intentione
1281 1483 1328 1511 Dei
1348 1483 1506 1517 suspendat.
1520 1483 1613 1517 Abjice
1627 1490 1641 1508 a
1652 1487 1677 1509 te

876 1531 1015 1566 quidquid
1038 1531 1168 1566 impedire
1182 1531 1280 1558 bonum
1309 1532 1474 1566 propositum
1501 1536 1598 1565 potest.
1617 1530 1685 1557 Toto

889 1578 980 1605 animo
991 1578 1082 1611 clodi,
1110 1583 1137 1605 et
1150 1578 1258 1610 damna,
1281 1578 1352 1612 quod
1367 1578 1453 1612 diligit
1474 1578 1601 1609 mundus;
1627 1583 1685 1604 esto

47 1639 105 1666 neis
119 1638 294 1672 constipatus,
313 1637 435 1672 quamvis
458 1636 608 1671 agminibus
630 1640 711 1667 tutus,
730 1641 837 1668 semper
849 1629 874 1660 c
892 1630 1012 1652 mortuus
1024 1624 1134 1656 mundo,
1149 1629 1175 1650 et
1188 1623 1302 1650 mundus
1318 1623 1380 1655 tibi;
1398 1623 1489 1650 mundi
1501 1623 1612 1658 gloriam
1628 1627 1686 1650 tan-

45 1690 135 1713 tamen
152 1685 178 1712 in
192 1692 271 1720 poena
298 1688 349 1716 est,
365 1691 472 1718 semper
488 1683 514 1710 in
533 1682 669 1716 angustia,
691 1688 798 1715 semper
812 1680 838 1707 in

46 1738 174 1764 moerore,
188 1738 295 1765 semper
310 1731 338 1757 in
349 1729 520 1761 discrimine;
539 1730 566 1756 in
581 1728 676 1755 sericis
690 1727 781 1754 stratis
795 1734 841 1753 cu-

48 1777 103 1811 bat,
122 1777 169 1804 sed
184 1776 323 1808 turbidus;
339 1776 366 1803 in
384 1776 473 1810 pluma
492 1774 576 1809 jacet,
593 1774 639 1802 sed
663 1773 796 1808 pallidus;
815 1774 839 1799 in

47 1823 125 1851 lectis
139 1821 238 1854 aureis,
254 1821 300 1849 sed
312 1821 445 1848 turbatus.

82 1870 127 1897 9¹.
149 1869 241 1897 Brevis
265 1874 305 1896 est
328 1868 406 1902 liujus
430 1867 521 1895 mundi
537 1867 660 1900 felicitas,
680 1866 784 1893 modica
800 1869 841 1892 est

47 1917 127 1952 liujus
141 1916 232 1944 saeculi
245 1915 340 1950 gloria,
357 1915 457 1942 caduca
479 1918 521 1941 est
535 1913 673 1948 etlragilis
686 1911 842 1946 temporalis

50 1964 179 2000 potentia.
195 1963 245 1990 Dic
259 1963 303 1990 ubi
318 1966 380 1989 sunt
396 1962 492 1997 reges?
506 1961 550 1988 ubi
566 1960 721 1995 principes?
736 1959 780 1986 ubi
796 1959 843 1985 in·

51 2010 209 2045 pei-atores?
230 2010 274 2037 ubi
298 2009 445 2043 locupletes
460 2007 572 2035 rerum?
588 2007 631 2034 ubi
656 2010 779 2041 potentes
794 2012 844 2032 sae-

49 2056 119 2084 cuti?
135 2056 179 2084 ubi
200 2055 296 2083 divites
318 2055 429 2082 mundi!
446 2055 522 2089 quasi
549 2053 644 2080 umbra
669 2052 842 2084 transierunt,

49 2103 123 2131 velut
147 2102 280 2130 somnium
317 2104 495 2129 evanuerunt.
526 2100 687 2133 Quaeruntur
699 2120 706 2131 ,
737 2103 764 2125 et
791 2105 843 2125 non

50 2153 132 2182 sunt;
148 2149 248 2176 divitite
274 2155 359 2182 usque
384 2148 415 2174 ad
444 2147 590 2180 periculum
606 2146 720 2177 ducunt,
747 2144 845 2171 divitiae

52 2203 135 2230 usque
146 2195 179 2222 ad
191 2195 300 2223 exitium
319 2194 488 2229 pertrabunt,
503 2193 576 2220 multi
593 2197 703 2227 propter
718 2198 783 2226 opes
800 2197 846 2225 pe-

52 2243 247 2270 riclitaverunt.
275 2241 348 2269 Multi
375 2246 484 2275 propter
506 2239 612 2266 divitias
647 2239 672 2265 in
701 2238 845 2265 discrimen

51 2293 200 2322 venerunt·,
217 2289 307 2316 inultis
331 2287 482 2315 exitiabiles
501 2286 611 2313 luerunt
625 2285 738 2318 divitiae,
756 2285 845 2311 multis

54 2339 168 2363 mortem
184 2338 382 2370 generaverunt
393 2341 467 2368 opes.

89 2381 135 2410 92.
153 2379 292 2415 Nunquam
321 2380 421 2408 mentis
443 2379 563 2414 requiem
589 2378 685 2410 habet,
701 2378 746 2413 qui
773 2378 844 2405 curis

55 2426 171 2454 tet-renis
182 2432 212 2452 se
226 2424 334 2459 subdiu
354 2425 549 2453 sollicitudines
570 2424 644 2452 enim
665 2431 754 2452 rerum
770 2431 845 2451 men-

57 2476 111 2500 tem
136 2470 309 2505 conturbant,
339 2477 412 2498 curae
437 2478 528 2499 rerum
556 2474 674 2498 mentem
697 2470 843 2504 exagitant.

57 2517 180 2546 Potentia
199 2516 271 2544 enim
295 2515 484 2544 sollicitudinis
507 2523 643 2551 nunquam
666 2520 741 2544 caret
759 2522 845 2550 angu-

56 2564 127 2592 stiis.
142 2562 173 2591 Si
191 2568 256 2597 ergo
269 2561 308 2589 vis
323 2568 385 2589 esee
395 2561 512 2596 quietus,
527 2561 593 2589 nihil
606 2561 697 2590 saeculi
712 2566 841 2596 appetas:

59 2617 168 2642 semper
178 2608 275 2637 nientis
288 2607 409 2644 requiem
423 2606 547 2642 habebis,
558 2609 581 2636 si
595 2617 610 2636 a
626 2613 652 2637 te
665 2609 756 2637 mundi
768 2615 846 2636 curas

96 2678 141 2708 89.
160 2675 270 2706 Confer.
285 2675 334 2704 lib.
350 2682 379 2703 m
393 2675 571 2710 sententiar„
585 2683 644 2712 cap.
664 2676 709 2705 50.
725 2678 809 2704 Anav.

95 2713 140 2742 90.
161 2711 216 2747 At..
231 2711 300 2739 cadit
315 2712 341 2738 in
361 2710 474 2744 insidiis,
557 2715 626 2745 patet
647 2711 759 2738 tnntdtin.
775 2711 847 2741 Mn.

40 2750 55 2804 ἑ
93 2747 141 2778 ⁸2.
160 2748 216 2782 At,
231 2754 300 2774 cum
309 2745 466 2779 soeeultmn
480 2752 494 2773 ι
508 2764 530 2779 ..
549 2753 618 2773 cttrae
630 2753 716 2773 rerum
738 2747 848 2774 menta-

58 2780 520 2860 Wfflprgssexfflrzuamfixankm
533 2815 644 2849 addunt,
656 2819 766 2843 mntem
783 2823 852 2844 m-

91 2887 94 2890 ,
117 2859 156 2889 ut.
170 2858 277 2882 mentem
292 2825 437 2888 impla-am,
460 2854 484 2879 et
505 2851 646 2885 mmmm,
659 2855 767 2879 mentm
780 2852 852 2888 ami-

128 2910 137 2925 ,
150 2888 355 2925 accensendum.
372 2890 396 2915 et

130 2925 234 2955 omnim
246 2924 413 2963 ,demuma

502 2886 600 2914 adim
619 2890 728 2914 mentm

469 2922 560 2957 untia,
575 2925 629 2951 ete.
642 2886 854 2951 Am.m'⁰m⁸

891 1679 972 1707 quam
989 1675 1111 1698 mortuus
1126 1678 1179 1696 non
1197 1670 1322 1704 aspicias,
1354 1675 1481 1704 tanquam
1506 1674 1625 1696 mortuus
1653 1669 1687 1696 ab

891 1718 987 1745 all'ectu
1005 1718 1065 1744 vitae
1081 1717 1157 1744 istius
1173 1721 1197 1743 te
1208 1724 1314 1750 separa.
1331 1716 1409 1743 Sicut
1424 1715 1555 1750 sepultus,
1570 1723 1622 1742 non
1639 1715 1687 1742 ha-

892 1764 956 1791 beas
966 1770 1056 1790 curam
1071 1762 1105 1790 de
1118 1762 1227 1790 saecnto.
1242 1762 1380 1796 Tanquam
1393 1761 1548 1794 defunctus,
1563 1762 1597 1788 ab
1613 1761 1687 1788 omni

893 1816 1000 1839 terreno
1016 1815 1041 1837 te
1056 1810 1129 1844 priva
1145 1809 1261 1843 negotio.
1274 1809 1424 1836 Contemne
1446 1808 1538 1836 vivens
1552 1814 1612 1842 quae
1625 1811 1688 1843 post

893 1863 1006 1885 mortem
1021 1857 1118 1883 trabere
1134 1863 1187 1882 non
1203 1862 1288 1889 potes.

929 1903 973 1931 96.
995 1902 1071 1935 Quod
1083 1902 1176 1933 babes,
1194 1900 1289 1927 habeto
1300 1900 1332 1926 ad
1349 1900 1576 1932 misericordiam
1590 1899 1686 1927 sull'ra-

894 1943 970 1985 getur
981 1950 1066 1976 virtus
1079 1953 1123 1975 tua
1136 1948 1211 1982 egeni
1226 1948 1332 1982 inopiae.
1345 1947 1374 1975 Si
1384 1955 1463 1981 quem
1476 1948 1592 1982 positum
1606 1948 1687 1975 inne-

894 1997 1019 2025 cessitate
1033 1993 1202 2030 cognoveris,
1218 1995 1239 2021 si
1255 2002 1333 2027 quem
1348 1995 1379 2021 ad
1394 1995 1511 2028 inopiam
1533 1993 1686 2028 redactum,

894 2044 916 2072 si
933 2051 1011 2078 quem
1024 2042 1173 2076 direptione
1189 2040 1302 2074 alicujus
1317 2041 1480 2067 exinanitum
1490 2060 1498 2072 ‚
1513 2040 1535 2068 si
1551 2048 1629 2075 quem
1640 2048 1689 2074 op-

897 2096 1028 2124 pressum,
1056 2088 1079 2115 si
1094 2094 1174 2122 quem
1198 2087 1376 2117 humitiatum.
1392 2086 1495 2113 nullum
1519 2091 1690 2119 contemnas,

897 2135 997 2162 nullum
1009 2134 1218 2170 spernas,522
1233 2133 1332 2159 nullum
1346 2131 1489 2166 despiciaS,
1498 2139 1611 2158 vacuum
1628 2130 1690 2158 nul-

897 2181 951 2208 lum
966 2181 1096 2213 dimittas,
1111 2180 1223 2206 nullusa
1241 2185 1266 2206 te
1283 2178 1365 2205 tristis
1380 2177 1517 2210 abscedat,
1534 2184 1615 2204 nemo
1632 2184 1646 2204 a
1663 2181 1690 2204 te

897 2229 1024 2254 contusus
1033 2227 1119 2253 abeat.
1128 2225 1257 2253 Omnibus
1263 2223 1442 2255 communica,
1452 2223 1577 2250 omnibus
1590 2223 1688 2255 tribue,

897 2273 1025 2300 omnibus
1043 2272 1212 2307 praebe31iou
1228 2271 1311 2306 eligas
1325 2270 1369 2297 cui
1385 2268 1546 2302 miserearis,
1565 2276 1598 2295 ne
1624 2269 1691 2296 sorte

860 2318 886 2347 D
901 2325 1042 2356 praetereas
1054 2327 1115 2346 eum
1130 2319 1174 2354 qui
1188 2323 1306 2346 merctur
1321 2317 1453 2351 accipere.
1469 2315 1590 2342 lncertus
1600 2322 1629 2341 cs
1642 2322 1690 2349 pro

901 2375 953 2402 quo
965 2367 1050 2401 magis
1059 2367 1165 2401 placeas
1179 2366 1243 2397 Deo,
1257 2365 1346 2391 nescis
1358 2371 1406 2398 pro
1416 2370 1469 2397 quo
1486 2361 1532 2388 tibi
1541 2360 1627 2392 maior
1641 2360 1693 2388 l'ru-

899 2419 959 2443 ctus
972 2414 1083 2449 justitiae
1099 2416 1274 2447 praeparetur.

934 2462 979 2489 07.
1001 2459 1134 2494 Quidquid
1146 2458 1252 2490 tribuis,
1266 2463 1326 2483 cum
1340 2455 1438 2482 affectu
1450 2453 1581 2482 distribue
1594 2461 1600 2486 ;
1617 2452 1694 2487 quid-

900 2508 962 2544 quid
976 2506 1091 2541 largiris,
1099 2511 1159 2532 cuin
1171 2503 1307 2530 hilaritate
1318 2501 1425 2536 largire.
1433 2501 1528 2528 Praebe
1540 2500 1691 2528 misericor-

900 2561 970 2587 diam
983 2557 1041 2584 sine
1053 2554 1282 2586 murmuratione3
1297 2553 1386 2588 praebe
1408 2552 1608 2587 eleemosynam
1635 2552 1695 2580 sine

899 2606 991 2634 taedio.
1008 2603 1092 2638 Maior
1106 2603 1145 2629 sit·
1154 2600 1340 2629 benevolentia
1355 2607 1436 2634 quam
1449 2599 1522 2635 quod
1536 2599 1626 2632 datur,
1639 2606 1695 2626 ma-

935 2675 980 2703 95.
1002 2673 1058 2704 At„
1072 2679 1168 2703 autore,
1185 2677 1232 2705 pro
1258 2670 1357 2697 timore.
1383 2668 1418 2696 Et
1428 2675 1515 2696 rernm
1537 2673 1694 2696 terrenarum

900 2709 1140 2773 ‘'mli'g‘lfftffiatur
1161 2741 1189 2768 in
1210 2740 1336 2768 Editione
1348 2739 1444 2768 Grialii
1471 2743 1533 2768 nota
1556 2738 1644 2773 aliqua
1660 2738 1694 2765 ad

902 2782 983 2810 verba
995 2778 1065 2814 egeni
1077 2778 1182 2812 inopiae,
1196 2775 1245 2804 sed
1258 2775 1440 2811 praetermissa
1449 2774 1511 2803 luit.
1527 2773 1581 2803 atti
1595 2774 1696 2802 babent

904 2814 1112 2858 eqonnjiuopianu
1128 2811 1212 2847 quud,
1238 2816 1268 2839 ut
1290 2811 1400 2847 opinor.
1422 2811 1542 2840 nattum
1564 2811 1696 2838 numum

902 2853 999 2916 ''⁰3¹4‘'
1009 2851 1169 2919 ὢῗιῖἱικι,
1179 2889 1228 2919 pro
1238 2883 1371 2912 demo-o.
1385 2882 1459 2912 nn.

1138 2956 1150 2968 Q
