1832 3016
144 151 194 181 ⁰47

641 145 670 172 S.
693 143 820 172 tStnom
839 143 1058 172 tttSPALENSts
1077 144 1230 174 EPISCOPl

1722 148 1775 176 6⁴8
1814 159 1815 162 ¹

178 210 204 238 9.
219 209 340 242 Plerique
355 209 479 241 potentes
492 208 564 231 tanta
576 203 730 238 cupiditatis
741 203 816 230 rabie
829 202 932 229 iniiam·
947 205 973 233 Α
986 202 1126 238 Apostoto‚
1141 211 1174 231 ac
1187 204 1312 231 dicente:
1329 203 1399 232 Deus
1409 208 1493 231 autem
1515 209 1539 232 et
1559 204 1637 239 hunc,
1655 209 1680 233 et
1704 205 1771 234 hane
1803 231 1809 234 .

143 259 256 285 mantnt,
272 256 301 279 ut
311 252 344 279 de
364 250 485 278 conliniis
496 250 552 277 suis
564 257 694 284 pauperes
709 249 867 281 excludant,
883 256 933 276 nec

143 299 263 327 babitare
289 296 453 331 permittant.
479 295 581 328 Quibus
607 299 680 322 recte
700 301 748 328 per
772 294 932 328 Prophetam

140 344 257 373 dicitur:
278 342 323 370 Vae
345 343 389 377 qni
416 341 572 377 conjurzqnis
595 341 700 366 domum
725 340 759 366 act
782 340 895 370 domum,
909 344 933 366 et

139 398 230 426 aqi-um
242 397 304 424 (tyro
316 388 441 423 copulatis
452 395 532 421 usqne
544 386 577 412 ad
586 386 720 412 terminum
736 385 796 412 loci.
807 385 932 421 Nunqut'd

140 436 243 463 solivos
268 434 413 461 habitabitis
435 433 462 459 in
485 432 568 459 medio
594 431 765 467 terroe(1.sat'.
782 439 807 464 v,
824 431 850 463 8,
864 431 932 467 ΜΗ

139 482 218 509 Tales
233 482 330 516 qnippe
347 480 470 507 homines
498 479 648 510 infernum,
666 478 692 505 id
717 482 767 512 est,
795 478 930 505 diabolum

139 535 233 562 rapere
244 527 276 553 ad
298 525 476 560 perditionem
489 525 558 552 idem
582 524 710 559 propheta
727 528 870 557 sequenter
884 531 932 550 an-

95 575 101 582 “
138 573 250 605 nuntiat,
266 571 358 598 dicens
373 579 380 597 ε
398 570 539 604 Propterea
559 570 674 597 dilatavit
689 570 806 604 infernus
818 569 931 595 antimum

137 626 221 650 suom,
242 622 266 643 et
294 616 394 651 aperuit
421 625 448 643 oa
471 624 547 643 suum
571 617 661 650 absque
681 614 736 641 ullo
765 615 886 647 termino,
908 620 932 641 et

138 664 289 691 descendent
302 664 378 698 sortes
391 664 458 697 eius,
474 668 496 689 et
515 662 812 698 sublimes,qloriosique
824 663 880 697 ejus
897 663 932 689 ad

138 720 206 738 eunt.
222 711 276 738 Nec
300 711 406 743 mirum,
436 710 506 745 quod
531 711 676 737 morientes
702 710 799 738 inferni
828 710 931 746 ignibus

138 757 309 791 deputentur,
336 757 380 791 qui
408 757 529 783 viventes
543 756 678 782 flammam
700 756 853 790 cupiditatis
876 763 931 783 suaa

138 804 247 831 minime
263 803 459 830 exstinxerunt.

173 852 214 877 10.
224 850 272 884 Qui
282 850 416 877 desiderio
431 849 583 884 cupiditatis
596 853 754 881 exaestuant,
765 849 828 875 ilatu
837 848 930 876 diabo-

985 249 1096 276 deslruet
1110 249 1137 285 (I
1152 249 1212 277 Cor.
1227 258 1265 284 vi,
1279 250 1340 285 1:¹0?

1019 293 1047 321 4.
1063 295 1190 323 Proxima
1201 300 1242 323 est
1256 296 1342 323 ventri
1356 296 1449 328 libido,
1463 296 1533 324 sicut
1555 296 1625 332 loco,
1643 298 1679 325 ita
1696 298 1773 327 vitio.
1800 302 1804 308 '

985 339 1035 367 Ubi
1046 340 1118 367 enim
1133 342 1234 368 ventris
1249 348 1323 374 cura,
1339 342 1375 369 ibi
1390 348 1416 369 et
1437 349 1532 370 eorum
1553 351 1613 378 quae
1626 343 1696 371 circa
1711 352 1775 373 ven-
1803 311 1812 364 i

985 391 1052 413 trem
1067 390 1130 414 sunt
1143 388 1274 421 proxima.
1287 388 1315 415 ln
1332 388 1428 416 ordine
1450 396 1565 424 namque
1590 389 1774 419 membrorum
1806 390 1808 398 '
1824 411 1832 420 .

983 431 1109 466 genitalia
1123 433 1210 460 ventri
1221 433 1378 468 iunguntur.
1391 434 1512 470 Dumque
1525 443 1607 463 unum
1621 443 1654 463 ex
1665 436 1707 464 his
1721 436 1774 464 im-
1807 466 1810 468 ,
1824 460 1832 467 .

983 477 1122 505 moderate
1136 478 1266 511 reficitur.
1281 479 1354 506 aliud
1369 479 1402 506 ad
1416 480 1546 507 luxuriam
1561 481 1703 508 excitatur.
1803 467 1806 471 ¹
1824 503 1830 507 .

1020 522 1047 548 5.
1063 521 1122 549 Non
1136 522 1169 549 ad
1182 522 1328 556 luxuriam,
1342 525 1384 551 vel
1407 525 1441 551 ad
1461 526 1623 558 satietatem,
1649 526 1696 554 sed
1715 531 1776 555 tan-
1823 523 1832 559 .‘

983 568 1135 603 tummodo,
1148 573 1177 595 ut
1186 576 1284 603 corpus
1295 575 1472 604 sustentetur,
1482 571 1570 605 epulis
1581 577 1624 599 est
1633 573 1774 602 utendum.
1826 566 1832 574 ⁸

982 612 1060 646 Nam,
1077 619 1105 640 ut
1120 613 1272 649 philosophi
1284 615 1429 649 disserunt,
1440 616 1514 643 cibos
1529 617 1652 646 inventos
1666 625 1727 647 esse
1747 624 1776 648 ut

983 659 1135 686 contineant
1149 661 1264 686 animam
1275 680 1283 692 ,
1298 667 1352 687 non
1367 665 1396 687 nt
1410 667 1595 695 corrumpant.

1019 703 1107 735 ἆραι
1122 704 1233 731 nimium
1256 705 1323 732 cibis
1343 710 1462 739 utuntur,
1480 711 1579 740 quanto
1603 707 1688 742 magis
1711 715 1777 736 ven-

983 753 1049 776 trem
1064 755 1186 784 pascunt‚
1203 750 1284 786 252
1309 756 1384 778 tanto
1403 751 1518 786 amplius
1542 759 1650 780 sensum
1677 754 1776 782 mentis

982 796 1144 824 obtundunt.
1162 797 1227 824 Nain
1249 797 1335 824 Graeci
1359 798 1489 825 dixerunt
1510 806 1543 826 ex
1567 806 1659 826 crasso
1683 805 1777 828 ventre

982 841 1107 869 subtilem
1123 850 1233 869 sensum
1242 843 1313 877 gigni
1326 850 1378 870 non
1391 851 1480 877 posse.
1493 843 1560 871 Nam
1569 844 1637 878 gulae
1649 845 1776 873 saturitas
1823 841 1826 843 ’

137 897 197 925 iicae
217 896 400 931 inspirationis
419 900 542 923 uruntur.
568 895 697 923 Accendit
716 895 786 922 enim
814 899 931 922 mentem
949 894 972 923 B
986 888 1068 915 nimia
1076 888 1162 915 aciem
1171 889 1407 922 mentisobtundit‚
1419 890 1606 925 ingeniumque
1615 897 1776 919 evanescere

137 946 200 974 Evae
215 945 349 979 superbia,
359 948 387 971 ut
403 944 436 971 de
452 944 523 978 ligno
537 943 618 970 vetito
631 942 813 970 manducaret.
829 944 933 969 Accen-

137 993 175 1021 dit
187 992 249 1020 Cain
268 996 385 1018 mentem
402 991 510 1023 invidia,
533 995 560 1017 ut
575 989 685 1016 fratrem
701 988 838 1015 occideret
854 988 932 1023 (Gen.

136 1047 176 1072 ιιι,
191 1039 229 1074 t).
248 1038 379 1065 Accendit
390 1038 563 1065 Salomonem
585 1037 697 1063 luxuriae
713 1035 825 1068 facibus,
844 1040 872 1062 ut
886 1043 933 1069 per

137 1092 253 1112 amorem
279 1084 398 1111 libidinis
432 1083 502 1110 idola
528 1083 662 1109 adoraret.
683 1081 812 1108 Accendit
840 1081 932 1108 Achab

137 1130 288 1165 cupiditate,
303 1134 331 1156 ut
357 1129 530 1156 homicidium
556 1128 679 1154 avaritiae
699 1132 856 1155 annecteret
871 1126 933 1163 (ΙΙΙ

138 1177 200 1211 lleg.
216 1176 283 1210 xxi).
312 1176 358 1203 llis
379 1183 444 1211 ergo
466 1174 687 1208 inspirationibus
714 1172 836 1200 diabolus
851 1173 932 1200 corda

137 1221 273 1249 nominum
287 1221 399 1249 occultis
410 1221 540 1255 depravat
551 1218 753 1253 cupiditatibus.

372 1266 450 1301 251
472 1265 586 1293 CAPUT
608 1264 687 1291 XLll.

474 1312 510 1338 De
524 1312 594 1346 qula.

173 1360 200 1388 ¹.
215 1359 303 1387 Prima
318 1358 545 1392 concupiscentiae
557 1356 691 1391 suggestio
716 1356 793 1390 panis
818 1358 870 1387 est,
887 1353 931 1381 cui

137 1408 157 1435 si
170 1407 281 1434 minime
295 1405 409 1437 ceditur,
425 1405 531 1431 diversa
546 1403 688 1430 edacitatis
702 1401 837 1429 desideria
854 1407 930 1427 com-

137 1455 297 1490 primuntur.
314 1452 390 1480 Unde
401 1457 428 1479 et
443 1450 534 1478 Daniel
550 1459 557 1477 ε
574 1449 683 1482 Panem,
701 1448 796 1482 inquit,
811 1446 931 1473 desiderii

137 1509 184 1528 aon
199 1500 296 1527 comedi
308 1499 388 1534 (Dan.
404 1506 431 1530 x,
447 1498 485 1532 ὅ),
509 1497 560 1523 hoc
585 1500 638 1528 est,
662 1495 719 1529 ejus
733 1493 930 1527 concupiscen-

137 1548 200 1575 tiam
214 1554 265 1574 non
277 1545 393 1579 implevi.

172 1592 198 1618 2.
212 1592 300 1619 Prima
313 1596 355 1618 est
368 1590 478 1617 luxuriae
490 1589 618 1616 materies
626 1588 750 1614 saturitas
762 1585 848 1620 panis.
856 1584 931 1612 Unde
946 1581 968 1612 C

136 1642 161 1665 et
182 1637 311 1672 propheta
339 1637 483 1664 Sodomam
507 1635 541 1662 de
570 1634 645 1668 panis
667 1634 790 1660 satietate
813 1635 929 1664 accusat,

136 1683 226 1710 dicens
243 1691 249 1708 :
266 1682 329 1708 Hoec
345 1682 393 1716 [uic
413 1681 534 1716 iniquitas
552 1680 733 1711 sodomorum,
749 1677 876 1712 superbia,
890 1684 931 1703 sa-

135 1728 225 1755 turitas
242 1728 326 1763 ponis,
342 1731 364 1752 et
380 1725 540 1752 abundantia
556 1723 662 1759 (Ezecli.
685 1731 740 1754 xvr,
754 1722 810 1756 49).
832 1722 930 1748 Panem

134 1774 231 1808 quippe
244 1773 389 1800 Sodomitae
401 1771 575 1798 immoderate
598 1774 734 1796 sumentes
745 1789 753 1801 ‚
770 1769 795 1795 in
819 1768 932 1802 turpitu-

134 1820 223 1846 dinem
239 1818 375 1845 defluxere
391 1817 561 1852 flagitiorum,
578 1820 658 1850 atque
679 1815 741 1841 inde
760 1817 926 1845 meruerunt,

135 1865 280 1892 comitante
301 1862 442 1897 superbia,
463 1862 619 1889 coelestibus
641 1861 718 1887 aduri
741 1859 883 1891 incendiis,
895 1865 927 1885 ex

134 1918 188 1946 quo
204 1911 313 1938 modum
327 1917 378 1937 non
392 1914 534 1936 tenuerunt
545 1908 696 1936 edacitatis.

170 1958 197 1984 5.
211 1956 282 1984 Utile
303 1961 344 1983 est
366 1962 462 1982 cavere
485 1955 573 1989 gulam
603 1954 777 1988 ciborumque
801 1952 928 1986 concupi·

134 2001 275 2030 scentiam.
296 2001 364 2034 Quid
380 2001 452 2027 enim
472 2004 524 2027 tam
541 2000 650 2026 noxium
669 2006 749 2034 quam
773 2003 801 2025 ut
825 1998 929 2024 animus

134 2049 235 2078 serviat
247 2048 336 2076 ventri
346 2052 373 2074 ct
383 2054 463 2079 escae,
477 2054 536 2081 quae
548 2051 610 2074 sunt
630 2045 802 2077 destruenda,
815 2048 930 2072 testante

171 2138 197 2164 9.
224 2138 315 2172 Greg.‚
333 2145 361 2164 m
382 2141 449 2171 part.
471 2140 571 2171 pastor.
598 2136 690 2168 curae,
716 2135 847 2162 admonit.
878 2130 923 2159 ffl-

137 2174 198 2200 lsai.
220 2181 246 2200 v.
264 2173 371 2199 homst.

171 2209 235 2236 Car.
253 2215 316 2234 xcii.
327 2207 358 2233 N.
369 2206 398 2233 Ξ.
410 2206 448 2233 Ex
458 2206 551 2240 Greg.‚
565 2205 611 2233 lib.
623 2206 715 2233 Moral.
729 2213 799 2237 xxx,
809 2212 868 2239 cap.
880 2202 924 2230 ¹5.
941 2194 967 2223 l)

134 2244 305 2312 Logjsssieg„
326 2284 354 2304 ιιι
378 2281 448 2310 part.
472 2280 573 2311 pastor.
596 2275 693 2308 Curae,
719 2274 850 2302 admonit.
879 2273 925 2300 20.

139 2315 248 2343 homst.

174 2351 201 2378 5.
222 2351 276 2377 lieo
292 2355 369 2383 papa,
384 2355 465 2375 serm.
483 2347 499 2374 5
513 2347 546 2373 de
561 2346 672 2381 jejunio.
687 2346 798 2373 ιοιιιςιι.

174 2386 243 2412 ibid.
258 2384 320 2419 Ahi,
336 2388 363 2409 ut
376 2382 520 2418 philosophi
531 2380 658 2414 dixeram,
680 2380 802 2407 cibandus
816 2383 853 2406 eat
868 2386 928 2404 ven-

139 2426 186 2453 ter,
198 2426 225 2447 ut
240 2419 365 2447 contineat
378 2418 501 2449 animam,
517 2425 567 2443 non
589 2421 616 2443 ut
640 2420 795 2448 corrumpat.
823 2414 927 2440 Clarius

138 2457 219 2484 etiam
247 2459 335 2487 esset,
360 2452 432 2480 Nam
451 2451 596 2487 philosophi
617 2452 744 2479 disserunt
769 2450 847 2483 cibos,
873 2453 926 2475 etc.

139 2493 224 2520 Anev.

174 2528 201 2554 6.
217 2525 284 2554 ilinc
298 2525 362 2552 illud
378 2523 486 2551 Catonis
500 2522 609 2557 Maioris
627 2521 695 2556 apud
711 2520 866 2548 Ciceronem
877 2538 885 2550 ‚
899 2517 927 2559 in

141 2559 230 2589 libello
243 2562 276 2588 de
292 2561 437 2589 Senectute
453 2567 459 2585 :
476 2557 588 2585 Tantum
606 2557 656 2584 ciln’
676 2561 702 2584 et
721 2556 830 2590 potionis
849 2553 927 2593 adlit·-

140 2598 258 2630 benditm‚
271 2602 298 2623 ut
309 2595 456 2630 reficiuntur
465 2594 540 2625 vires.
549 2601 602 2620 non
610 2593 800 2628 opprimantur.
813 2589 928 2624 Alioqui,

141 2637 168 2659 ut
183 2638 253 2659 recte
266 2631 407 2658 contii-mat
418 2629 553 2664 Theognis
568 2637 576 2656 ε

245 2678 328 2706 Πολλῶ
341 2681 385 2705 τοῦ
400 2677 522 2706 πλέοντας
535 2676 559 2702 λι
578 2677 607 2702 οῦ
619 2674 710 2702 ὦλισιν
723 2672 778 2704 ion:

245 2712 354 2751 ’Δνδρας
367 2711 424 2740 ὅσοι
440 2713 530 2750 μοίρας
542 2686 626 2738 agei-m·
640 2709 715 2746 ἔχειν
729 2707 822 2736 ἴθιλον.

141 2761 259 2795 Quorum
273 2767 396 2787 versuum
413 2758 472 2786 haec
483 2758 540 2786 iere
553 2757 686 2785 sententia
701 2760 742 2783 est
758 2764 766 2782 ε
781 2755 858 2789 longe
871 2753 930 2788 plu-

142 2803 186 2821 res
193 2796 272 2822 nimia
283 2794 336 2822 cibi
347 2798 476 2829 potusque
487 2792 778 2828 ingurgitationequam
789 2789 860 2818 fame
871 2795 932 2823 per-

142 2830 215 2857 iisse.
236 2830 307 2857 Bene
327 2828 419 2856 itidem
431 2828 632 2862 'theopompum
649 2827 696 2854 lib.
707 2834 725 2854 v
739 2825 854 2860 Philipp.
871 2833 877 2851 ε
897 2824 932 2852 τὸ

141 2864 232 2897 idiote
245 2862 335 2897 πολλοὶ,
350 2865 392 2891 καὶ
405 2864 467 2901 κρέα
479 2866 565 2899 φαγεῖν
579 2863 639 2893 τοὺς
650 2863 696 2899 μὲν
713 2861 850 2899 λογισμοὺς
865 2860 932 2895 {Eat-

985 933 1056 960 iacit.

985 1033 1084 1060 corpus
1100 1031 1191 1052 antem
1206 1026 1277 1060 quod
1291 1025 1450 1053 abstinentia
1467 1027 1574 1060 trangit,
1590 1027 1701 1054 tentatio
1722 1035 1774 1055 non

984 1072 1083 1098 exurit.
1098 1071 1173 1099 Unde
1187 1075 1214 1098 et
1227 1075 1281 1098 tres
1296 1079 1392 1105 pueros
1408 1072 1573 1100 abstinentes
1596 1073 1702 1100 flamma
1726 1073 1776 1101 Ba-

985 1117 1084 1152 bylonii
1099 1117 1223 1150 incendii,
1238 1117 1288 1144 etsi
1303 1119 1399 1152 tetigit,
1416 1125 1468 1145 non
1483 1119 1642 1152 combussit,
1658 1119 1719 1154 quia
1736 1119 1775 1147 ni-

985 1163 1080 1190 mirum
1092 1164 1143 1190 etsi
1157 1163 1352 1190 desideriorum
1374 1164 1523 1191 carnalium
1548 1164 1616 1199 ignis
1639 1165 1775 1193 abstinen-

985 1210 1049 1237 tium
1062 1214 1166 1238 mentes
1180 1211 1336 1243 inflammat,
1353 1219 1439 1247 usque
1454 1211 1487 1239 ad
1501 1219 1663 1239 consensum
1685 1217 1774 1241 tamen

983 1257 1209 1291 concupiscentiae
1223 1258 1265 1285 vel
1280 1259 1368 1292 operis
1381 1266 1436 1286 non
1449 1259 1546 1286 exurit.

1019 1303 1045 1329 8.
1060 1303 1106 1330 Cui
1123 1303 1285 1330 abundantia
1311 1309 1351 1331 est
1376 1304 1528 1338 epularum,
1545 1306 1664 1333 ardentis
1685 1306 1775 1333 divitis

984 1348 1104 1375 intendat
1129 1349 1302 1382 supplicium,
1329 1349 1405 1384 cujus
1430 1355 1503 1377 tanta
1525 1351 1552 1378 in
1577 1351 1683 1379 inferno
1704 1352 1774 1379 inter

983 1394 1058 1428 ignes
1073 1399 1129 1420 erat
1143 1394 1242 1427 inopia,
1255 1399 1354 1427 quanta
1369 1395 1414 1422 liic
1428 1396 1567 1429 epularum
1583 1397 1670 1424 luerat
1684 1398 1771 1431 copia.

983 1438 1011 1464 ln
1027 1438 1077 1464 hoc
1092 1438 1162 1464 enim
1175 1438 1273 1464 saeculo
1284 1438 1386 1465 esurire
1401 1444 1429 1465 et
1449 1440 1523 1466 sitire
1534 1441 1633 1474 noluit,
1650 1446 1774 1476 propter·
1824 1452 1832 1453 i

982 1490 1014 1510 ea
1036 1483 1091 1510 illic
1114 1483 1183 1510 inter
1197 1484 1318 1510 flammas
1333 1484 1438 1517 sitiens,
1455 1486 1555 1512 stillam
1578 1494 1654 1521 aquae
1675 1488 1774 1522 quaesi-

982 1531 1030 1560 vit,
1044 1536 1093 1555 nec
1109 1529 1215 1556 meruit.

1020 1574 1047 1601 9.
1077 1573 1305 1601 Considerandum
1339 1582 1419 1609 quam
1445 1576 1620 1605 veliementer
1647 1583 1772 1613 arguatur

981 1621 1151 1653 comessatio,
1166 1625 1192 1647 et
1205 1625 1359 1655 sumptuosa
1372 1622 1503 1648 convivia.
1515 1622 1581 1649 Nam
1597 1631 1643 1657 per
1659 1624 1774 1658 proplie-

982 1672 1035 1693 tam
1049 1667 1226 1693 comminatur
1239 1667 1366 1694 Dominus
1379 1674 1409 1694 se
1423 1675 1475 1694 non
1492 1668 1560 1695 lianc
1575 1668 1698 1696 relaxare
1718 1670 1772 1696 ini-

981 1713 1108 1747 quitatem
1126 1713 1167 1739 his
1182 1713 1227 1747 qui
1242 1720 1301 1739 eam
1315 1713 1429 1740 libenter
1451 1713 1580 1741 ambiunt.
1610 1714 1679 1741 Dicit
1697 1714 1770 1741 enim

982 1767 1029 1794 per
1043 1759 1140 1786 isaiam
1155 1769 1160 1785 z
1177 1769 1186 1785 ‹
1207 1760 1275 1786 Ecce
1295 1760 1420 1794 gaudium
1433 1763 1460 1786 et
1475 1759 1564 1787 laetitia
1587 1760 1709 1787 occidere
1733 1761 1769 1787 vi-

984 1807 1067 1840 tulos,
1081 1810 1109 1833 et
1120 1805 1242 1840 Jugulare
1257 1806 1366 1839 arietes,
1379 1805 1521 1833 comedere
1534 1813 1628 1833 carnes
1643 1810 1669 1833 et
1680 1806 1772 1833 bibere

984 1853 1085 1879 vinnm.
1101 1852 1128 1879 Si
1143 1852 1292 1878 dimittetur
1305 1852 1430 1886 iniquitas
1442 1851 1498 1878 liaec
1512 1850 1597 1884 vohis,
1613 1851 1699 1879 donec
1715 1859 1772 1879 mo-

982 1899 1087 1926 riamini
1102 1897 1180 1933 (lsai.
1203 1905 1268 1931 xxti,
1283 1898 1329 1930 15,
1346 1896 1402 1930 14).

1019 1944 1063 1971 ¹0.
1082 1943 1262 1972 Sicutomnes
1286 1942 1406 1969 carnales
1427 1942 1586 1977 cupIditates
1611 1941 1771 1970 abstinentia

984 1996 1149 2024 resecantur,
1167 1992 1203 2017 ita
1215 1997 1309 2017 omnes
1321 1990 1417 2017 animae
1428 1991 1539 2018 virtutes
1552 1991 1691 2018 edacitatis
1708 1990 1772 2017 vitio

984 2040 1167 2067 destruuntur.
1182 2037 1246 2064 lnde
1269 2042 1310 2064 est
1333 2038 1403 2072 quod
1426 2041 1454 2065 et
1480 2037 1605 2072 princeps
1625 2045 1770 2072 coquorum

979 2135 1027 2167 ρεῖ,
1041 2131 1082 2156 καὶ
1096 2129 1141 2158 τὰς
1158 2127 1249 2163 ψυχὰς
1259 2131 1373 2154 ποιεῖται
1385 2126 1556 2163 βραδυτέρας.
1569 2125 1662 2158 Multa,
1671 2126 1767 2160 inquit,

980 2165 1052 2192 edere
1070 2169 1092 2190 et
1109 2163 1227 2189 carnibus
1235 2163 1312 2194 vesci,
1329 2162 1438 2188 rationis
1459 2162 1508 2187 vim
1529 2160 1606 2194 tollit,
1619 2161 1768 2195 animosque

980 2200 1060 2234 eflicit
1081 2199 1215 2225 tardiores.
1237 2197 1331 2224 Merito
1356 2197 1445 2231 itaque
1471 2196 1611 2223 laudantur
1629 2196 1768 2230 platonicae
1822 2219 1832 2222 -

981 2235 1033 2261 illae
1047 2241 1131 2261 coenae
1147 2234 1216 2265 apud
1229 2233 1403 2265 Athenaeum,
1421 2232 1466 2258 lib.
1487 2239 1513 2263 x,
1529 2235 1556 2257 et
1579 2231 1648 2264 apud
1667 2231 1769 2265 Cicer„
1822 2234 1832 2253 f

980 2269 1028 2296 lib.
1042 2277 1056 2295 v
1070 2268 1229 2299 Tusculani..
1246 2271 1385 2300 propterea
1406 2266 1478 2299 quod
1493 2272 1545 2291 non
1560 2269 1613 2291 tam
1629 2266 1767 2299 praesenti,
1816 2256 1832 2306 ξ

979 2312 1058 2339 quam
1074 2308 1178 2337 postero
1189 2302 1233 2328 die
1243 2301 1365 2334 jucundae
1378 2305 1477 2327 essent.
1493 2300 1601 2326 homst.

1016 2338 1085 2365 Ibid.
1101 2337 1266 2364 Evanescere.
1284 2334 1437 2366 Hincitlud.
1449 2334 1519 2369 quod
1539 2342 1572 2361 ex
1595 2333 1670 2361 Theo
1707 2342 1768 2369 mpo
1813 2308 1832 2369 ἓ

977 2374 1033 2408 Jam
1048 2372 1136 2400 retuli.
1153 2371 1237 2398 Porro
1252 2371 1325 2397 locus
1345 2370 1388 2396 bic
1402 2376 1462 2396 esse
1485 2368 1590 2396 videtur
1613 2376 1648 2396 ex
1671 2342 1768 2397 ffiero-

979 2415 1071 2441 nymo‚
1087 2406 1198 2440 epistola
1213 2405 1247 2432 ad
1260 2405 1446 2438 Nepotianum.
1459 2404 1492 2431 de
1509 2404 1566 2431 Vita
1593 2403 1767 2437 clericorum;
1795 2425 1806 2431 -

979 2444 1002 2470 is
1017 2442 1088 2469 enim
1100 2442 1152 2468 hoc
1164 2445 1241 2475 pacto
1257 2448 1264 2467 :
1285 2439 1398 2466 Pulchre
1417 2439 1510 2465 dicitur
1531 2440 1601 2472 apud
1616 2438 1730 2473 Graecos,
1743 2443 1768 2468 el

979 2478 1063 2504 nescio
1090 2484 1124 2502 ait
1144 2475 1214 2508 apud
1237 2483 1284 2502 nos
1308 2482 1379 2509 aeque
1400 2479 1499 2501 resonet
1519 2481 1528 2500 .·
1552 2474 1658 2509 Piuqut's
1683 2479 1768 2502 venter

980 2520 1030 2539 non
1045 2511 1126 2546 qiqrn't
1146 2515 1254 2538 mentem
1276 2514 1386 2537 tenuem.
1400 2508 1511 2537 Graecus
1533 2510 1655 2537 senarius
1675 2508 1768 2544 huius-

980 2547 1052 2574 modi
1061 2550 1121 2574 est:

1084 2600 1184 2632 Παχιῖα
1196 2598 1296 2634 γαστὴρ
1310 2596 1400 2624 λεπτὸν
1415 2594 1444 2623 οὖ
1454 2596 1533 2623 τίκτει
1545 2595 1610 2623 νόον.

1555 2646 1661 2673 Luam.

1019 2682 1088 2710 [bid.
1109 2681 1276 2709 Euaneacere.
1289 2682 1344 2715 Ah,
1357 2682 1497 2710 hebescere.
1511 2679 1579 2708 Cod.
1603 2687 1678 2708 meus
1698 2680 1770 2709 lahe-

981 2726 1069 2750 scere,·
1081 2717 1148 2744 sorte
1157 2717 1252 2744 labare.
1266 2718 1352 2745 Amw.

1020 2753 1047 2780 7.
1062 2752 1154 2787 Greg„
1167 2753 1212 2779 lib.
1225 2752 1317 2780 Moral.
1331 2760 1395 2783 xxx.
1409 2759 1434 2779 c.
1449 2751 1493 2779 ¹5.
1509 2751 1615 2779 Loium.

1017 2787 1044 2814 8.
1065 2787 1157 2823 Greg„
1172 2787 1265 2815 homil.
1278 2787 1315 2814 :to
1333 2787 1360 2815 in
1375 2787 1477 2822 Evang.
1491 2787 1600 2814 honst-
1764 2785 1775 2791 ‘

982 2858 1004 2893 b
1018 2824 1061 2851 ¹0.
1077 2822 1117 2850 Ex
1131 2822 1230 2863 (ἔνεμε
1250 2822 1298 2856 tib.
1317 2829 1347 2859 ll!
1362 2826 1431 2857 past,
1451 2822 1528 2851 Gurae
1539 2840 1548 2857 ,
1571 2820 1700 2856 admonit.
1718 2818 1768 2859 Q,

1005 2864 1090 2886 οΑιιΑ.
1372 2889 1374 2894 ¹
1698 2892 1701 2893 ⁷
1756 2882 1766 2896 Δ
