<?xml version="1.0" encoding="UTF-8"?>
<!DOCTYPE html PUBLIC "-//W3C//DTD XHTML 1.0 Transitional//EN"
    "http://www.w3.org/TR/xhtml1/DTD/xhtml1-transitional.dtd">
<html xmlns="http://www.w3.org/1999/xhtml" xml:lang="en" lang="en">
 <head>
  <title>
</title>
<meta http-equiv="Content-Type" content="text/html;charset=utf-8" />
  <meta name='ocr-system' content='tesseract 3.04.00' />
  <meta name='ocr-capabilities' content='ocr_page ocr_carea ocr_par ocr_line ocrx_word'/>
</head>
<body>
  <div class='ocr_page' id='page_1' title='image "./patrologiae83unknuoft_0272.png"; bbox 0 0 1832 3016; ppageno 0'>
   <div class='ocr_carea' id='block_1_1' title="bbox 114 142 164 172">
    <p class='ocr_par' dir='ltr' id='par_1_1' title="bbox 114 142 164 172">
     <span class='ocr_line' id='line_1_1' title="bbox 114 142 164 172; baseline -0.04 0"><span class='ocrx_word' id='word_1_1' title='bbox 114 142 164 172; x_wconf 68' lang='lat' dir='ltr'>SM</span> 
     </span>
    </p>
   </div>
   <div class='ocr_carea' id='block_1_2' title="bbox 95 199 948 2839">
    <p class='ocr_par' dir='ltr' id='par_1_2' title="bbox 110 199 940 792">
     <span class='ocr_line' id='line_1_2' title="bbox 149 199 940 234; baseline -0.005 -2"><span class='ocrx_word' id='word_1_2' title='bbox 149 204 177 232; x_wconf 76' lang='lat'>5.</span> <span class='ocrx_word' id='word_1_3' title='bbox 197 202 236 231; x_wconf 87' lang='lat' dir='ltr'>De</span> <span class='ocrx_word' id='word_1_4' title='bbox 249 202 299 230; x_wconf 84' lang='lat' dir='ltr'>boc</span> <span class='ocrx_word' id='word_1_5' title='bbox 314 202 388 233; x_wconf 71' lang='grc' dir='ltr'><strong>[ουιο</strong></span> <span class='ocrx_word' id='word_1_6' title='bbox 401 203 430 229; x_wconf 77' lang='lat' dir='ltr'>et</span> <span class='ocrx_word' id='word_1_7' title='bbox 443 199 597 232; x_wconf 70' lang='lat' dir='ltr'>zacharias.</span> <span class='ocrx_word' id='word_1_8' title='bbox 619 201 651 228; x_wconf 80' lang='lat' dir='ltr'>iu</span> <span class='ocrx_word' id='word_1_9' title='bbox 666 202 718 229; x_wconf 79' lang='lat' dir='ltr'>aie.</span> <span class='ocrx_word' id='word_1_10' title='bbox 735 201 829 234; x_wconf 79' lang='lat' dir='ltr'>inquit.</span> <span class='ocrx_word' id='word_1_11' title='bbox 855 201 902 228; x_wconf 74' lang='lat' dir='ltr'>itta</span> <span class='ocrx_word' id='word_1_12' title='bbox 915 204 940 233; x_wconf 72' lang='grc' dir='ltr'><strong>Α</strong></span> 
     </span>
     <span class='ocr_line' id='line_1_3' title="bbox 112 245 903 284; baseline 0.004 -13"><span class='ocrx_word' id='word_1_13' title='bbox 112 249 161 277; x_wconf 77' lang='lat' dir='ltr'>en&#39;t</span> <span class='ocrx_word' id='word_1_14' title='bbox 174 250 235 284; x_wconf 59' lang='grc' dir='ltr'>[οη.</span> <span class='ocrx_word' id='word_1_15' title='bbox 244 252 330 283; x_wconf 70' lang='lat' dir='ltr'>patens</span> <span class='ocrx_word' id='word_1_16' title='bbox 345 246 433 274; x_wconf 78' lang='lat' dir='ltr'>domui</span> <span class='ocrx_word' id='word_1_17' title='bbox 446 245 541 278; x_wconf 70' lang='lat' dir='ltr'>David.</span> <span class='ocrx_word' id='word_1_18' title='bbox 561 250 585 274; x_wconf 79' lang='lat' dir='ltr'>et</span> <span class='ocrx_word' id='word_1_19' title='bbox 603 246 774 274; x_wconf 71' lang='lat' dir='ltr'>habitantibus</span> <span class='ocrx_word' id='word_1_20' title='bbox 796 246 903 274; x_wconf 74' lang='lat' dir='ltr'>Jerusa—</span> 
     </span>
     <span class='ocr_line' id='line_1_4' title="bbox 112 292 901 328; baseline -0.004 -6"><span class='ocrx_word' id='word_1_21' title='bbox 112 294 163 322; x_wconf 77' lang='lat' dir='ltr'>lem</span> <span class='ocrx_word' id='word_1_22' title='bbox 177 294 203 320; x_wconf 83' lang='lat' dir='ltr'>in</span> <span class='ocrx_word' id='word_1_23' title='bbox 218 292 372 328; x_wconf 66' lang='lat' dir='ltr'>ablutionem</span> <span class='ocrx_word' id='word_1_24' title='bbox 392 296 563 326; x_wconf 67' lang='lat' dir='ltr'>peecatorum,</span> <span class='ocrx_word' id='word_1_25' title='bbox 585 297 609 319; x_wconf 84' lang='lat' dir='ltr'>et</span> <span class='ocrx_word' id='word_1_26' title='bbox 626 297 788 319; x_wconf 71' lang='lat' dir='ltr'>menstruam</span> <span class='ocrx_word' id='word_1_27' title='bbox 808 292 901 328; x_wconf 79' lang='grc' dir='ltr'>(Ζαι-Ιι.</span> 
     </span>
     <span class='ocr_line' id='line_1_5' title="bbox 113 336 902 372; baseline 0.001 -7"><span class='ocrx_word' id='word_1_28' title='bbox 113 346 173 371; x_wconf 81' lang='lat' dir='ltr'>xm,</span> <span class='ocrx_word' id='word_1_29' title='bbox 190 336 228 372; x_wconf 85' lang='lat' dir='ltr'>i).</span> <span class='ocrx_word' id='word_1_30' title='bbox 245 336 300 370; x_wconf 89' lang='lat' dir='ltr'>Dic,</span> <span class='ocrx_word' id='word_1_31' title='bbox 315 345 418 371; x_wconf 70' lang='lat' dir='ltr'>quwso,</span> <span class='ocrx_word' id='word_1_32' title='bbox 431 337 490 372; x_wconf 77' lang='lat' dir='ltr'>quis</span> <span class='ocrx_word' id='word_1_33' title='bbox 504 342 546 364; x_wconf 84' lang='lat' dir='ltr'>est</span> <span class='ocrx_word' id='word_1_34' title='bbox 560 337 611 365; x_wconf 89' lang='lat' dir='ltr'>iste</span> <span class='ocrx_word' id='word_1_35' title='bbox 624 337 684 364; x_wconf 78' lang='lat' dir='ltr'>sons</span> <span class='ocrx_word' id='word_1_36' title='bbox 696 342 799 372; x_wconf 78' lang='lat' dir='ltr'>patens,</span> <span class='ocrx_word' id='word_1_37' title='bbox 812 338 861 365; x_wconf 91' lang='lat' dir='ltr'>nisi</span> <span class='ocrx_word' id='word_1_38' title='bbox 876 339 902 366; x_wconf 93' lang='lat' dir='ltr'>in</span> 
     </span>
     <span class='ocr_line' id='line_1_6' title="bbox 112 385 902 421; baseline 0.001 -9"><span class='ocrx_word' id='word_1_39' title='bbox 112 392 165 420; x_wconf 86' lang='lat' dir='ltr'>quo</span> <span class='ocrx_word' id='word_1_40' title='bbox 175 392 268 412; x_wconf 86' lang='lat' dir='ltr'>omnes</span> <span class='ocrx_word' id='word_1_41' title='bbox 279 385 457 419; x_wconf 84' lang='lat' dir='ltr'>renascimur,</span> <span class='ocrx_word' id='word_1_42' title='bbox 474 392 522 419; x_wconf 87' lang='lat' dir='ltr'>per</span> <span class='ocrx_word' id='word_1_43' title='bbox 532 392 610 419; x_wconf 87' lang='lat' dir='ltr'>quem</span> <span class='ocrx_word' id='word_1_44' title='bbox 625 391 795 420; x_wconf 87' lang='lat' dir='ltr'>peccatorum</span> <span class='ocrx_word' id='word_1_45' title='bbox 810 387 902 421; x_wconf 84' lang='lat' dir='ltr'>puriti-</span> 
     </span>
     <span class='ocr_line' id='line_1_7' title="bbox 111 431 903 468; baseline 0 -9"><span class='ocrx_word' id='word_1_46' title='bbox 111 435 206 459; x_wconf 86' lang='lat' dir='ltr'>cantur</span> <span class='ocrx_word' id='word_1_47' title='bbox 226 431 334 464; x_wconf 86' lang='lat' dir='ltr'>delicta,</span> <span class='ocrx_word' id='word_1_48' title='bbox 356 436 383 459; x_wconf 92' lang='lat' dir='ltr'>et</span> <span class='ocrx_word' id='word_1_49' title='bbox 401 432 495 459; x_wconf 75' lang='lat' dir='ltr'>sordes</span> <span class='ocrx_word' id='word_1_50' title='bbox 508 437 690 467; x_wconf 71' lang='lat' dir='ltr'>menstruatae,</span> <span class='ocrx_word' id='word_1_51' title='bbox 712 434 762 462; x_wconf 84' lang='lat' dir='ltr'>hoc</span> <span class='ocrx_word' id='word_1_52' title='bbox 786 439 837 468; x_wconf 83' lang='lat' dir='ltr'>est,</span> <span class='ocrx_word' id='word_1_53' title='bbox 854 433 903 460; x_wconf 84' lang='lat' dir='ltr'>im-</span> 
     </span>
     <span class='ocr_line' id='line_1_8' title="bbox 112 477 904 515; baseline 0.003 -10"><span class='ocrx_word' id='word_1_54' title='bbox 112 479 218 505; x_wconf 82' lang='lat' dir='ltr'>mundae</span> <span class='ocrx_word' id='word_1_55' title='bbox 233 477 329 505; x_wconf 79' lang='lat' dir='ltr'>animae</span> <span class='ocrx_word' id='word_1_56' title='bbox 342 478 452 505; x_wconf 88' lang='lat' dir='ltr'>salutari</span> <span class='ocrx_word' id='word_1_57' title='bbox 466 478 573 506; x_wconf 89' lang='lat' dir='ltr'>lavacro</span> <span class='ocrx_word' id='word_1_58' title='bbox 588 479 749 507; x_wconf 69' lang='lat' dir='ltr'>abluuntur?</span> <span class='ocrx_word' id='word_1_59' title='bbox 773 480 811 508; x_wconf 90' lang='lat' dir='ltr'>De</span> <span class='ocrx_word' id='word_1_60' title='bbox 827 481 904 515; x_wconf 83' lang='lat' dir='ltr'>cujus</span> 
     </span>
     <span class='ocr_line' id='line_1_9' title="bbox 111 523 900 562; baseline 0.004 -12"><span class='ocrx_word' id='word_1_61' title='bbox 111 524 186 558; x_wconf 80' lang='lat' dir='ltr'>aquis</span> <span class='ocrx_word' id='word_1_62' title='bbox 200 528 227 550; x_wconf 88' lang='lat' dir='ltr'>et</span> <span class='ocrx_word' id='word_1_63' title='bbox 239 523 302 550; x_wconf 86' lang='lat' dir='ltr'>alibi</span> <span class='ocrx_word' id='word_1_64' title='bbox 312 523 381 550; x_wconf 90' lang='lat' dir='ltr'>idem</span> <span class='ocrx_word' id='word_1_65' title='bbox 392 524 520 558; x_wconf 80' lang='lat' dir='ltr'>propheta</span> <span class='ocrx_word' id='word_1_66' title='bbox 533 528 658 553; x_wconf 81' lang='lat' dir='ltr'>testatur:</span> <span class='ocrx_word' id='word_1_67' title='bbox 670 527 748 562; x_wconf 67' lang='lat' dir='ltr'>10ss</span> <span class='ocrx_word' id='word_1_68' title='bbox 764 536 772 551; x_wconf 80' lang='grc' dir='ltr'>ι</span> <span class='ocrx_word' id='word_1_69' title='bbox 781 527 812 553; x_wconf 80' lang='lat' dir='ltr'>Et</span> <span class='ocrx_word' id='word_1_70' title='bbox 822 526 900 559; x_wconf 77' lang='lat' dir='ltr'>erit‚›</span> 
     </span>
     <span class='ocr_line' id='line_1_10' title="bbox 111 569 902 606; baseline 0.006 -11"><span class='ocrx_word' id='word_1_71' title='bbox 111 569 224 603; x_wconf 79' lang='lat' dir='ltr'>inqttit,»</span> <span class='ocrx_word' id='word_1_72' title='bbox 241 569 267 595; x_wconf 93' lang='lat' dir='ltr'>in</span> <span class='ocrx_word' id='word_1_73' title='bbox 283 569 325 596; x_wconf 87' lang='lat' dir='ltr'>die</span> <span class='ocrx_word' id='word_1_74' title='bbox 336 569 391 601; x_wconf 91' lang='lat' dir='ltr'>illa,</span> <span class='ocrx_word' id='word_1_75' title='bbox 405 570 516 598; x_wconf 79' lang='lat' dir='ltr'>exibunt</span> <span class='ocrx_word' id='word_1_76' title='bbox 531 579 606 606; x_wconf 72' lang='lat' dir='ltr'>aqum</span> <span class='ocrx_word' id='word_1_77' title='bbox 620 573 688 600; x_wconf 66' lang='lat' dir='ltr'>vivae</span> <span class='ocrx_word' id='word_1_78' title='bbox 699 573 731 600; x_wconf 86' lang='lat' dir='ltr'>de</span> <span class='ocrx_word' id='word_1_79' title='bbox 744 573 902 606; x_wconf 80' lang='lat' dir='ltr'><strong>Jerusalem,</strong></span> 
     </span>
     <span class='ocr_line' id='line_1_11' title="bbox 113 615 902 652; baseline 0.01 -11"><span class='ocrx_word' id='word_1_80' title='bbox 113 615 228 643; x_wconf 84' lang='lat' dir='ltr'>medium</span> <span class='ocrx_word' id='word_1_81' title='bbox 244 623 335 643; x_wconf 83' lang='lat' dir='ltr'>earum</span> <span class='ocrx_word' id='word_1_82' title='bbox 352 616 385 643; x_wconf 87' lang='lat' dir='ltr'>ad</span> <span class='ocrx_word' id='word_1_83' title='bbox 399 624 473 645; x_wconf 84' lang='lat' dir='ltr'>mare</span> <span class='ocrx_word' id='word_1_84' title='bbox 484 619 623 652; x_wconf 76' lang='lat' dir='ltr'><strong>orientale,</strong></span> <span class='ocrx_word' id='word_1_85' title='bbox 638 625 664 647; x_wconf 91' lang='lat' dir='ltr'>et</span> <span class='ocrx_word' id='word_1_86' title='bbox 679 620 796 648; x_wconf 89' lang='lat' dir='ltr'>medium</span> <span class='ocrx_word' id='word_1_87' title='bbox 810 629 902 649; x_wconf 89' lang='lat' dir='ltr'>earum</span> 
     </span>
     <span class='ocr_line' id='line_1_12' title="bbox 111 662 901 701; baseline 0.009 -14"><span class='ocrx_word' id='word_1_88' title='bbox 111 662 143 687; x_wconf 83' lang='lat' dir='ltr'>nd</span> <span class='ocrx_word' id='word_1_89' title='bbox 159 669 232 689; x_wconf 91' lang='lat' dir='ltr'>mare</span> <span class='ocrx_word' id='word_1_90' title='bbox 246 662 431 690; x_wconf 83' lang='lat' dir='ltr'>novissimum.</span> <span class='ocrx_word' id='word_1_91' title='bbox 455 664 484 691; x_wconf 93' lang='lat' dir='ltr'>ln</span> <span class='ocrx_word' id='word_1_92' title='bbox 499 665 543 692; x_wconf 85' lang='lat' dir='ltr'>die</span> <span class='ocrx_word' id='word_1_93' title='bbox 557 665 601 693; x_wconf 87' lang='lat' dir='ltr'>illa</span> <span class='ocrx_word' id='word_1_94' title='bbox 615 666 667 693; x_wconf 91' lang='lat' dir='ltr'>erit</span> <span class='ocrx_word' id='word_1_95' title='bbox 681 667 808 694; x_wconf 86' lang='lat' dir='ltr'>Dominus</span> <span class='ocrx_word' id='word_1_96' title='bbox 822 675 901 701; x_wconf 85' lang='lat' dir='ltr'>uuus,</span> 
     </span>
     <span class='ocr_line' id='line_1_13' title="bbox 110 708 905 749; baseline 0.013 -17"><span class='ocrx_word' id='word_1_97' title='bbox 110 711 136 733; x_wconf 71' lang='lat' dir='ltr'>ot</span> <span class='ocrx_word' id='word_1_98' title='bbox 148 715 244 735; x_wconf 84' lang='lat' dir='ltr'>nomen</span> <span class='ocrx_word' id='word_1_99' title='bbox 255 708 312 742; x_wconf 78' lang='lat' dir='ltr'>eius</span> <span class='ocrx_word' id='word_1_100' title='bbox 323 717 415 742; x_wconf 88' lang='lat' dir='ltr'>unum,</span> <span class='ocrx_word' id='word_1_101' title='bbox 433 714 460 737; x_wconf 78' lang='lat' dir='ltr'>et</span> <span class='ocrx_word' id='word_1_102' title='bbox 472 715 620 738; x_wconf 87' lang='lat' dir='ltr'>revertetur</span> <span class='ocrx_word' id='word_1_103' title='bbox 633 713 720 739; x_wconf 89' lang='lat' dir='ltr'>omnis</span> <span class='ocrx_word' id='word_1_104' title='bbox 734 717 806 741; x_wconf 84' lang='lat' dir='ltr'>terra</span> <span class='ocrx_word' id='word_1_105' title='bbox 820 720 905 749; x_wconf 86' lang='lat' dir='ltr'>usque</span> 
     </span>
     <span class='ocr_line' id='line_1_14' title="bbox 110 753 544 792; baseline 0.007 -13"><span class='ocrx_word' id='word_1_106' title='bbox 110 753 142 780; x_wconf 93' lang='lat' dir='ltr'>ad</span> <span class='ocrx_word' id='word_1_107' title='bbox 161 754 294 781; x_wconf 73' lang='lat' dir='ltr'>desertum</span> <span class='ocrx_word' id='word_1_108' title='bbox 311 754 403 789; x_wconf 82' lang='lat' dir='ltr'>(Zach.</span> <span class='ocrx_word' id='word_1_109' title='bbox 420 764 472 790; x_wconf 86' lang='lat' dir='ltr'>xtv,</span> <span class='ocrx_word' id='word_1_110' title='bbox 489 757 544 792; x_wconf 79' lang='lat'><strong>8).»</strong></span> 
     </span>
    </p>

    <p class='ocr_par' dir='ltr' id='par_1_3' title="bbox 111 799 905 1296">
     <span class='ocr_line' id='line_1_15' title="bbox 146 799 902 841; baseline 0.012 -16"><span class='ocrx_word' id='word_1_111' title='bbox 146 799 172 825; x_wconf 73' lang='grc'>4.</span> <span class='ocrx_word' id='word_1_112' title='bbox 194 800 257 833; x_wconf 83' lang='lat' dir='ltr'>Quae</span> <span class='ocrx_word' id='word_1_113' title='bbox 270 806 331 828; x_wconf 82' lang='lat' dir='ltr'>sunt</span> <span class='ocrx_word' id='word_1_114' title='bbox 347 802 425 837; x_wconf 83' lang='lat' dir='ltr'>igitur</span> <span class='ocrx_word' id='word_1_115' title='bbox 441 803 498 830; x_wconf 71' lang='lat' dir='ltr'>istae</span> <span class='ocrx_word' id='word_1_116' title='bbox 513 810 589 838; x_wconf 78' lang='lat' dir='ltr'>aquae</span> <span class='ocrx_word' id='word_1_117' title='bbox 600 805 677 839; x_wconf 77' lang='lat' dir='ltr'>vivae,</span> <span class='ocrx_word' id='word_1_118' title='bbox 690 805 742 833; x_wconf 77' lang='lat' dir='ltr'>nisi</span> <span class='ocrx_word' id='word_1_119' title='bbox 761 806 902 841; x_wconf 86' lang='lat' dir='ltr'>baptisma,</span> 
     </span>
     <span class='ocr_line' id='line_1_16' title="bbox 111 845 903 883; baseline 0.013 -13"><span class='ocrx_word' id='word_1_120' title='bbox 111 845 181 879; x_wconf 85' lang='lat' dir='ltr'>quod</span> <span class='ocrx_word' id='word_1_121' title='bbox 194 846 328 874; x_wconf 89' lang='lat' dir='ltr'>hominem</span> <span class='ocrx_word' id='word_1_122' title='bbox 344 849 429 875; x_wconf 83' lang='lat' dir='ltr'>saneti</span> <span class='ocrx_word' id='word_1_123' title='bbox 440 848 555 883; x_wconf 87' lang='lat' dir='ltr'>Spiritus</span> <span class='ocrx_word' id='word_1_124' title='bbox 566 849 699 878; x_wconf 74' lang='lat' dir='ltr'><strong>infusione</strong></span> <span class='ocrx_word' id='word_1_125' title='bbox 707 852 839 880; x_wconf 82' lang='lat' dir='ltr'>viviticat?</span> <span class='ocrx_word' id='word_1_126' title='bbox 851 853 903 880; x_wconf 88' lang='lat' dir='ltr'>Sed</span> 
     </span>
     <span class='ocr_line' id='line_1_17' title="bbox 111 887 904 933; baseline 0.01 -15"><span class='ocrx_word' id='word_1_127' title='bbox 111 898 159 918; x_wconf 88' lang='lat' dir='ltr'>cur</span> <span class='ocrx_word' id='word_1_128' title='bbox 172 887 364 921; x_wconf 66' lang='lat' dir='ltr'>de&#39;Jerusalem</span> <span class='ocrx_word' id='word_1_129' title='bbox 376 895 449 922; x_wconf 82' lang='lat' dir='ltr'>exire</span> <span class='ocrx_word' id='word_1_130' title='bbox 462 896 662 929; x_wconf 74' lang='lat' dir='ltr'>annuntiantur,</span> <span class='ocrx_word' id='word_1_131' title='bbox 679 897 729 924; x_wconf 87' lang='lat' dir='ltr'>nisi</span> <span class='ocrx_word' id='word_1_132' title='bbox 739 899 799 933; x_wconf 87' lang='lat' dir='ltr'>qula</span> <span class='ocrx_word' id='word_1_133' title='bbox 813 899 904 926; x_wconf 92' lang='lat' dir='ltr'>Domi-</span> 
     </span>
     <span class='ocr_line' id='line_1_18' title="bbox 111 937 903 978; baseline 0.011 -15"><span class='ocrx_word' id='word_1_134' title='bbox 111 944 160 964; x_wconf 86' lang='lat' dir='ltr'>nus</span> <span class='ocrx_word' id='word_1_135' title='bbox 175 937 202 964; x_wconf 88' lang='lat' dir='ltr'>in</span> <span class='ocrx_word' id='word_1_136' title='bbox 218 938 316 972; x_wconf 92' lang='lat' dir='ltr'>populo</span> <span class='ocrx_word' id='word_1_137' title='bbox 330 940 425 967; x_wconf 85' lang='lat' dir='ltr'>eodem</span> <span class='ocrx_word' id='word_1_138' title='bbox 442 941 602 976; x_wconf 78' lang='lat' dir='ltr'>consistens,</span> <span class='ocrx_word' id='word_1_139' title='bbox 623 943 660 970; x_wconf 86' lang='lat' dir='ltr'>ait</span> <span class='ocrx_word' id='word_1_140' title='bbox 679 943 836 977; x_wconf 76' lang='lat' dir='ltr'>discipulis:</span> <span class='ocrx_word' id='word_1_141' title='bbox 853 944 903 978; x_wconf 82' lang='lat' dir='ltr'>Ile,</span> 
     </span>
     <span class='ocr_line' id='line_1_19' title="bbox 111 984 904 1025; baseline 0.009 -15"><span class='ocrx_word' id='word_1_142' title='bbox 111 984 196 1012; x_wconf 77' lang='lat' dir='ltr'>docete</span> <span class='ocrx_word' id='word_1_143' title='bbox 209 993 294 1014; x_wconf 78' lang='lat' dir='ltr'>omnes</span> <span class='ocrx_word' id='word_1_144' title='bbox 307 991 402 1021; x_wconf 66' lang='lat' dir='ltr'>aemes,</span> <span class='ocrx_word' id='word_1_145' title='bbox 418 988 574 1022; x_wconf 75' lang='lat' dir='ltr'>baptizantes</span> <span class='ocrx_word' id='word_1_146' title='bbox 587 997 628 1016; x_wconf 79' lang='lat' dir='ltr'>eos</span> <span class='ocrx_word' id='word_1_147' title='bbox 642 990 668 1016; x_wconf 80' lang='lat' dir='ltr'>in</span> <span class='ocrx_word' id='word_1_148' title='bbox 684 991 785 1016; x_wconf 82' lang='lat' dir='ltr'>nomine</span> <span class='ocrx_word' id='word_1_149' title='bbox 807 990 904 1025; x_wconf 84' lang='lat' dir='ltr'>Patris,</span> 
     </span>
     <span class='ocr_line' id='line_1_20' title="bbox 111 1029 904 1071; baseline 0.01 -16"><span class='ocrx_word' id='word_1_150' title='bbox 111 1033 135 1055; x_wconf 87' lang='lat' dir='ltr'>et</span> <span class='ocrx_word' id='word_1_151' title='bbox 149 1029 224 1063; x_wconf 81' lang='lat' dir='ltr'>Filii,</span> <span class='ocrx_word' id='word_1_152' title='bbox 239 1035 262 1057; x_wconf 86' lang='lat' dir='ltr'>et</span> <span class='ocrx_word' id='word_1_153' title='bbox 278 1031 392 1066; x_wconf 79' lang='lat' dir='ltr'>Spiritus</span> <span class='ocrx_word' id='word_1_154' title='bbox 411 1034 491 1061; x_wconf 78' lang='lat' dir='ltr'>sancti</span> <span class='ocrx_word' id='word_1_155' title='bbox 506 1034 614 1068; x_wconf 70' lang='lat' dir='ltr'>(Macra.</span> <span class='ocrx_word' id='word_1_156' title='bbox 640 1043 733 1069; x_wconf 72' lang='lat' dir='ltr'>xxviii,</span> <span class='ocrx_word' id='word_1_157' title='bbox 760 1035 827 1071; x_wconf 75' lang='lat' dir='ltr'>19)t</span> <span class='ocrx_word' id='word_1_158' title='bbox 851 1036 904 1064; x_wconf 89' lang='lat' dir='ltr'>Sed</span> 
     </span>
     <span class='ocr_line' id='line_1_21' title="bbox 111 1077 903 1114; baseline 0.01 -13"><span class='ocrx_word' id='word_1_159' title='bbox 111 1081 203 1102; x_wconf 87' lang='lat' dir='ltr'>earum</span> <span class='ocrx_word' id='word_1_160' title='bbox 220 1083 281 1109; x_wconf 87' lang='lat' dir='ltr'>pars</span> <span class='ocrx_word' id='word_1_161' title='bbox 295 1077 382 1104; x_wconf 87' lang='lat' dir='ltr'>media</span> <span class='ocrx_word' id='word_1_162' title='bbox 397 1079 468 1105; x_wconf 84' lang='lat' dir='ltr'>vadit</span> <span class='ocrx_word' id='word_1_163' title='bbox 481 1080 514 1107; x_wconf 85' lang='lat' dir='ltr'>ad</span> <span class='ocrx_word' id='word_1_164' title='bbox 527 1087 600 1107; x_wconf 87' lang='lat' dir='ltr'>mare</span> <span class='ocrx_word' id='word_1_165' title='bbox 610 1081 751 1114; x_wconf 88' lang='lat' dir='ltr'>orientale,</span> <span class='ocrx_word' id='word_1_166' title='bbox 767 1081 794 1108; x_wconf 90' lang='lat' dir='ltr'>id</span> <span class='ocrx_word' id='word_1_167' title='bbox 807 1086 859 1113; x_wconf 81' lang='lat' dir='ltr'>est,</span> <span class='ocrx_word' id='word_1_168' title='bbox 872 1082 903 1110; x_wconf 79' lang='lat' dir='ltr'>ad</span> 
     </span>
     <span class='ocr_line' id='line_1_22' title="bbox 111 1121 905 1158; baseline 0.01 -11"><span class='ocrx_word' id='word_1_169' title='bbox 111 1121 238 1155; x_wconf 88' lang='lat' dir='ltr'>populum</span> <span class='ocrx_word' id='word_1_170' title='bbox 259 1122 489 1158; x_wconf 79' lang='lat' dir='ltr'>circumcisionis3</span> <span class='ocrx_word' id='word_1_171' title='bbox 509 1130 536 1152; x_wconf 89' lang='lat' dir='ltr'>et</span> <span class='ocrx_word' id='word_1_172' title='bbox 558 1126 643 1153; x_wconf 85' lang='lat' dir='ltr'>media</span> <span class='ocrx_word' id='word_1_173' title='bbox 657 1127 690 1154; x_wconf 82' lang='lat' dir='ltr'>ad</span> <span class='ocrx_word' id='word_1_174' title='bbox 703 1135 777 1154; x_wconf 83' lang='lat' dir='ltr'>mare</span> <span class='ocrx_word' id='word_1_175' title='bbox 791 1128 905 1155; x_wconf 81' lang='lat' dir='ltr'>novissi-</span> 
     </span>
     <span class='ocr_line' id='line_1_23' title="bbox 112 1168 904 1209; baseline 0.01 -15"><span class='ocrx_word' id='word_1_176' title='bbox 112 1175 196 1200; x_wconf 87' lang='lat' dir='ltr'>mum,</span> <span class='ocrx_word' id='word_1_177' title='bbox 209 1168 279 1202; x_wconf 87' lang='lat' dir='ltr'>quod</span> <span class='ocrx_word' id='word_1_178' title='bbox 291 1175 331 1196; x_wconf 90' lang='lat' dir='ltr'>est</span> <span class='ocrx_word' id='word_1_179' title='bbox 341 1170 374 1197; x_wconf 83' lang='lat' dir='ltr'>ad</span> <span class='ocrx_word' id='word_1_180' title='bbox 386 1172 510 1204; x_wconf 88' lang='lat' dir='ltr'>populum</span> <span class='ocrx_word' id='word_1_181' title='bbox 523 1173 651 1207; x_wconf 79' lang='lat' dir='ltr'>gentium,</span> <span class='ocrx_word' id='word_1_182' title='bbox 664 1174 716 1201; x_wconf 83' lang='lat' dir='ltr'>ilde</span> <span class='ocrx_word' id='word_1_183' title='bbox 728 1179 904 1209; x_wconf 81' lang='lat' dir='ltr'>postremum,</span> 
     </span>
     <span class='ocr_line' id='line_1_24' title="bbox 112 1213 905 1256; baseline 0.014 -18"><span class='ocrx_word' id='word_1_184' title='bbox 112 1216 142 1239; x_wconf 87' lang='lat' dir='ltr'>ut</span> <span class='ocrx_word' id='word_1_185' title='bbox 163 1213 286 1241; x_wconf 88' lang='lat' dir='ltr'>omuibus</span> <span class='ocrx_word' id='word_1_186' title='bbox 299 1215 451 1243; x_wconf 86' lang='lat' dir='ltr'>sitiemibus</span> <span class='ocrx_word' id='word_1_187' title='bbox 468 1217 596 1252; x_wconf 83' lang='lat' dir='ltr'>largiatur</span> <span class='ocrx_word' id='word_1_188' title='bbox 617 1223 671 1246; x_wconf 86' lang='lat' dir='ltr'>tam</span> <span class='ocrx_word' id='word_1_189' title='bbox 693 1220 803 1253; x_wconf 73' lang='lat' dir='ltr'>iudaeis,</span> <span class='ocrx_word' id='word_1_190' title='bbox 826 1229 905 1256; x_wconf 81' lang='lat' dir='ltr'>quam</span> 
     </span>
     <span class='ocr_line' id='line_1_25' title="bbox 112 1258 604 1296; baseline 0.018 -13"><span class='ocrx_word' id='word_1_191' title='bbox 112 1258 246 1291; x_wconf 83' lang='lat' dir='ltr'>gentibus,</span> <span class='ocrx_word' id='word_1_192' title='bbox 260 1260 307 1296; x_wconf 83' lang='lat' dir='ltr'>qui</span> <span class='ocrx_word' id='word_1_193' title='bbox 322 1260 346 1287; x_wconf 88' lang='lat' dir='ltr'>in</span> <span class='ocrx_word' id='word_1_194' title='bbox 360 1261 473 1289; x_wconf 90' lang='lat' dir='ltr'>Domino</span> <span class='ocrx_word' id='word_1_195' title='bbox 483 1263 604 1292; x_wconf 83' lang='lat' dir='ltr'>eredunt.</span> 
     </span>
    </p>

    <p class='ocr_par' dir='ltr' id='par_1_4' title="bbox 112 1304 943 1894">
     <span class='ocr_line' id='line_1_26' title="bbox 147 1304 904 1346; baseline 0.012 -15"><span class='ocrx_word' id='word_1_196' title='bbox 147 1304 174 1332; x_wconf 81' lang='lat'>5.</span> <span class='ocrx_word' id='word_1_197' title='bbox 198 1304 235 1332; x_wconf 92' lang='lat' dir='ltr'>De</span> <span class='ocrx_word' id='word_1_198' title='bbox 255 1305 287 1332; x_wconf 83' lang='lat' dir='ltr'>iis</span> <span class='ocrx_word' id='word_1_199' title='bbox 309 1306 385 1340; x_wconf 87' lang='lat' dir='ltr'>aquis</span> <span class='ocrx_word' id='word_1_200' title='bbox 399 1307 486 1335; x_wconf 81' lang='lat' dir='ltr'>adbuc</span> <span class='ocrx_word' id='word_1_201' title='bbox 501 1314 529 1335; x_wconf 92' lang='lat' dir='ltr'>et</span> <span class='ocrx_word' id='word_1_202' title='bbox 543 1317 591 1344; x_wconf 89' lang='lat' dir='ltr'>per</span> <span class='ocrx_word' id='word_1_203' title='bbox 606 1311 730 1338; x_wconf 89' lang='lat' dir='ltr'>eumdem</span> <span class='ocrx_word' id='word_1_204' title='bbox 746 1312 904 1346; x_wconf 82' lang='lat' dir='ltr'>prophetam</span> 
     </span>
     <span class='ocr_line' id='line_1_27' title="bbox 112 1351 906 1392; baseline 0.013 -14"><span class='ocrx_word' id='word_1_205' title='bbox 112 1351 221 1384; x_wconf 85' lang='lat' dir='ltr'>dicitur,</span> <span class='ocrx_word' id='word_1_206' title='bbox 236 1352 305 1387; x_wconf 87' lang='lat' dir='ltr'>quod</span> <span class='ocrx_word' id='word_1_207' title='bbox 321 1353 492 1387; x_wconf 73' lang='lat' dir='ltr'>egrediantur</span> <span class='ocrx_word' id='word_1_208' title='bbox 506 1355 541 1383; x_wconf 91' lang='lat' dir='ltr'>de</span> <span class='ocrx_word' id='word_1_209' title='bbox 555 1356 635 1385; x_wconf 91' lang='lat' dir='ltr'>domo</span> <span class='ocrx_word' id='word_1_210' title='bbox 660 1358 775 1392; x_wconf 85' lang='lat' dir='ltr'>Domini,</span> <span class='ocrx_word' id='word_1_211' title='bbox 799 1364 826 1387; x_wconf 90' lang='lat' dir='ltr'>et</span> <span class='ocrx_word' id='word_1_212' title='bbox 847 1368 906 1387; x_wconf 86' lang='lat' dir='ltr'>cre-</span> 
     </span>
     <span class='ocr_line' id='line_1_28' title="bbox 112 1397 903 1438; baseline 0.014 -15"><span class='ocrx_word' id='word_1_213' title='bbox 112 1402 189 1424; x_wconf 83' lang='lat' dir='ltr'>scant</span> <span class='ocrx_word' id='word_1_214' title='bbox 202 1397 228 1424; x_wconf 91' lang='lat' dir='ltr'>in</span> <span class='ocrx_word' id='word_1_215' title='bbox 249 1398 372 1432; x_wconf 83' lang='lat' dir='ltr'>fluvium,</span> <span class='ocrx_word' id='word_1_216' title='bbox 387 1404 414 1427; x_wconf 90' lang='lat' dir='ltr'>et</span> <span class='ocrx_word' id='word_1_217' title='bbox 428 1406 537 1435; x_wconf 78' lang='lat' dir='ltr'>pergant</span> <span class='ocrx_word' id='word_1_218' title='bbox 552 1403 585 1429; x_wconf 81' lang='lat' dir='ltr'>ad</span> <span class='ocrx_word' id='word_1_219' title='bbox 602 1403 783 1438; x_wconf 88' lang='lat' dir='ltr'>solitudinem,</span> <span class='ocrx_word' id='word_1_220' title='bbox 799 1406 856 1433; x_wconf 86' lang='lat' dir='ltr'>sive</span> <span class='ocrx_word' id='word_1_221' title='bbox 870 1407 903 1434; x_wconf 84' lang='lat' dir='ltr'>ad</span> 
     </span>
     <span class='ocr_line' id='line_1_29' title="bbox 112 1443 902 1486; baseline 0.013 -16"><span class='ocrx_word' id='word_1_222' title='bbox 112 1450 186 1471; x_wconf 89' lang='lat' dir='ltr'>mare</span> <span class='ocrx_word' id='word_1_223' title='bbox 211 1443 355 1479; x_wconf 89' lang='lat' dir='ltr'>Mortuum,</span> <span class='ocrx_word' id='word_1_224' title='bbox 377 1451 404 1473; x_wconf 92' lang='lat' dir='ltr'>et</span> <span class='ocrx_word' id='word_1_225' title='bbox 426 1447 515 1475; x_wconf 87' lang='lat' dir='ltr'>omnia</span> <span class='ocrx_word' id='word_1_226' title='bbox 534 1448 568 1476; x_wconf 84' lang='lat' dir='ltr'>ad</span> <span class='ocrx_word' id='word_1_227' title='bbox 586 1457 752 1485; x_wconf 80' lang='lat' dir='ltr'>quaecunque</span> <span class='ocrx_word' id='word_1_228' title='bbox 770 1453 902 1486; x_wconf 89' lang='lat' dir='ltr'>venerint,</span> 
     </span>
     <span class='ocr_line' id='line_1_30' title="bbox 113 1489 902 1533; baseline 0.015 -18"><span class='ocrx_word' id='word_1_229' title='bbox 113 1489 280 1518; x_wconf 84' lang='lat' dir='ltr'>vivificentur</span> <span class='ocrx_word' id='word_1_230' title='bbox 293 1495 372 1526; x_wconf 83' lang='lat' dir='ltr'>atque</span> <span class='ocrx_word' id='word_1_231' title='bbox 387 1498 525 1521; x_wconf 85' lang='lat' dir='ltr'>sanentur.</span> <span class='ocrx_word' id='word_1_232' title='bbox 550 1494 594 1522; x_wconf 87' lang='lat' dir='ltr'>Sic</span> <span class='ocrx_word' id='word_1_233' title='bbox 605 1496 676 1523; x_wconf 88' lang='lat' dir='ltr'>enim</span> <span class='ocrx_word' id='word_1_234' title='bbox 692 1497 762 1525; x_wconf 88' lang='lat' dir='ltr'>idem</span> <span class='ocrx_word' id='word_1_235' title='bbox 773 1498 902 1533; x_wconf 82' lang='lat' dir='ltr'>propbeta</span> 
     </span>
     <span class='ocr_line' id='line_1_31' title="bbox 113 1535 943 1588; baseline 0.016 -27"><span class='ocrx_word' id='word_1_236' title='bbox 113 1535 177 1563; x_wconf 83' lang='lat' dir='ltr'>dicit</span> <span class='ocrx_word' id='word_1_237' title='bbox 199 1545 206 1563; x_wconf 76' lang='lat' dir='ltr'>x</span> <span class='ocrx_word' id='word_1_238' title='bbox 235 1546 244 1562; x_wconf 80' lang='lat' dir='ltr'>t</span> <span class='ocrx_word' id='word_1_239' title='bbox 260 1537 387 1566; x_wconf 81' lang='lat' dir='ltr'>Converti</span> <span class='ocrx_word' id='word_1_240' title='bbox 409 1547 451 1567; x_wconf 87' lang='lat' dir='ltr'>me</span> <span class='ocrx_word' id='word_1_241' title='bbox 470 1541 503 1568; x_wconf 87' lang='lat' dir='ltr'>ad</span> <span class='ocrx_word' id='word_1_242' title='bbox 519 1546 623 1575; x_wconf 87' lang='lat' dir='ltr'>portam</span> <span class='ocrx_word' id='word_1_243' title='bbox 636 1543 732 1572; x_wconf 83' lang='lat' dir='ltr'>domus</span> <span class='ocrx_word' id='word_1_244' title='bbox 746 1545 861 1579; x_wconf 86' lang='lat' dir='ltr'>Domini,</span> <span class='ocrx_word' id='word_1_245' title='bbox 878 1551 905 1574; x_wconf 87' lang='lat' dir='ltr'>et</span> <span class='ocrx_word' id='word_1_246' title='bbox 919 1555 943 1588; x_wconf 71' lang='lat' dir='ltr'>C</span> 
     </span>
     <span class='ocr_line' id='line_1_32' title="bbox 114 1585 907 1621; baseline 0.015 -12"><span class='ocrx_word' id='word_1_247' title='bbox 114 1589 176 1610; x_wconf 86' lang='lat' dir='ltr'>ecce</span> <span class='ocrx_word' id='word_1_248' title='bbox 191 1590 259 1618; x_wconf 83' lang='lat' dir='ltr'>aqua</span> <span class='ocrx_word' id='word_1_249' title='bbox 271 1585 457 1619; x_wconf 86' lang='lat' dir='ltr'>egrediebatur</span> <span class='ocrx_word' id='word_1_250' title='bbox 468 1588 560 1615; x_wconf 83' lang='lat' dir='ltr'>subter</span> <span class='ocrx_word' id='word_1_251' title='bbox 571 1589 652 1618; x_wconf 88' lang='lat' dir='ltr'>limen</span> <span class='ocrx_word' id='word_1_252' title='bbox 665 1592 760 1619; x_wconf 86' lang='lat' dir='ltr'>domus</span> <span class='ocrx_word' id='word_1_253' title='bbox 767 1593 799 1619; x_wconf 87' lang='lat' dir='ltr'>ad</span> <span class='ocrx_word' id='word_1_254' title='bbox 813 1594 907 1621; x_wconf 88' lang='lat' dir='ltr'>Orien-</span> 
     </span>
     <span class='ocr_line' id='line_1_33' title="bbox 114 1630 906 1674; baseline 0.015 -18"><span class='ocrx_word' id='word_1_255' title='bbox 114 1634 178 1657; x_wconf 85' lang='lat' dir='ltr'>tem.</span> <span class='ocrx_word' id='word_1_256' title='bbox 198 1630 292 1659; x_wconf 84' lang='lat' dir='ltr'>Facies</span> <span class='ocrx_word' id='word_1_257' title='bbox 307 1632 378 1659; x_wconf 88' lang='lat' dir='ltr'>enim</span> <span class='ocrx_word' id='word_1_258' title='bbox 399 1633 494 1662; x_wconf 85' lang='lat' dir='ltr'>domus</span> <span class='ocrx_word' id='word_1_259' title='bbox 514 1637 676 1671; x_wconf 77' lang='lat' dir='ltr'>respiciebat</span> <span class='ocrx_word' id='word_1_260' title='bbox 702 1639 734 1665; x_wconf 81' lang='lat' dir='ltr'>ad</span> <span class='ocrx_word' id='word_1_261' title='bbox 758 1640 906 1674; x_wconf 85' lang='lat' dir='ltr'>Orientem,</span> 
     </span>
     <span class='ocr_line' id='line_1_34' title="bbox 114 1677 908 1719; baseline 0.018 -18"><span class='ocrx_word' id='word_1_262' title='bbox 114 1682 188 1710; x_wconf 72' lang='lat' dir='ltr'>aquae</span> <span class='ocrx_word' id='word_1_263' title='bbox 199 1681 288 1704; x_wconf 88' lang='lat' dir='ltr'>autem</span> <span class='ocrx_word' id='word_1_264' title='bbox 301 1677 500 1708; x_wconf 83' lang='lat' dir='ltr'>descendebant</span> <span class='ocrx_word' id='word_1_265' title='bbox 513 1681 619 1710; x_wconf 87' lang='lat' dir='ltr'>inlatus</span> <span class='ocrx_word' id='word_1_266' title='bbox 632 1685 724 1719; x_wconf 85' lang='lat' dir='ltr'>templi</span> <span class='ocrx_word' id='word_1_267' title='bbox 740 1685 863 1714; x_wconf 82' lang='lat' dir='ltr'>dextrum</span> <span class='ocrx_word' id='word_1_268' title='bbox 875 1688 908 1714; x_wconf 85' lang='lat' dir='ltr'>ad</span> 
     </span>
     <span class='ocr_line' id='line_1_35' title="bbox 114 1722 908 1766; baseline 0.015 -18"><span class='ocrx_word' id='word_1_269' title='bbox 114 1722 251 1751; x_wconf 87' lang='lat' dir='ltr'>meridiem</span> <span class='ocrx_word' id='word_1_270' title='bbox 263 1724 367 1751; x_wconf 88' lang='lat' dir='ltr'>altaris.</span> <span class='ocrx_word' id='word_1_271' title='bbox 392 1725 425 1753; x_wconf 86' lang='lat' dir='ltr'>Et</span> <span class='ocrx_word' id='word_1_272' title='bbox 438 1728 559 1755; x_wconf 82' lang='lat' dir='ltr'>converti</span> <span class='ocrx_word' id='word_1_273' title='bbox 574 1736 618 1755; x_wconf 87' lang='lat' dir='ltr'>me</span> <span class='ocrx_word' id='word_1_274' title='bbox 632 1730 664 1756; x_wconf 85' lang='lat' dir='ltr'>ad</span> <span class='ocrx_word' id='word_1_275' title='bbox 680 1731 748 1758; x_wconf 83' lang='lat' dir='ltr'>viam</span> <span class='ocrx_word' id='word_1_276' title='bbox 761 1731 833 1759; x_wconf 81' lang='lat' dir='ltr'>foras</span> <span class='ocrx_word' id='word_1_277' title='bbox 848 1741 908 1766; x_wconf 82' lang='lat' dir='ltr'>por-</span> 
     </span>
     <span class='ocr_line' id='line_1_36' title="bbox 114 1768 910 1809; baseline 0.016 -16"><span class='ocrx_word' id='word_1_278' title='bbox 114 1771 167 1794; x_wconf 90' lang='lat' dir='ltr'>tam</span> <span class='ocrx_word' id='word_1_279' title='bbox 178 1768 353 1802; x_wconf 81' lang='lat' dir='ltr'>exteriorem,</span> <span class='ocrx_word' id='word_1_280' title='bbox 365 1778 424 1805; x_wconf 67' lang='lat' dir='ltr'>quse</span> <span class='ocrx_word' id='word_1_281' title='bbox 434 1772 594 1806; x_wconf 86' lang='lat' dir='ltr'>respiciebat</span> <span class='ocrx_word' id='word_1_282' title='bbox 604 1775 637 1801; x_wconf 87' lang='lat' dir='ltr'>ad</span> <span class='ocrx_word' id='word_1_283' title='bbox 648 1775 793 1809; x_wconf 87' lang='lat' dir='ltr'>Orientem,</span> <span class='ocrx_word' id='word_1_284' title='bbox 808 1783 833 1805; x_wconf 90' lang='lat' dir='ltr'>et</span> <span class='ocrx_word' id='word_1_285' title='bbox 846 1785 910 1807; x_wconf 80' lang='lat' dir='ltr'>ecce</span> 
     </span>
     <span class='ocr_line' id='line_1_37' title="bbox 114 1814 903 1857; baseline 0.018 -19"><span class='ocrx_word' id='word_1_286' title='bbox 114 1819 189 1847; x_wconf 80' lang='lat' dir='ltr'>aquae</span> <span class='ocrx_word' id='word_1_287' title='bbox 216 1814 398 1844; x_wconf 83' lang='lat' dir='ltr'>redundantes</span> <span class='ocrx_word' id='word_1_288' title='bbox 413 1825 427 1844; x_wconf 87' lang='lat' dir='ltr'>a</span> <span class='ocrx_word' id='word_1_289' title='bbox 441 1817 526 1847; x_wconf 84' lang='lat' dir='ltr'>latere</span> <span class='ocrx_word' id='word_1_290' title='bbox 542 1819 636 1847; x_wconf 82' lang='lat' dir='ltr'>dextro</span> <span class='ocrx_word' id='word_1_291' title='bbox 656 1820 763 1856; x_wconf 63' lang='lat' dir='ltr'>(Eneca.</span> <span class='ocrx_word' id='word_1_292' title='bbox 792 1831 871 1857; x_wconf 71' lang='lat' dir='ltr'>nvn,</span> <span class='ocrx_word' id='word_1_293' title='bbox 890 1825 903 1852; x_wconf 74' lang='lat'>¹</span> 
     </span>
     <span class='ocr_line' id='line_1_38' title="bbox 114 1859 568 1894; baseline 0.015 -8"><span class='ocrx_word' id='word_1_294' title='bbox 114 1859 208 1894; x_wconf 73' lang='lat' dir='ltr'>⁸eq.),»</span> <span class='ocrx_word' id='word_1_295' title='bbox 226 1860 252 1888; x_wconf 89' lang='lat' dir='ltr'>id</span> <span class='ocrx_word' id='word_1_296' title='bbox 264 1866 316 1894; x_wconf 87' lang='lat' dir='ltr'>est,</span> <span class='ocrx_word' id='word_1_297' title='bbox 332 1870 346 1889; x_wconf 88' lang='lat' dir='ltr'>a</span> <span class='ocrx_word' id='word_1_298' title='bbox 362 1862 460 1891; x_wconf 83' lang='lat' dir='ltr'>Christi</span> <span class='ocrx_word' id='word_1_299' title='bbox 474 1864 568 1893; x_wconf 88' lang='lat' dir='ltr'>latere.</span> 
     </span>
    </p>

    <p class='ocr_par' dir='ltr' id='par_1_5' title="bbox 113 1906 948 2404">
     <span class='ocr_line' id='line_1_39' title="bbox 149 1906 907 1950; baseline 0.015 -16"><span class='ocrx_word' id='word_1_300' title='bbox 149 1906 177 1934; x_wconf 86' lang='lat'>6.</span> <span class='ocrx_word' id='word_1_301' title='bbox 196 1906 299 1936; x_wconf 90' lang='lat' dir='ltr'>Deinde</span> <span class='ocrx_word' id='word_1_302' title='bbox 322 1908 385 1937; x_wconf 86' lang='lat' dir='ltr'>dicit</span> <span class='ocrx_word' id='word_1_303' title='bbox 409 1919 415 1937; x_wconf 85' lang='lat'>:</span> <span class='ocrx_word' id='word_1_304' title='bbox 446 1920 455 1937; x_wconf 77' lang='lat' dir='ltr'>t</span> <span class='ocrx_word' id='word_1_305' title='bbox 473 1911 506 1939; x_wconf 80' lang='lat' dir='ltr'>Et</span> <span class='ocrx_word' id='word_1_306' title='bbox 521 1913 637 1941; x_wconf 82' lang='lat' dir='ltr'>traduxit</span> <span class='ocrx_word' id='word_1_307' title='bbox 650 1922 693 1943; x_wconf 89' lang='lat' dir='ltr'>mc</span> <span class='ocrx_word' id='word_1_308' title='bbox 708 1923 756 1950; x_wconf 88' lang='lat' dir='ltr'>per</span> <span class='ocrx_word' id='word_1_309' title='bbox 768 1923 861 1950; x_wconf 75' lang='lat' dir='ltr'>aquas,</span> <span class='ocrx_word' id='word_1_310' title='bbox 880 1921 907 1945; x_wconf 89' lang='lat' dir='ltr'>et</span> 
     </span>
     <span class='ocr_line' id='line_1_40' title="bbox 114 1952 906 1994; baseline 0.014 -14"><span class='ocrx_word' id='word_1_311' title='bbox 114 1952 152 1980; x_wconf 87' lang='lat' dir='ltr'>ait</span> <span class='ocrx_word' id='word_1_312' title='bbox 165 1953 199 1981; x_wconf 90' lang='lat' dir='ltr'>ad</span> <span class='ocrx_word' id='word_1_313' title='bbox 213 1961 258 1982; x_wconf 85' lang='lat' dir='ltr'>me</span> <span class='ocrx_word' id='word_1_314' title='bbox 280 1962 288 1983; x_wconf 89' lang='lat'>:</span> <span class='ocrx_word' id='word_1_315' title='bbox 311 1955 395 1990; x_wconf 79' lang='lat' dir='ltr'>Aquae</span> <span class='ocrx_word' id='word_1_316' title='bbox 408 1957 478 1991; x_wconf 83' lang='lat' dir='ltr'>istae,</span> <span class='ocrx_word' id='word_1_317' title='bbox 502 1966 562 1993; x_wconf 70' lang='lat' dir='ltr'>quae</span> <span class='ocrx_word' id='word_1_318' title='bbox 579 1960 753 1994; x_wconf 82' lang='lat' dir='ltr'>egrediuntur</span> <span class='ocrx_word' id='word_1_319' title='bbox 767 1963 800 1989; x_wconf 86' lang='lat' dir='ltr'>ad</span> <span class='ocrx_word' id='word_1_320' title='bbox 818 1964 906 1991; x_wconf 89' lang='lat' dir='ltr'>orien-</span> 
     </span>
     <span class='ocr_line' id='line_1_41' title="bbox 114 1999 907 2045; baseline 0.014 -18"><span class='ocrx_word' id='word_1_321' title='bbox 114 1999 192 2031; x_wconf 78' lang='lat' dir='ltr'>tales,</span> <span class='ocrx_word' id='word_1_322' title='bbox 208 2005 236 2029; x_wconf 87' lang='lat' dir='ltr'>et</span> <span class='ocrx_word' id='word_1_323' title='bbox 249 2001 415 2031; x_wconf 83' lang='lat' dir='ltr'>descendunt</span> <span class='ocrx_word' id='word_1_324' title='bbox 429 2004 464 2031; x_wconf 79' lang='lat' dir='ltr'>ad</span> <span class='ocrx_word' id='word_1_325' title='bbox 476 2004 554 2039; x_wconf 86' lang='lat' dir='ltr'>plana</span> <span class='ocrx_word' id='word_1_326' title='bbox 567 2007 678 2041; x_wconf 84' lang='lat' dir='ltr'>deserti,</span> <span class='ocrx_word' id='word_1_327' title='bbox 694 2008 784 2043; x_wconf 79' lang='lat' dir='ltr'>utique</span> <span class='ocrx_word' id='word_1_328' title='bbox 797 2010 829 2037; x_wconf 85' lang='lat' dir='ltr'>ad</span> <span class='ocrx_word' id='word_1_329' title='bbox 842 2018 907 2045; x_wconf 90' lang='lat' dir='ltr'>gen-</span> 
     </span>
     <span class='ocr_line' id='line_1_42' title="bbox 113 2046 904 2091; baseline 0.015 -19"><span class='ocrx_word' id='word_1_330' title='bbox 113 2048 166 2078; x_wconf 87' lang='lat' dir='ltr'>tes,</span> <span class='ocrx_word' id='word_1_331' title='bbox 180 2046 316 2076; x_wconf 78' lang='lat' dir='ltr'>intrabunt</span> <span class='ocrx_word' id='word_1_332' title='bbox 328 2056 413 2082; x_wconf 85' lang='lat' dir='ltr'>mare,</span> <span class='ocrx_word' id='word_1_333' title='bbox 426 2055 453 2078; x_wconf 88' lang='lat' dir='ltr'>et</span> <span class='ocrx_word' id='word_1_334' title='bbox 462 2051 583 2086; x_wconf 83' lang='lat' dir='ltr'>exibunt,</span> <span class='ocrx_word' id='word_1_335' title='bbox 597 2057 624 2080; x_wconf 88' lang='lat' dir='ltr'>et</span> <span class='ocrx_word' id='word_1_336' title='bbox 636 2054 803 2082; x_wconf 77' lang='lat' dir='ltr'>sanabuntur</span> <span class='ocrx_word' id='word_1_337' title='bbox 812 2063 904 2091; x_wconf 71' lang='lat' dir='ltr'>aquae:</span> 
     </span>
     <span class='ocr_line' id='line_1_43' title="bbox 114 2093 905 2137; baseline 0.018 -20"><span class='ocrx_word' id='word_1_338' title='bbox 114 2093 235 2120; x_wconf 86' lang='lat' dir='ltr'>etomnis</span> <span class='ocrx_word' id='word_1_339' title='bbox 243 2094 333 2122; x_wconf 83' lang='lat' dir='ltr'>anima</span> <span class='ocrx_word' id='word_1_340' title='bbox 345 2096 448 2129; x_wconf 69' lang='lat' dir='ltr'>vivens,</span> <span class='ocrx_word' id='word_1_341' title='bbox 458 2106 517 2132; x_wconf 67' lang='lat' dir='ltr'>quas</span> <span class='ocrx_word' id='word_1_342' title='bbox 524 2100 644 2134; x_wconf 75' lang='lat' dir='ltr'>respicit,</span> <span class='ocrx_word' id='word_1_343' title='bbox 655 2108 816 2137; x_wconf 81' lang='lat' dir='ltr'>quocunqne</span> <span class='ocrx_word' id='word_1_344' title='bbox 823 2111 905 2131; x_wconf 87' lang='lat' dir='ltr'>vene-</span> 
     </span>
     <span class='ocr_line' id='line_1_44' title="bbox 114 2138 904 2183; baseline 0.018 -20"><span class='ocrx_word' id='word_1_345' title='bbox 114 2138 149 2164; x_wconf 89' lang='lat' dir='ltr'>rit</span> <span class='ocrx_word' id='word_1_346' title='bbox 162 2141 279 2172; x_wconf 77' lang='lat' dir='ltr'>torrens,</span> <span class='ocrx_word' id='word_1_347' title='bbox 288 2141 374 2173; x_wconf 58' lang='lat' dir='ltr'>vireu</span> <span class='ocrx_word' id='word_1_348' title='bbox 386 2147 412 2169; x_wconf 91' lang='lat' dir='ltr'>et</span> <span class='ocrx_word' id='word_1_349' title='bbox 425 2148 504 2170; x_wconf 86' lang='lat' dir='ltr'>erunt</span> <span class='ocrx_word' id='word_1_350' title='bbox 515 2144 602 2178; x_wconf 78' lang='lat' dir='ltr'>pisces</span> <span class='ocrx_word' id='word_1_351' title='bbox 612 2147 689 2174; x_wconf 88' lang='lat' dir='ltr'>multi</span> <span class='ocrx_word' id='word_1_352' title='bbox 701 2149 775 2180; x_wconf 79' lang='lat' dir='ltr'>satis,</span> <span class='ocrx_word' id='word_1_353' title='bbox 792 2149 839 2176; x_wconf 82' lang='lat' dir='ltr'>»id</span> <span class='ocrx_word' id='word_1_354' title='bbox 851 2154 904 2183; x_wconf 84' lang='lat' dir='ltr'>est,</span> 
     </span>
     <span class='ocr_line' id='line_1_45' title="bbox 114 2185 906 2229; baseline 0.014 -18"><span class='ocrx_word' id='word_1_355' title='bbox 114 2185 279 2218; x_wconf 78' lang='lat' dir='ltr'>regenerati.</span> <span class='ocrx_word' id='word_1_356' title='bbox 305 2186 339 2213; x_wconf 84' lang='lat' dir='ltr'>Et</span> <span class='ocrx_word' id='word_1_357' title='bbox 363 2187 481 2222; x_wconf 76' lang='lat' dir='ltr'>adjecit:</span> <span class='ocrx_word' id='word_1_358' title='bbox 500 2198 511 2215; x_wconf 83' lang='grc' dir='ltr'>ι</span> <span class='ocrx_word' id='word_1_359' title='bbox 528 2189 672 2224; x_wconf 67' lang='lat' dir='ltr'>Postquam</span> <span class='ocrx_word' id='word_1_360' title='bbox 693 2193 815 2220; x_wconf 78' lang='lat' dir='ltr'>venerint</span> <span class='ocrx_word' id='word_1_361' title='bbox 830 2202 906 2229; x_wconf 72' lang='lat' dir='ltr'>aquas</span> 
     </span>
     <span class='ocr_line' id='line_1_46' title="bbox 115 2228 948 2286; baseline 0.014 -30"><span class='ocrx_word' id='word_1_362' title='bbox 115 2228 181 2263; x_wconf 76' lang='lat' dir='ltr'>ittae,</span> <span class='ocrx_word' id='word_1_363' title='bbox 195 2234 224 2257; x_wconf 73' lang='lat' dir='ltr'>et</span> <span class='ocrx_word' id='word_1_364' title='bbox 233 2230 408 2265; x_wconf 72' lang='lat' dir='ltr'>sanabuntur,</span> <span class='ocrx_word' id='word_1_365' title='bbox 432 2238 459 2260; x_wconf 92' lang='lat' dir='ltr'>et</span> <span class='ocrx_word' id='word_1_366' title='bbox 474 2234 562 2261; x_wconf 79' lang='lat' dir='ltr'>vivent</span> <span class='ocrx_word' id='word_1_367' title='bbox 575 2236 674 2269; x_wconf 74' lang='lat' dir='ltr'>omnia,</span> <span class='ocrx_word' id='word_1_368' title='bbox 694 2238 727 2264; x_wconf 88' lang='lat' dir='ltr'>ad</span> <span class='ocrx_word' id='word_1_369' title='bbox 741 2245 907 2275; x_wconf 79' lang='lat' dir='ltr'>quaecunque</span> <span class='ocrx_word' id='word_1_370' title='bbox 920 2256 948 2286; x_wconf 68' lang='lat' dir='ltr'><strong>n</strong></span> 
     </span>
     <span class='ocr_line' id='line_1_47' title="bbox 115 2276 908 2317; baseline 0.014 -15"><span class='ocrx_word' id='word_1_371' title='bbox 115 2276 221 2303; x_wconf 85' lang='lat' dir='ltr'>venerit</span> <span class='ocrx_word' id='word_1_372' title='bbox 228 2280 342 2306; x_wconf 81' lang='lat' dir='ltr'>torrens.</span> <span class='ocrx_word' id='word_1_373' title='bbox 353 2278 502 2307; x_wconf 81' lang='lat' dir='ltr'>Etstabunt</span> <span class='ocrx_word' id='word_1_374' title='bbox 514 2287 596 2315; x_wconf 76' lang='lat' dir='ltr'>super</span> <span class='ocrx_word' id='word_1_375' title='bbox 610 2282 654 2308; x_wconf 85' lang='lat' dir='ltr'>iiia</span> <span class='ocrx_word' id='word_1_376' title='bbox 666 2283 824 2317; x_wconf 85' lang='lat' dir='ltr'>piscatores,</span> <span class='ocrx_word' id='word_1_377' title='bbox 832 2293 842 2311; x_wconf 74' lang='grc' dir='ltr'>ι</span> <span class='ocrx_word' id='word_1_378' title='bbox 857 2286 908 2314; x_wconf 85' lang='lat' dir='ltr'>boc</span> 
     </span>
     <span class='ocr_line' id='line_1_48' title="bbox 116 2323 909 2363; baseline 0.011 -13"><span class='ocrx_word' id='word_1_379' title='bbox 116 2326 168 2354; x_wconf 82' lang='lat' dir='ltr'>est,</span> <span class='ocrx_word' id='word_1_380' title='bbox 187 2323 314 2358; x_wconf 75' lang='lat' dir='ltr'>apostoli,</span> <span class='ocrx_word' id='word_1_381' title='bbox 329 2329 409 2360; x_wconf 74' lang='lat' dir='ltr'>atque</span> <span class='ocrx_word' id='word_1_382' title='bbox 421 2325 555 2362; x_wconf 79' lang='lat' dir='ltr'>doctores,</span> <span class='ocrx_word' id='word_1_383' title='bbox 569 2327 692 2363; x_wconf 72' lang='lat' dir='ltr'>plurimas</span> <span class='ocrx_word' id='word_1_384' title='bbox 710 2330 817 2363; x_wconf 79' lang='lat' dir='ltr'>species</span> <span class='ocrx_word' id='word_1_385' title='bbox 829 2337 909 2359; x_wconf 85' lang='lat' dir='ltr'>erunt</span> 
     </span>
     <span class='ocr_line' id='line_1_49' title="bbox 116 2367 313 2404; baseline 0.01 -8"><span class='ocrx_word' id='word_1_386' title='bbox 116 2367 231 2401; x_wconf 81' lang='lat' dir='ltr'>piscium</span> <span class='ocrx_word' id='word_1_387' title='bbox 243 2369 313 2404; x_wconf 69' lang='lat' dir='ltr'>eius.</span> 
     </span>
    </p>

    <p class='ocr_par' dir='ltr' id='par_1_6' title="bbox 95 2414 910 2549">
     <span class='ocr_line' id='line_1_50' title="bbox 95 2414 909 2457; baseline 0.012 -17"><span class='ocrx_word' id='word_1_388' title='bbox 95 2422 99 2433; x_wconf 59' lang='grc' dir='ltr'>ι</span> <span class='ocrx_word' id='word_1_389' title='bbox 152 2414 180 2441; x_wconf 85' lang='grc'>7.</span> <span class='ocrx_word' id='word_1_390' title='bbox 202 2415 280 2450; x_wconf 71' lang='lat'>10¹7</span> <span class='ocrx_word' id='word_1_391' title='bbox 289 2415 465 2445; x_wconf 72' lang='lat' dir='ltr'>-ueedixitad</span> <span class='ocrx_word' id='word_1_392' title='bbox 475 2419 909 2457; x_wconf 70' lang='lat' dir='ltr'>significandamvarietatemgen—</span> 
     </span>
     <span class='ocr_line' id='line_1_51' title="bbox 116 2459 906 2501; baseline 0.011 -14"><span class='ocrx_word' id='word_1_393' title='bbox 116 2459 183 2487; x_wconf 82' lang='lat' dir='ltr'>tium</span> <span class='ocrx_word' id='word_1_394' title='bbox 194 2460 228 2488; x_wconf 88' lang='lat' dir='ltr'>ad</span> <span class='ocrx_word' id='word_1_395' title='bbox 241 2461 341 2491; x_wconf 75' lang='lat' dir='ltr'>undam</span> <span class='ocrx_word' id='word_1_396' title='bbox 351 2462 450 2491; x_wconf 74' lang='lat' dir='ltr'>lavacri</span> <span class='ocrx_word' id='word_1_397' title='bbox 463 2465 642 2499; x_wconf 61' lang='lat' dir='ltr'>maie-nunu</span> <span class='ocrx_word' id='word_1_398' title='bbox 657 2467 727 2494; x_wconf 86' lang='lat' dir='ltr'>unde</span> <span class='ocrx_word' id='word_1_399' title='bbox 738 2471 766 2495; x_wconf 90' lang='lat' dir='ltr'>et</span> <span class='ocrx_word' id='word_1_400' title='bbox 778 2468 876 2501; x_wconf 84' lang='lat' dir='ltr'>adjecit</span> <span class='ocrx_word' id='word_1_401' title='bbox 898 2477 906 2497; x_wconf 87' lang='lat'>=</span> 
     </span>
     <span class='ocr_line' id='line_1_52' title="bbox 119 2504 910 2549; baseline 0.014 -18"><span class='ocrx_word' id='word_1_402' title='bbox 119 2512 131 2530; x_wconf 79' lang='lat' dir='ltr'>t</span> <span class='ocrx_word' id='word_1_403' title='bbox 141 2504 217 2533; x_wconf 79' lang='lat' dir='ltr'>Sicut</span> <span class='ocrx_word' id='word_1_404' title='bbox 226 2506 314 2540; x_wconf 75' lang='lat' dir='ltr'>pisces</span> <span class='ocrx_word' id='word_1_405' title='bbox 320 2509 402 2536; x_wconf 73' lang='lat' dir='ltr'>maris</span> <span class='ocrx_word' id='word_1_406' title='bbox 412 2509 513 2544; x_wconf 70' lang='lat' dir='ltr'>magni,</span> <span class='ocrx_word' id='word_1_407' title='bbox 519 2510 697 2539; x_wconf 63' lang='lat' dir='ltr'>moliminis</span> <span class='ocrx_word' id='word_1_408' title='bbox 704 2512 794 2540; x_wconf 67' lang='lat' dir='ltr'>ninia</span> <span class='ocrx_word' id='word_1_409' title='bbox 806 2513 835 2541; x_wconf 81' lang='lat' dir='ltr'>in</span> <span class='ocrx_word' id='word_1_410' title='bbox 844 2514 910 2549; x_wconf 80' lang='lat' dir='ltr'>ripis</span> 
     </span>
    </p>

    <p class='ocr_par' dir='ltr' id='par_1_7' title="bbox 154 2579 644 2617">
     <span class='ocr_line' id='line_1_53' title="bbox 154 2579 644 2617; baseline 0.014 -10"><span class='ocrx_word' id='word_1_411' title='bbox 154 2579 180 2606; x_wconf 82' lang='lat'>5.</span> <span class='ocrx_word' id='word_1_412' title='bbox 202 2581 259 2612; x_wconf 86' lang='grc' dir='ltr'>ΑΙ..</span> <span class='ocrx_word' id='word_1_413' title='bbox 272 2583 396 2610; x_wconf 76' lang='lat' dir='ltr'>orientale</span> <span class='ocrx_word' id='word_1_414' title='bbox 410 2583 489 2617; x_wconf 82' lang='lat' dir='ltr'>vadit,</span> <span class='ocrx_word' id='word_1_415' title='bbox 504 2590 556 2613; x_wconf 78' lang='lat' dir='ltr'>ete.</span> <span class='ocrx_word' id='word_1_416' title='bbox 573 2582 644 2614; x_wconf 66' lang='lat' dir='ltr'>Mau.</span> 
     </span>
    </p>

    <p class='ocr_par' dir='ltr' id='par_1_8' title="bbox 116 2615 911 2798">
     <span class='ocr_line' id='line_1_54' title="bbox 150 2615 909 2681; baseline 0.014 -39"><span class='ocrx_word' id='word_1_417' title='bbox 150 2615 392 2681; x_wconf 43' lang='grc' dir='ltr'>ἐῖαιέΙὶ-ὃιῧείεὲιὶἱ</span> <span class='ocrx_word' id='word_1_418' title='bbox 404 2619 510 2654; x_wconf 75' lang='lat' dir='ltr'>spiritus</span> <span class='ocrx_word' id='word_1_419' title='bbox 534 2622 673 2655; x_wconf 55' lang='lat' dir='ltr'>musione.</span> <span class='ocrx_word' id='word_1_420' title='bbox 699 2621 733 2650; x_wconf 73' lang='lat' dir='ltr'>Et</span> <span class='ocrx_word' id='word_1_421' title='bbox 753 2623 909 2659; x_wconf 64' lang='lat' dir='ltr'>largiantur,</span> 
     </span>
     <span class='ocr_line' id='line_1_55' title="bbox 117 2655 905 2731; baseline 0.013 -20"><span class='ocrx_word' id='word_1_422' title='bbox 117 2655 180 2711; x_wconf 56' lang='lat'>¹¹¹5.</span> <span class='ocrx_word' id='word_1_423' title='bbox 201 2659 254 2718; x_wconf 56' lang='lat' dir='ltr'>aq..</span> <span class='ocrx_word' id='word_1_424' title='bbox 266 2687 447 2723; x_wconf 65' lang='lat' dir='ltr'>respondebat,</span> <span class='ocrx_word' id='word_1_425' title='bbox 456 2692 506 2725; x_wconf 82' lang='lat' dir='ltr'>pro</span> <span class='ocrx_word' id='word_1_426' title='bbox 515 2690 674 2727; x_wconf 75' lang='lat' dir='ltr'>respiciebat.</span> <span class='ocrx_word' id='word_1_427' title='bbox 683 2692 716 2721; x_wconf 82' lang='lat' dir='ltr'>Et</span> <span class='ocrx_word' id='word_1_428' title='bbox 725 2694 788 2729; x_wconf 74' lang='lat' dir='ltr'>{aris</span> <span class='ocrx_word' id='word_1_429' title='bbox 797 2699 905 2731; x_wconf 76' lang='lat' dir='ltr'>partam,</span> 
     </span>
     <span class='ocr_line' id='line_1_56' title="bbox 116 2720 911 2798; baseline 0.019 -19"><span class='ocrx_word' id='word_1_430' title='bbox 116 2720 470 2792; x_wconf 35' lang='lat' dir='ltr'>promaslgaeassbptwd&#39;</span> <span class='ocrx_word' id='word_1_431' title='bbox 490 2758 623 2796; x_wconf 83' lang='lat' dir='ltr'>Propheta</span> <span class='ocrx_word' id='word_1_432' title='bbox 639 2763 761 2798; x_wconf 79' lang='lat' dir='ltr'>proxime</span> <span class='ocrx_word' id='word_1_433' title='bbox 785 2763 911 2795; x_wconf 67' lang='lat' dir='ltr'>laudatus</span> 
     </span>
    </p>

    <p class='ocr_par' dir='ltr' id='par_1_9' title="bbox 173 2789 907 2839">
     <span class='ocr_line' id='line_1_57' title="bbox 173 2789 907 2839; baseline 0.018 -23"><span class='ocrx_word' id='word_1_434' title='bbox 173 2789 330 2826; x_wconf 54' lang='lat' dir='ltr'>zachariam</span> <span class='ocrx_word' id='word_1_435' title='bbox 349 2794 397 2822; x_wconf 83' lang='lat' dir='ltr'>sed</span> <span class='ocrx_word' id='word_1_436' title='bbox 409 2795 493 2825; x_wconf 80' lang='lat' dir='ltr'>verba</span> <span class='ocrx_word' id='word_1_437' title='bbox 504 2802 572 2827; x_wconf 80' lang='lat' dir='ltr'>sunt</span> <span class='ocrx_word' id='word_1_438' title='bbox 578 2798 737 2829; x_wconf 73' lang='lat' dir='ltr'>Ezechielis.</span> <span class='ocrx_word' id='word_1_439' title='bbox 754 2800 784 2827; x_wconf 83' lang='lat' dir='ltr'>iu</span> <span class='ocrx_word' id='word_1_440' title='bbox 795 2799 907 2839; x_wconf 63' lang='lat' dir='ltr'>vulgat·</span> 
     </span>
    </p>
   </div>
   <div class='ocr_carea' id='block_1_3' title="bbox 117 2792 911 2905">
    <p class='ocr_par' dir='ltr' id='par_1_10' title="bbox 117 2792 911 2909">
     <span class='ocr_line' id='line_1_58' title="bbox 117 2792 911 2905; baseline 0.014 -16"><span class='ocrx_word' id='word_1_441' title='bbox 117 2792 911 2905; x_wconf 45' lang='lat' dir='ltr'>&amp;aaaatrfsaaawawims</span> 
     </span>
    </p>
   </div>
   <div class='ocr_carea' id='block_1_4' title="bbox 646 143 1234 178">
    <p class='ocr_par' dir='ltr' id='par_1_11' title="bbox 646 143 1234 178">
     <span class='ocr_line' id='line_1_59' title="bbox 646 143 1234 178; baseline 0.01 -6"><span class='ocrx_word' id='word_1_442' title='bbox 646 144 676 172; x_wconf 84' lang='lat' dir='ltr'>S.</span> <span class='ocrx_word' id='word_1_443' title='bbox 698 143 820 172; x_wconf 79' lang='lat' dir='ltr'>tStDottt</span> <span class='ocrx_word' id='word_1_444' title='bbox 841 144 1061 176; x_wconf 66' lang='lat' dir='ltr'>utsrsmnsts</span> <span class='ocrx_word' id='word_1_445' title='bbox 1080 147 1234 178; x_wconf 68' lang='lat' dir='ltr'>Episcopi</span> 
     </span>
    </p>
   </div>
   <div class='ocr_carea' id='block_1_5' title="bbox 953 154 1832 2556">
    <p class='ocr_par' dir='ltr' id='par_1_12' title="bbox 953 154 1742 425">
     <span class='ocr_line' id='line_1_60' title="bbox 1689 154 1741 184; baseline 0 0"><span class='ocrx_word' id='word_1_446' title='bbox 1689 154 1741 184; x_wconf 74' lang='lat'>332</span> 
     </span>
     <span class='ocr_line' id='line_1_61' title="bbox 953 206 1741 246; baseline 0.013 -13"><span class='ocrx_word' id='word_1_447' title='bbox 953 206 1022 240; x_wconf 76' lang='lat' dir='ltr'>ojus,</span> <span class='ocrx_word' id='word_1_448' title='bbox 1034 214 1068 235; x_wconf 82' lang='lat' dir='ltr'>ex</span> <span class='ocrx_word' id='word_1_449' title='bbox 1077 211 1191 243; x_wconf 83' lang='lat' dir='ltr'>utraque</span> <span class='ocrx_word' id='word_1_450' title='bbox 1201 213 1277 244; x_wconf 83' lang='lat' dir='ltr'>parte</span> <span class='ocrx_word' id='word_1_451' title='bbox 1291 217 1371 238; x_wconf 87' lang='lat' dir='ltr'>omne</span> <span class='ocrx_word' id='word_1_452' title='bbox 1381 210 1480 246; x_wconf 79' lang='lat' dir='ltr'>lignum</span> <span class='ocrx_word' id='word_1_453' title='bbox 1495 210 1665 246; x_wconf 77' lang='lat' dir='ltr'>pomiiertmt,</span> <span class='ocrx_word' id='word_1_454' title='bbox 1686 216 1741 244; x_wconf 77' lang='lat' dir='ltr'>non</span> 
     </span>
     <span class='ocr_line' id='line_1_62' title="bbox 954 253 1742 297; baseline 0.011 -18"><span class='ocrx_word' id='word_1_455' title='bbox 954 253 1058 281; x_wconf 81' lang='lat' dir='ltr'>‹leticiet</span> <span class='ocrx_word' id='word_1_456' title='bbox 1071 254 1163 282; x_wconf 79' lang='lat' dir='ltr'>solium</span> <span class='ocrx_word' id='word_1_457' title='bbox 1175 263 1207 283; x_wconf 87' lang='lat' dir='ltr'>ex</span> <span class='ocrx_word' id='word_1_458' title='bbox 1223 263 1267 291; x_wconf 88' lang='lat' dir='ltr'>eo,</span> <span class='ocrx_word' id='word_1_459' title='bbox 1283 261 1310 284; x_wconf 90' lang='lat' dir='ltr'>et</span> <span class='ocrx_word' id='word_1_460' title='bbox 1321 265 1373 284; x_wconf 89' lang='lat' dir='ltr'>non</span> <span class='ocrx_word' id='word_1_461' title='bbox 1383 257 1490 286; x_wconf 80' lang='lat' dir='ltr'>deficiet</span> <span class='ocrx_word' id='word_1_462' title='bbox 1502 257 1603 287; x_wconf 84' lang='lat' dir='ltr'>iructtts</span> <span class='ocrx_word' id='word_1_463' title='bbox 1614 258 1682 297; x_wconf 82' lang='lat' dir='ltr'>elus,</span> <span class='ocrx_word' id='word_1_464' title='bbox 1693 264 1742 295; x_wconf 83' lang='lat' dir='ltr'>per</span> 
     </span>
     <span class='ocr_line' id='line_1_63' title="bbox 954 298 1742 340; baseline 0.013 -16"><span class='ocrx_word' id='word_1_465' title='bbox 954 298 1074 334; x_wconf 73' lang='lat' dir='ltr'>singulos</span> <span class='ocrx_word' id='word_1_466' title='bbox 1086 307 1191 329; x_wconf 77' lang='lat' dir='ltr'>menses</span> <span class='ocrx_word' id='word_1_467' title='bbox 1201 302 1298 330; x_wconf 75' lang='lat' dir='ltr'>afferre</span> <span class='ocrx_word' id='word_1_468' title='bbox 1310 303 1442 337; x_wconf 85' lang='lat' dir='ltr'>primitiva</span> <span class='ocrx_word' id='word_1_469' title='bbox 1456 313 1463 337; x_wconf 79' lang='lat'><em>3</em></span> <span class='ocrx_word' id='word_1_470' title='bbox 1480 311 1540 339; x_wconf 65' lang='lat' dir='ltr'>quas</span> <span class='ocrx_word' id='word_1_471' title='bbox 1551 311 1626 340; x_wconf 63' lang='lat' dir='ltr'>aqua</span> <span class='ocrx_word' id='word_1_472' title='bbox 1635 306 1670 334; x_wconf 88' lang='lat' dir='ltr'>tie</span> <span class='ocrx_word' id='word_1_473' title='bbox 1677 313 1742 334; x_wconf 87' lang='lat' dir='ltr'>san-</span> 
     </span>
     <span class='ocr_line' id='line_1_64' title="bbox 955 345 1741 386; baseline 0.011 -16"><span class='ocrx_word' id='word_1_474' title='bbox 955 345 1057 372; x_wconf 84' lang='lat' dir='ltr'>ctuario</span> <span class='ocrx_word' id='word_1_475' title='bbox 1075 346 1255 380; x_wconf 79' lang='lat' dir='ltr'>egredientur,</span> <span class='ocrx_word' id='word_1_476' title='bbox 1275 352 1302 375; x_wconf 93' lang='lat' dir='ltr'>et</span> <span class='ocrx_word' id='word_1_477' title='bbox 1319 353 1399 376; x_wconf 86' lang='lat' dir='ltr'>erunt</span> <span class='ocrx_word' id='word_1_478' title='bbox 1411 349 1513 377; x_wconf 78' lang='lat' dir='ltr'>fruetus</span> <span class='ocrx_word' id='word_1_479' title='bbox 1525 349 1585 384; x_wconf 78' lang='lat' dir='ltr'>eius</span> <span class='ocrx_word' id='word_1_480' title='bbox 1598 350 1626 378; x_wconf 90' lang='lat' dir='ltr'>in</span> <span class='ocrx_word' id='word_1_481' title='bbox 1640 350 1741 386; x_wconf 82' lang='lat' dir='ltr'>cibum,</span> 
     </span>
     <span class='ocr_line' id='line_1_65' title="bbox 955 391 1384 425; baseline 0.012 -8"><span class='ocrx_word' id='word_1_482' title='bbox 955 394 982 417; x_wconf 90' lang='lat' dir='ltr'>et</span> <span class='ocrx_word' id='word_1_483' title='bbox 995 391 1056 418; x_wconf 80' lang='lat' dir='ltr'>tolia</span> <span class='ocrx_word' id='word_1_484' title='bbox 1067 392 1124 425; x_wconf 80' lang='lat' dir='ltr'>ejus</span> <span class='ocrx_word' id='word_1_485' title='bbox 1135 393 1169 420; x_wconf 86' lang='lat' dir='ltr'>ad</span> <span class='ocrx_word' id='word_1_486' title='bbox 1181 393 1384 422; x_wconf 80' lang='lat' dir='ltr'>medicamina.»</span> 
     </span>
    </p>

    <p class='ocr_par' dir='ltr' id='par_1_13' title="bbox 954 436 1747 983">
     <span class='ocr_line' id='line_1_66' title="bbox 991 436 1742 479; baseline 0.015 -17"><span class='ocrx_word' id='word_1_487' title='bbox 991 436 1017 463; x_wconf 90' lang='lat'>8.</span> <span class='ocrx_word' id='word_1_488' title='bbox 1039 436 1162 465; x_wconf 75' lang='lat' dir='ltr'>Michaeas</span> <span class='ocrx_word' id='word_1_489' title='bbox 1187 446 1294 474; x_wconf 78' lang='lat' dir='ltr'>quoque</span> <span class='ocrx_word' id='word_1_490' title='bbox 1319 442 1447 476; x_wconf 82' lang='lat' dir='ltr'>propheta</span> <span class='ocrx_word' id='word_1_491' title='bbox 1470 442 1589 478; x_wconf 79' lang='lat' dir='ltr'>ejusdem</span> <span class='ocrx_word' id='word_1_492' title='bbox 1616 442 1742 479; x_wconf 85' lang='lat' dir='ltr'>baptismi</span> 
     </span>
     <span class='ocr_line' id='line_1_67' title="bbox 955 485 1741 524; baseline 0.013 -17"><span class='ocrx_word' id='word_1_493' title='bbox 955 487 1120 510; x_wconf 83' lang='lat' dir='ltr'>sacramenta</span> <span class='ocrx_word' id='word_1_494' title='bbox 1140 485 1192 512; x_wconf 86' lang='lat' dir='ltr'>sub</span> <span class='ocrx_word' id='word_1_495' title='bbox 1212 485 1294 519; x_wconf 83' lang='lat' dir='ltr'>iignra</span> <span class='ocrx_word' id='word_1_496' title='bbox 1323 486 1450 514; x_wconf 79' lang='lat' dir='ltr'>transitus</span> <span class='ocrx_word' id='word_1_497' title='bbox 1470 488 1550 516; x_wconf 84' lang='lat' dir='ltr'>maris</span> <span class='ocrx_word' id='word_1_498' title='bbox 1569 489 1605 516; x_wconf 88' lang='lat' dir='ltr'>ita</span> <span class='ocrx_word' id='word_1_499' title='bbox 1628 489 1741 524; x_wconf 80' lang='lat' dir='ltr'>revelat,</span> 
     </span>
     <span class='ocr_line' id='line_1_68' title="bbox 955 527 1743 568; baseline 0.013 -14"><span class='ocrx_word' id='word_1_500' title='bbox 955 527 1046 555; x_wconf 83' lang='lat' dir='ltr'>dicens</span> <span class='ocrx_word' id='word_1_501' title='bbox 1072 538 1077 554; x_wconf 84' lang='lat'><strong>:</strong></span> <span class='ocrx_word' id='word_1_502' title='bbox 1107 539 1116 555; x_wconf 83' lang='lat' dir='ltr'>t</span> <span class='ocrx_word' id='word_1_503' title='bbox 1133 530 1284 558; x_wconf 83' lang='lat' dir='ltr'>Secundum</span> <span class='ocrx_word' id='word_1_504' title='bbox 1299 532 1370 559; x_wconf 90' lang='lat' dir='ltr'>diem</span> <span class='ocrx_word' id='word_1_505' title='bbox 1384 534 1544 568; x_wconf 75' lang='lat' dir='ltr'>egressionis</span> <span class='ocrx_word' id='word_1_506' title='bbox 1559 539 1611 563; x_wconf 78' lang='lat' dir='ltr'>tuae</span> <span class='ocrx_word' id='word_1_507' title='bbox 1626 534 1659 564; x_wconf 90' lang='lat' dir='ltr'>de</span> <span class='ocrx_word' id='word_1_508' title='bbox 1674 540 1743 564; x_wconf 86' lang='lat' dir='ltr'>terra</span> 
     </span>
     <span class='ocr_line' id='line_1_69' title="bbox 956 575 1745 616; baseline 0.01 -14"><span class='ocrx_word' id='word_1_509' title='bbox 956 575 1065 611; x_wconf 70' lang='lat' dir='ltr'>AEgypti</span> <span class='ocrx_word' id='word_1_510' title='bbox 1089 577 1228 605; x_wconf 86' lang='lat' dir='ltr'>ostendam</span> <span class='ocrx_word' id='word_1_511' title='bbox 1243 579 1282 606; x_wconf 85' lang='lat' dir='ltr'>eis</span> <span class='ocrx_word' id='word_1_512' title='bbox 1300 579 1443 613; x_wconf 85' lang='lat' dir='ltr'>mirabilia,</span> <span class='ocrx_word' id='word_1_513' title='bbox 1460 580 1586 608; x_wconf 83' lang='lat' dir='ltr'>videbunt</span> <span class='ocrx_word' id='word_1_514' title='bbox 1599 585 1703 616; x_wconf 78' lang='lat' dir='ltr'>gentes,</span> <span class='ocrx_word' id='word_1_515' title='bbox 1718 587 1745 610; x_wconf 89' lang='lat' dir='ltr'>et</span> 
     </span>
     <span class='ocr_line' id='line_1_70' title="bbox 954 622 1746 662; baseline 0.008 -13"><span class='ocrx_word' id='word_1_516' title='bbox 954 622 1151 650; x_wconf 76' lang='lat' dir='ltr'>confundentur</span> <span class='ocrx_word' id='word_1_517' title='bbox 1167 624 1193 650; x_wconf 90' lang='lat' dir='ltr'>in</span> <span class='ocrx_word' id='word_1_518' title='bbox 1206 624 1360 652; x_wconf 77' lang='lat' dir='ltr'>fortitudine</span> <span class='ocrx_word' id='word_1_519' title='bbox 1374 633 1432 658; x_wconf 86' lang='lat' dir='ltr'>sua,</span> <span class='ocrx_word' id='word_1_520' title='bbox 1453 633 1548 654; x_wconf 86' lang='lat' dir='ltr'>manus</span> <span class='ocrx_word' id='word_1_521' title='bbox 1567 634 1629 654; x_wconf 85' lang='lat' dir='ltr'>suas</span> <span class='ocrx_word' id='word_1_522' title='bbox 1646 632 1746 662; x_wconf 87' lang='lat' dir='ltr'>ponent</span> 
     </span>
     <span class='ocr_line' id='line_1_71' title="bbox 958 671 1745 703; baseline 0.006 -8"><span class='ocrx_word' id='word_1_523' title='bbox 958 676 1039 702; x_wconf 88' lang='lat' dir='ltr'>super</span> <span class='ocrx_word' id='word_1_524' title='bbox 1062 677 1092 696; x_wconf 91' lang='lat' dir='ltr'>os</span> <span class='ocrx_word' id='word_1_525' title='bbox 1117 678 1206 703; x_wconf 81' lang='lat' dir='ltr'>suum,</span> <span class='ocrx_word' id='word_1_526' title='bbox 1222 678 1301 698; x_wconf 77' lang='lat' dir='ltr'>aures</span> <span class='ocrx_word' id='word_1_527' title='bbox 1315 678 1369 698; x_wconf 77' lang='lat' dir='ltr'>snae</span> <span class='ocrx_word' id='word_1_528' title='bbox 1383 671 1471 699; x_wconf 84' lang='lat' dir='ltr'>surdae</span> <span class='ocrx_word' id='word_1_529' title='bbox 1492 676 1579 699; x_wconf 91' lang='lat' dir='ltr'>erunt.</span> <span class='ocrx_word' id='word_1_530' title='bbox 1607 671 1745 700; x_wconf 87' lang='lat' dir='ltr'>Dominum</span> 
     </span>
     <span class='ocr_line' id='line_1_72' title="bbox 960 714 1746 752; baseline 0.008 -12"><span class='ocrx_word' id='word_1_531' title='bbox 960 714 1040 741; x_wconf 82' lang='lat' dir='ltr'>Deum</span> <span class='ocrx_word' id='word_1_532' title='bbox 1065 720 1184 743; x_wconf 86' lang='lat' dir='ltr'>nostrum</span> <span class='ocrx_word' id='word_1_533' title='bbox 1207 717 1406 749; x_wconf 74' lang='lat' dir='ltr'>desiderabunt,</span> <span class='ocrx_word' id='word_1_534' title='bbox 1430 723 1457 746; x_wconf 88' lang='lat' dir='ltr'>et</span> <span class='ocrx_word' id='word_1_535' title='bbox 1481 719 1610 746; x_wconf 88' lang='lat' dir='ltr'>timebunt</span> <span class='ocrx_word' id='word_1_536' title='bbox 1629 724 1664 746; x_wconf 90' lang='lat' dir='ltr'>te.</span> <span class='ocrx_word' id='word_1_537' title='bbox 1681 719 1746 752; x_wconf 90' lang='lat' dir='ltr'>Quis</span> 
     </span>
     <span class='ocr_line' id='line_1_73' title="bbox 959 757 1746 797; baseline 0.005 -10"><span class='ocrx_word' id='word_1_538' title='bbox 959 761 1028 788; x_wconf 81' lang='lat' dir='ltr'>Deus</span> <span class='ocrx_word' id='word_1_539' title='bbox 1041 757 1135 790; x_wconf 70' lang='lat' dir='ltr'>similis</span> <span class='ocrx_word' id='word_1_540' title='bbox 1151 762 1218 789; x_wconf 78' lang='lat' dir='ltr'>tibi?</span> <span class='ocrx_word' id='word_1_541' title='bbox 1232 763 1276 797; x_wconf 80' lang='lat' dir='ltr'>qui</span> <span class='ocrx_word' id='word_1_542' title='bbox 1289 764 1377 790; x_wconf 73' lang='lat' dir='ltr'>:mini-s</span> <span class='ocrx_word' id='word_1_543' title='bbox 1389 764 1564 797; x_wconf 79' lang='lat' dir='ltr'>iniquitatem,</span> <span class='ocrx_word' id='word_1_544' title='bbox 1577 769 1603 791; x_wconf 84' lang='lat' dir='ltr'>et</span> <span class='ocrx_word' id='word_1_545' title='bbox 1618 765 1746 792; x_wconf 62' lang='lat' dir='ltr'>transivrs</span> 
     </span>
     <span class='ocr_line' id='line_1_74' title="bbox 958 808 1745 844; baseline 0.005 -10"><span class='ocrx_word' id='word_1_546' title='bbox 958 811 1095 841; x_wconf 78' lang='lat' dir='ltr'>peccatum</span> <span class='ocrx_word' id='word_1_547' title='bbox 1115 808 1287 844; x_wconf 84' lang='lat' dir='ltr'>reliquiarum</span> <span class='ocrx_word' id='word_1_548' title='bbox 1305 810 1403 837; x_wconf 72' lang='lat' dir='ltr'>lsrael?</span> <span class='ocrx_word' id='word_1_549' title='bbox 1427 811 1494 844; x_wconf 84' lang='lat' dir='ltr'>Quia</span> <span class='ocrx_word' id='word_1_550' title='bbox 1520 811 1673 838; x_wconf 83' lang='lat' dir='ltr'>misericors</span> <span class='ocrx_word' id='word_1_551' title='bbox 1694 815 1745 844; x_wconf 85' lang='lat' dir='ltr'>est,</span> 
     </span>
     <span class='ocr_line' id='line_1_75' title="bbox 958 856 1747 892; baseline 0.005 -12"><span class='ocrx_word' id='word_1_552' title='bbox 958 859 1137 888; x_wconf 87' lang='lat' dir='ltr'>convertetur,</span> <span class='ocrx_word' id='word_1_553' title='bbox 1154 859 1181 882; x_wconf 90' lang='lat' dir='ltr'>et</span> <span class='ocrx_word' id='word_1_554' title='bbox 1197 856 1364 883; x_wconf 83' lang='lat' dir='ltr'>miserebitur</span> <span class='ocrx_word' id='word_1_555' title='bbox 1382 857 1475 890; x_wconf 87' lang='lat' dir='ltr'>nostri,</span> <span class='ocrx_word' id='word_1_556' title='bbox 1492 858 1606 892; x_wconf 78' lang='lat' dir='ltr'>deponet</span> <span class='ocrx_word' id='word_1_557' title='bbox 1625 857 1747 892; x_wconf 78' lang='lat' dir='ltr'>iniquita-</span> 
     </span>
     <span class='ocr_line' id='line_1_76' title="bbox 957 901 1746 937; baseline 0.006 -11"><span class='ocrx_word' id='word_1_558' title='bbox 957 903 999 926; x_wconf 87' lang='lat' dir='ltr'>tes</span> <span class='ocrx_word' id='word_1_559' title='bbox 1019 905 1134 934; x_wconf 85' lang='lat' dir='ltr'>nostras,</span> <span class='ocrx_word' id='word_1_560' title='bbox 1156 905 1182 928; x_wconf 90' lang='lat' dir='ltr'>et</span> <span class='ocrx_word' id='word_1_561' title='bbox 1204 901 1327 937; x_wconf 82' lang='lat' dir='ltr'>projiciet</span> <span class='ocrx_word' id='word_1_562' title='bbox 1342 903 1367 930; x_wconf 91' lang='lat' dir='ltr'>in</span> <span class='ocrx_word' id='word_1_563' title='bbox 1385 903 1544 937; x_wconf 80' lang='lat' dir='ltr'>profundum</span> <span class='ocrx_word' id='word_1_564' title='bbox 1565 904 1646 931; x_wconf 87' lang='lat' dir='ltr'>maris</span> <span class='ocrx_word' id='word_1_565' title='bbox 1659 904 1746 931; x_wconf 88' lang='lat' dir='ltr'>omnia</span> 
     </span>
     <span class='ocr_line' id='line_1_77' title="bbox 958 947 1510 983; baseline 0.005 -12"><span class='ocrx_word' id='word_1_566' title='bbox 958 950 1066 979; x_wconf 78' lang='lat' dir='ltr'>peccata</span> <span class='ocrx_word' id='word_1_567' title='bbox 1086 950 1176 974; x_wconf 88' lang='lat' dir='ltr'>nostra</span> <span class='ocrx_word' id='word_1_568' title='bbox 1193 947 1286 982; x_wconf 78' lang='lat' dir='ltr'>(Mich.</span> <span class='ocrx_word' id='word_1_569' title='bbox 1300 955 1345 980; x_wconf 82' lang='lat' dir='ltr'>vn,</span> <span class='ocrx_word' id='word_1_570' title='bbox 1366 949 1407 980; x_wconf 77' lang='lat'>15,</span> <span class='ocrx_word' id='word_1_571' title='bbox 1426 948 1480 983; x_wconf 82' lang='lat' dir='ltr'>ta).</span> <span class='ocrx_word' id='word_1_572' title='bbox 1502 958 1510 974; x_wconf 81' lang='grc' dir='ltr'>ι</span> 
     </span>
    </p>

    <p class='ocr_par' dir='ltr' id='par_1_14' title="bbox 957 992 1832 1444">
     <span class='ocr_line' id='line_1_78' title="bbox 993 992 1748 1028; baseline 0.007 -9"><span class='ocrx_word' id='word_1_573' title='bbox 993 992 1020 1019; x_wconf 84' lang='grc'>9.</span> <span class='ocrx_word' id='word_1_574' title='bbox 1040 993 1067 1020; x_wconf 86' lang='lat' dir='ltr'>in</span> <span class='ocrx_word' id='word_1_575' title='bbox 1084 1001 1134 1028; x_wconf 80' lang='lat' dir='ltr'>qua</span> <span class='ocrx_word' id='word_1_576' title='bbox 1156 995 1288 1022; x_wconf 83' lang='lat' dir='ltr'>sententia</span> <span class='ocrx_word' id='word_1_577' title='bbox 1311 996 1394 1022; x_wconf 82' lang='lat' dir='ltr'>lector</span> <span class='ocrx_word' id='word_1_578' title='bbox 1419 994 1613 1024; x_wconf 87' lang='lat' dir='ltr'>animadvertet</span> <span class='ocrx_word' id='word_1_579' title='bbox 1637 997 1748 1024; x_wconf 77' lang='lat' dir='ltr'>manife-</span> 
     </span>
     <span class='ocr_line' id='line_1_79' title="bbox 958 1038 1832 1081; baseline 0.007 -17"><span class='ocrx_word' id='word_1_580' title='bbox 958 1038 1077 1065; x_wconf 87' lang='lat' dir='ltr'>stissime</span> <span class='ocrx_word' id='word_1_581' title='bbox 1109 1039 1221 1066; x_wconf 86' lang='lat' dir='ltr'>revelari</span> <span class='ocrx_word' id='word_1_582' title='bbox 1253 1046 1280 1064; x_wconf 70' lang='lat'>&gt;=</span> <span class='ocrx_word' id='word_1_583' title='bbox 1318 1045 1516 1068; x_wconf 84' lang='lat' dir='ltr'>sacrosanctum</span> <span class='ocrx_word' id='word_1_584' title='bbox 1543 1047 1562 1081; x_wconf 60' lang='grc' dir='ltr'>Ἴ</span> <span class='ocrx_word' id='word_1_585' title='bbox 1593 1043 1746 1077; x_wconf 83' lang='lat' dir='ltr'>mysterium</span> <span class='ocrx_word' id='word_1_586' title='bbox 1826 1070 1832 1075; x_wconf 80' lang='grc'><em>,</em></span> 
     </span>
     <span class='ocr_line' id='line_1_80' title="bbox 959 1083 1832 1121; baseline 0.006 -11"><span class='ocrx_word' id='word_1_587' title='bbox 959 1083 1093 1118; x_wconf 86' lang='lat' dir='ltr'>baptismi.</span> <span class='ocrx_word' id='word_1_588' title='bbox 1123 1084 1282 1117; x_wconf 73' lang='lat' dir='ltr'>seeundum,</span> <span class='ocrx_word' id='word_1_589' title='bbox 1308 1085 1402 1120; x_wconf 87' lang='lat' dir='ltr'>inquit,</span> <span class='ocrx_word' id='word_1_590' title='bbox 1429 1086 1495 1113; x_wconf 81' lang='lat' dir='ltr'>diem</span> <span class='ocrx_word' id='word_1_591' title='bbox 1525 1087 1674 1121; x_wconf 73' lang='lat' dir='ltr'>oqressionis</span> <span class='ocrx_word' id='word_1_592' title='bbox 1699 1091 1749 1114; x_wconf 77' lang='lat' dir='ltr'>tute</span> <span class='ocrx_word' id='word_1_593' title='bbox 1794 1103 1796 1106; x_wconf 62' lang='lat'>&gt;</span> <span class='ocrx_word' id='word_1_594' title='bbox 1826 1093 1832 1095; x_wconf 76' lang='grc'><em>“</em></span> 
     </span>
     <span class='ocr_line' id='line_1_81' title="bbox 959 1130 1749 1166; baseline 0.005 -9"><span class='ocrx_word' id='word_1_595' title='bbox 959 1132 990 1157; x_wconf 76' lang='lat' dir='ltr'>de</span> <span class='ocrx_word' id='word_1_596' title='bbox 1005 1130 1122 1166; x_wconf 70' lang='lat' dir='ltr'>AEyypto</span> <span class='ocrx_word' id='word_1_597' title='bbox 1136 1132 1269 1159; x_wconf 78' lang='lat' dir='ltr'>ostendam</span> <span class='ocrx_word' id='word_1_598' title='bbox 1285 1132 1320 1159; x_wconf 82' lang='lat' dir='ltr'>eis</span> <span class='ocrx_word' id='word_1_599' title='bbox 1338 1132 1478 1166; x_wconf 73' lang='lat' dir='ltr'>mirabilia,</span> <span class='ocrx_word' id='word_1_600' title='bbox 1501 1132 1592 1160; x_wconf 81' lang='lat' dir='ltr'>deinde</span> <span class='ocrx_word' id='word_1_601' title='bbox 1612 1133 1694 1161; x_wconf 75' lang='lat' dir='ltr'>hostes</span> <span class='ocrx_word' id='word_1_602' title='bbox 1711 1142 1749 1161; x_wconf 74' lang='lat' dir='ltr'>se-</span> 
     </span>
     <span class='ocr_line' id='line_1_82' title="bbox 958 1178 1749 1216; baseline 0.005 -12"><span class='ocrx_word' id='word_1_603' title='bbox 958 1182 1072 1212; x_wconf 71' lang='lat' dir='ltr'>quentes,</span> <span class='ocrx_word' id='word_1_604' title='bbox 1094 1178 1119 1205; x_wconf 85' lang='lat' dir='ltr'>id</span> <span class='ocrx_word' id='word_1_605' title='bbox 1135 1183 1186 1212; x_wconf 86' lang='lat' dir='ltr'>est,</span> <span class='ocrx_word' id='word_1_606' title='bbox 1202 1179 1298 1206; x_wconf 84' lang='lat' dir='ltr'>delicta</span> <span class='ocrx_word' id='word_1_607' title='bbox 1313 1183 1404 1206; x_wconf 88' lang='lat' dir='ltr'>nostra</span> <span class='ocrx_word' id='word_1_608' title='bbox 1420 1179 1565 1213; x_wconf 66' lang='lat' dir='ltr'>praeterita,</span> <span class='ocrx_word' id='word_1_609' title='bbox 1581 1180 1649 1208; x_wconf 85' lang='lat' dir='ltr'>sicut</span> <span class='ocrx_word' id='word_1_610' title='bbox 1662 1180 1749 1216; x_wconf 80' lang='lat' dir='ltr'>AEgy-</span> 
     </span>
     <span class='ocr_line' id='line_1_83' title="bbox 959 1224 1749 1262; baseline 0.006 -12"><span class='ocrx_word' id='word_1_611' title='bbox 959 1224 1027 1258; x_wconf 85' lang='lat' dir='ltr'>ptios</span> <span class='ocrx_word' id='word_1_612' title='bbox 1042 1225 1068 1251; x_wconf 92' lang='lat' dir='ltr'>in</span> <span class='ocrx_word' id='word_1_613' title='bbox 1084 1231 1158 1253; x_wconf 88' lang='lat' dir='ltr'>mare</span> <span class='ocrx_word' id='word_1_614' title='bbox 1174 1225 1318 1259; x_wconf 78' lang='lat' dir='ltr'>proiectos,</span> <span class='ocrx_word' id='word_1_615' title='bbox 1334 1226 1369 1253; x_wconf 87' lang='lat' dir='ltr'>ita</span> <span class='ocrx_word' id='word_1_616' title='bbox 1382 1224 1409 1252; x_wconf 91' lang='lat' dir='ltr'>in</span> <span class='ocrx_word' id='word_1_617' title='bbox 1424 1225 1555 1260; x_wconf 83' lang='lat' dir='ltr'>baptismo</span> <span class='ocrx_word' id='word_1_618' title='bbox 1568 1226 1654 1254; x_wconf 85' lang='lat' dir='ltr'>deleta</span> <span class='ocrx_word' id='word_1_619' title='bbox 1670 1232 1749 1262; x_wconf 84' lang='lat' dir='ltr'>atque</span> 
     </span>
     <span class='ocr_line' id='line_1_84' title="bbox 958 1271 1748 1306; baseline 0.004 -9"><span class='ocrx_word' id='word_1_620' title='bbox 958 1271 1100 1303; x_wconf 83' lang='lat' dir='ltr'>exstincta,</span> <span class='ocrx_word' id='word_1_621' title='bbox 1125 1272 1161 1298; x_wconf 89' lang='lat' dir='ltr'>ita</span> <span class='ocrx_word' id='word_1_622' title='bbox 1183 1272 1345 1306; x_wconf 84' lang='lat' dir='ltr'>pronuntiat,</span> <span class='ocrx_word' id='word_1_623' title='bbox 1374 1272 1466 1299; x_wconf 88' lang='lat' dir='ltr'>dicens</span> <span class='ocrx_word' id='word_1_624' title='bbox 1483 1282 1489 1299; x_wconf 71' lang='grc' dir='ltr'><strong><em>ι</em></strong></span> <span class='ocrx_word' id='word_1_625' title='bbox 1506 1273 1633 1304; x_wconf 84' lang='lat' dir='ltr'>Quoniam</span> <span class='ocrx_word' id='word_1_626' title='bbox 1649 1273 1748 1300; x_wconf 85' lang='lat' dir='ltr'>miseri-</span> 
     </span>
     <span class='ocr_line' id='line_1_85' title="bbox 958 1318 1749 1350; baseline 0.005 -8"><span class='ocrx_word' id='word_1_627' title='bbox 958 1323 1016 1343; x_wconf 76' lang='lat' dir='ltr'>cors</span> <span class='ocrx_word' id='word_1_628' title='bbox 1029 1321 1074 1348; x_wconf 75' lang='lat' dir='ltr'>est,</span> <span class='ocrx_word' id='word_1_629' title='bbox 1089 1321 1256 1350; x_wconf 79' lang='lat' dir='ltr'>convertetur,</span> <span class='ocrx_word' id='word_1_630' title='bbox 1271 1322 1294 1345; x_wconf 88' lang='lat' dir='ltr'>et</span> <span class='ocrx_word' id='word_1_631' title='bbox 1309 1318 1467 1345; x_wconf 75' lang='lat' dir='ltr'>miserebitur</span> <span class='ocrx_word' id='word_1_632' title='bbox 1485 1319 1574 1346; x_wconf 81' lang='lat' dir='ltr'>nostri.</span> <span class='ocrx_word' id='word_1_633' title='bbox 1594 1326 1621 1348; x_wconf 71' lang='lat'>&gt;-</span> <span class='ocrx_word' id='word_1_634' title='bbox 1646 1318 1749 1346; x_wconf 86' lang='lat' dir='ltr'>Demer-</span> 
     </span>
     <span class='ocr_line' id='line_1_86' title="bbox 957 1364 1749 1402; baseline 0.004 -12"><span class='ocrx_word' id='word_1_635' title='bbox 957 1367 998 1399; x_wconf 69' lang='lat' dir='ltr'>qet</span> <span class='ocrx_word' id='word_1_636' title='bbox 1012 1364 1105 1391; x_wconf 80' lang='lat' dir='ltr'>delicta</span> <span class='ocrx_word' id='word_1_637' title='bbox 1127 1369 1224 1397; x_wconf 81' lang='lat' dir='ltr'>nostra,</span> <span class='ocrx_word' id='word_1_638' title='bbox 1238 1367 1257 1402; x_wconf 73' lang='grc' dir='ltr'>Ἰ</span> <span class='ocrx_word' id='word_1_639' title='bbox 1273 1369 1297 1391; x_wconf 83' lang='lat' dir='ltr'>et</span> <span class='ocrx_word' id='word_1_640' title='bbox 1310 1365 1426 1400; x_wconf 73' lang='lat' dir='ltr'>projiciet</span> <span class='ocrx_word' id='word_1_641' title='bbox 1450 1366 1477 1392; x_wconf 86' lang='lat' dir='ltr'>iu</span> <span class='ocrx_word' id='word_1_642' title='bbox 1497 1365 1652 1401; x_wconf 61' lang='lat' dir='ltr'>profundum</span> <span class='ocrx_word' id='word_1_643' title='bbox 1673 1366 1749 1393; x_wconf 74' lang='lat' dir='ltr'>maria</span> 
     </span>
     <span class='ocr_line' id='line_1_87' title="bbox 957 1410 1270 1444; baseline 0 -8"><span class='ocrx_word' id='word_1_644' title='bbox 957 1410 1043 1436; x_wconf 77' lang='lat' dir='ltr'>omnia</span> <span class='ocrx_word' id='word_1_645' title='bbox 1057 1414 1159 1444; x_wconf 84' lang='lat' dir='ltr'>peccata</span> <span class='ocrx_word' id='word_1_646' title='bbox 1173 1414 1270 1437; x_wconf 47' lang='lat' dir='ltr'>nostra.</span> 
     </span>
    </p>

    <p class='ocr_par' dir='ltr' id='par_1_15' title="bbox 956 1456 1832 2131">
     <span class='ocr_line' id='line_1_88' title="bbox 992 1456 1747 1494; baseline 0.004 -12"><span class='ocrx_word' id='word_1_647' title='bbox 992 1456 1036 1483; x_wconf 60' lang='lat'>⁴0.</span> <span class='ocrx_word' id='word_1_648' title='bbox 1056 1456 1124 1490; x_wconf 86' lang='lat' dir='ltr'>Quid</span> <span class='ocrx_word' id='word_1_649' title='bbox 1135 1456 1205 1484; x_wconf 85' lang='lat' dir='ltr'>enim</span> <span class='ocrx_word' id='word_1_650' title='bbox 1214 1457 1310 1494; x_wconf 75' lang='lat' dir='ltr'>clarius</span> <span class='ocrx_word' id='word_1_651' title='bbox 1321 1457 1371 1484; x_wconf 78' lang='lat' dir='ltr'>iioc</span> <span class='ocrx_word' id='word_1_652' title='bbox 1384 1457 1554 1484; x_wconf 71' lang='lat' dir='ltr'>testimonio?</span> <span class='ocrx_word' id='word_1_653' title='bbox 1567 1457 1663 1493; x_wconf 83' lang='lat' dir='ltr'>quidve</span> <span class='ocrx_word' id='word_1_654' title='bbox 1672 1465 1747 1492; x_wconf 88' lang='lat' dir='ltr'>aper-</span> 
     </span>
     <span class='ocr_line' id='line_1_89' title="bbox 956 1500 1751 1540; baseline 0.004 -12"><span class='ocrx_word' id='word_1_655' title='bbox 956 1500 1027 1528; x_wconf 79' lang='lat' dir='ltr'>tius?</span> <span class='ocrx_word' id='word_1_656' title='bbox 1039 1502 1126 1529; x_wconf 86' lang='lat' dir='ltr'>omnis</span> <span class='ocrx_word' id='word_1_657' title='bbox 1137 1502 1207 1529; x_wconf 87' lang='lat' dir='ltr'>enim</span> <span class='ocrx_word' id='word_1_658' title='bbox 1219 1509 1266 1536; x_wconf 86' lang='lat' dir='ltr'>per</span> <span class='ocrx_word' id='word_1_659' title='bbox 1279 1502 1357 1529; x_wconf 84' lang='lat' dir='ltr'>iidem</span> <span class='ocrx_word' id='word_1_660' title='bbox 1371 1509 1449 1530; x_wconf 89' lang='lat' dir='ltr'>verus</span> <span class='ocrx_word' id='word_1_661' title='bbox 1462 1503 1542 1530; x_wconf 82' lang='lat' dir='ltr'>lsrael</span> <span class='ocrx_word' id='word_1_662' title='bbox 1558 1503 1611 1531; x_wconf 83' lang='lat' dir='ltr'>exit</span> <span class='ocrx_word' id='word_1_663' title='bbox 1626 1504 1659 1530; x_wconf 86' lang='lat' dir='ltr'>ab</span> <span class='ocrx_word' id='word_1_664' title='bbox 1669 1503 1751 1540; x_wconf 76' lang='lat' dir='ltr'>AEgy·</span> 
     </span>
     <span class='ocr_line' id='line_1_90' title="bbox 960 1547 1749 1585; baseline 0.006 -12"><span class='ocrx_word' id='word_1_665' title='bbox 960 1551 1014 1582; x_wconf 83' lang='lat' dir='ltr'>pto,</span> <span class='ocrx_word' id='word_1_666' title='bbox 1030 1547 1093 1574; x_wconf 91' lang='lat' dir='ltr'>dum</span> <span class='ocrx_word' id='word_1_667' title='bbox 1107 1547 1241 1575; x_wconf 86' lang='lat' dir='ltr'>renuntiat</span> <span class='ocrx_word' id='word_1_668' title='bbox 1256 1548 1370 1581; x_wconf 79' lang='lat' dir='ltr'>saecut0;</span> <span class='ocrx_word' id='word_1_669' title='bbox 1393 1548 1592 1585; x_wconf 79' lang='lat' dir='ltr'>ingrediturque</span> <span class='ocrx_word' id='word_1_670' title='bbox 1610 1558 1683 1578; x_wconf 87' lang='lat' dir='ltr'>mare</span> <span class='ocrx_word' id='word_1_671' title='bbox 1697 1550 1749 1579; x_wconf 77' lang='lat' dir='ltr'>itu-</span> 
     </span>
     <span class='ocr_line' id='line_1_91' title="bbox 961 1594 1749 1632; baseline 0.008 -11"><span class='ocrx_word' id='word_1_672' title='bbox 961 1594 1049 1627; x_wconf 88' lang='lat' dir='ltr'>brum,</span> <span class='ocrx_word' id='word_1_673' title='bbox 1061 1594 1233 1630; x_wconf 86' lang='lat' dir='ltr'>baptismum,</span> <span class='ocrx_word' id='word_1_674' title='bbox 1248 1595 1359 1629; x_wconf 86' lang='lat' dir='ltr'>scilicet,</span> <span class='ocrx_word' id='word_1_675' title='bbox 1374 1595 1472 1624; x_wconf 82' lang='lat' dir='ltr'>Christi</span> <span class='ocrx_word' id='word_1_676' title='bbox 1488 1604 1584 1625; x_wconf 87' lang='lat' dir='ltr'>cruore</span> <span class='ocrx_word' id='word_1_677' title='bbox 1605 1597 1749 1632; x_wconf 83' lang='lat' dir='ltr'>signatum.</span> 
     </span>
     <span class='ocr_line' id='line_1_92' title="bbox 959 1640 1750 1680; baseline 0.008 -12"><span class='ocrx_word' id='word_1_678' title='bbox 959 1640 1034 1669; x_wconf 72' lang='lat' dir='ltr'>Tunc</span> <span class='ocrx_word' id='word_1_679' title='bbox 1050 1641 1141 1670; x_wconf 83' lang='lat' dir='ltr'>hostes</span> <span class='ocrx_word' id='word_1_680' title='bbox 1158 1643 1330 1676; x_wconf 79' lang='lat' dir='ltr'>insequentes</span> <span class='ocrx_word' id='word_1_681' title='bbox 1344 1643 1490 1678; x_wconf 87' lang='lat' dir='ltr'>intereunt,</span> <span class='ocrx_word' id='word_1_682' title='bbox 1511 1646 1571 1680; x_wconf 84' lang='lat' dir='ltr'>quia</span> <span class='ocrx_word' id='word_1_683' title='bbox 1593 1646 1682 1673; x_wconf 85' lang='lat' dir='ltr'>statim</span> <span class='ocrx_word' id='word_1_684' title='bbox 1703 1646 1750 1674; x_wconf 85' lang='lat' dir='ltr'>de-</span> 
     </span>
     <span class='ocr_line' id='line_1_93' title="bbox 960 1687 1748 1726; baseline 0.006 -12"><span class='ocrx_word' id='word_1_685' title='bbox 960 1687 1021 1714; x_wconf 86' lang='lat' dir='ltr'>licta</span> <span class='ocrx_word' id='word_1_686' title='bbox 1036 1688 1196 1722; x_wconf 89' lang='lat' dir='ltr'>moriuntur,</span> <span class='ocrx_word' id='word_1_687' title='bbox 1207 1687 1252 1715; x_wconf 89' lang='lat' dir='ltr'>ubi</span> <span class='ocrx_word' id='word_1_688' title='bbox 1265 1688 1360 1716; x_wconf 88' lang='lat' dir='ltr'>animae</span> <span class='ocrx_word' id='word_1_689' title='bbox 1368 1694 1584 1723; x_wconf 83' lang='lat' dir='ltr'>regeneratorum</span> <span class='ocrx_word' id='word_1_690' title='bbox 1596 1695 1748 1726; x_wconf 81' lang='lat' dir='ltr'>resurgunt.</span> 
     </span>
     <span class='ocr_line' id='line_1_94' title="bbox 961 1732 1750 1771; baseline 0.008 -11"><span class='ocrx_word' id='word_1_691' title='bbox 961 1732 1085 1768; x_wconf 86' lang='lat' dir='ltr'>Legimus</span> <span class='ocrx_word' id='word_1_692' title='bbox 1107 1741 1213 1769; x_wconf 76' lang='lat' dir='ltr'>quoque</span> <span class='ocrx_word' id='word_1_693' title='bbox 1231 1735 1318 1761; x_wconf 76' lang='lat' dir='ltr'>Aaron</span> <span class='ocrx_word' id='word_1_694' title='bbox 1340 1735 1366 1761; x_wconf 91' lang='lat' dir='ltr'>in</span> <span class='ocrx_word' id='word_1_695' title='bbox 1391 1735 1602 1770; x_wconf 64' lang='lat' dir='ltr'>praefiguratione</span> <span class='ocrx_word' id='word_1_696' title='bbox 1626 1737 1750 1771; x_wconf 82' lang='lat' dir='ltr'>baptismi</span> 
     </span>
     <span class='ocr_line' id='line_1_95' title="bbox 960 1781 1750 1819; baseline 0.006 -11"><span class='ocrx_word' id='word_1_697' title='bbox 960 1782 1037 1815; x_wconf 73' lang='lat' dir='ltr'>amnis</span> <span class='ocrx_word' id='word_1_698' title='bbox 1046 1781 1176 1814; x_wconf 86' lang='lat' dir='ltr'>ablutum,</span> <span class='ocrx_word' id='word_1_699' title='bbox 1187 1781 1262 1816; x_wconf 86' lang='lat' dir='ltr'>cujus</span> <span class='ocrx_word' id='word_1_700' title='bbox 1273 1781 1318 1808; x_wconf 84' lang='lat' dir='ltr'>tilii</span> <span class='ocrx_word' id='word_1_701' title='bbox 1330 1782 1479 1809; x_wconf 84' lang='lat' dir='ltr'>sacerdotio</span> <span class='ocrx_word' id='word_1_702' title='bbox 1491 1787 1601 1817; x_wconf 88' lang='lat' dir='ltr'>paterno</span> <span class='ocrx_word' id='word_1_703' title='bbox 1610 1785 1750 1819; x_wconf 78' lang='lat' dir='ltr'>participes</span> 
     </span>
     <span class='ocr_line' id='line_1_96' title="bbox 959 1826 1749 1865; baseline 0.005 -12"><span class='ocrx_word' id='word_1_704' title='bbox 959 1826 1047 1854; x_wconf 86' lang='lat' dir='ltr'>laticis</span> <span class='ocrx_word' id='word_1_705' title='bbox 1063 1827 1142 1854; x_wconf 79' lang='lat' dir='ltr'>etiam</span> <span class='ocrx_word' id='word_1_706' title='bbox 1157 1827 1370 1855; x_wconf 72' lang='lat' dir='ltr'>sanctificatione</span> <span class='ocrx_word' id='word_1_707' title='bbox 1382 1827 1563 1861; x_wconf 79' lang='lat' dir='ltr'>purificantur.</span> <span class='ocrx_word' id='word_1_708' title='bbox 1574 1826 1672 1864; x_wconf 62' lang='lat' dir='ltr'>(timu.</span> <span class='ocrx_word' id='word_1_709' title='bbox 1685 1838 1749 1865; x_wconf 82' lang='lat' dir='ltr'>xxx,</span> 
     </span>
     <span class='ocr_line' id='line_1_97' title="bbox 960 1871 1750 1909; baseline 0.004 -9"><span class='ocrx_word' id='word_1_710' title='bbox 960 1871 1009 1904; x_wconf 73' lang='lat'>⁵8;</span> <span class='ocrx_word' id='word_1_711' title='bbox 1037 1871 1116 1899; x_wconf 86' lang='lat' dir='ltr'>Levit.</span> <span class='ocrx_word' id='word_1_712' title='bbox 1144 1879 1201 1904; x_wconf 81' lang='lat' dir='ltr'>vni,</span> <span class='ocrx_word' id='word_1_713' title='bbox 1229 1871 1266 1906; x_wconf 80' lang='lat'>6).</span> <span class='ocrx_word' id='word_1_714' title='bbox 1292 1871 1350 1899; x_wconf 79' lang='lat' dir='ltr'>iam</span> <span class='ocrx_word' id='word_1_715' title='bbox 1367 1877 1430 1900; x_wconf 89' lang='lat' dir='ltr'>tunc</span> <span class='ocrx_word' id='word_1_716' title='bbox 1447 1872 1554 1908; x_wconf 86' lang='lat' dir='ltr'>quidem</span> <span class='ocrx_word' id='word_1_717' title='bbox 1571 1875 1691 1909; x_wconf 82' lang='lat' dir='ltr'>purgatio</span> <span class='ocrx_word' id='word_1_718' title='bbox 1705 1874 1750 1903; x_wconf 88' lang='lat' dir='ltr'>illa</span> 
     </span>
     <span class='ocr_line' id='line_1_98' title="bbox 959 1914 1832 1955; baseline 0.001 -7"><span class='ocrx_word' id='word_1_719' title='bbox 959 1919 1083 1955; x_wconf 85' lang='lat' dir='ltr'>baptismi</span> <span class='ocrx_word' id='word_1_720' title='bbox 1096 1919 1210 1946; x_wconf 76' lang='lat' dir='ltr'>sormam</span> <span class='ocrx_word' id='word_1_721' title='bbox 1225 1919 1345 1954; x_wconf 80' lang='lat' dir='ltr'>gerebat,</span> <span class='ocrx_word' id='word_1_722' title='bbox 1359 1914 1438 1955; x_wconf 69' lang='lat' dir='ltr'>‘euius</span> <span class='ocrx_word' id='word_1_723' title='bbox 1452 1927 1523 1948; x_wconf 86' lang='lat' dir='ltr'>nunc</span> <span class='ocrx_word' id='word_1_724' title='bbox 1538 1919 1638 1949; x_wconf 83' lang='lat' dir='ltr'>lavacri</span> <span class='ocrx_word' id='word_1_725' title='bbox 1661 1929 1751 1949; x_wconf 85' lang='lat' dir='ltr'>saera·</span> <span class='ocrx_word' id='word_1_726' title='bbox 1827 1917 1832 1948; x_wconf 93' lang='lat' dir='ltr'>l</span> 
     </span>
     <span class='ocr_line' id='line_1_99' title="bbox 961 1965 1750 2002; baseline 0.004 -9"><span class='ocrx_word' id='word_1_727' title='bbox 961 1971 1051 1993; x_wconf 89' lang='lat' dir='ltr'>mento</span> <span class='ocrx_word' id='word_1_728' title='bbox 1073 1965 1191 1992; x_wconf 84' lang='lat' dir='ltr'>abluitur</span> <span class='ocrx_word' id='word_1_729' title='bbox 1217 1965 1304 1992; x_wconf 87' lang='lat' dir='ltr'>omnis</span> <span class='ocrx_word' id='word_1_730' title='bbox 1322 1965 1435 2000; x_wconf 83' lang='lat' dir='ltr'>populus</span> <span class='ocrx_word' id='word_1_731' title='bbox 1453 1965 1591 1999; x_wconf 67' lang='lat' dir='ltr'>Ecclesiae,</span> <span class='ocrx_word' id='word_1_732' title='bbox 1619 1967 1689 2002; x_wconf 81' lang='lat' dir='ltr'>quod</span> <span class='ocrx_word' id='word_1_733' title='bbox 1709 1971 1750 1996; x_wconf 86' lang='lat' dir='ltr'>est</span> 
     </span>
     <span class='ocr_line' id='line_1_100' title="bbox 959 2010 1750 2048; baseline 0.001 -9"><span class='ocrx_word' id='word_1_734' title='bbox 959 2019 1056 2046; x_wconf 81' lang='lat' dir='ltr'>corpus</span> <span class='ocrx_word' id='word_1_735' title='bbox 1067 2011 1122 2039; x_wconf 86' lang='lat' dir='ltr'>veri</span> <span class='ocrx_word' id='word_1_736' title='bbox 1133 2015 1159 2038; x_wconf 91' lang='lat' dir='ltr'>et</span> <span class='ocrx_word' id='word_1_737' title='bbox 1173 2011 1259 2045; x_wconf 86' lang='lat' dir='ltr'>magni</span> <span class='ocrx_word' id='word_1_738' title='bbox 1271 2010 1428 2046; x_wconf 84' lang='lat' dir='ltr'>sacerdotis,</span> <span class='ocrx_word' id='word_1_739' title='bbox 1443 2011 1471 2038; x_wconf 91' lang='lat' dir='ltr'>in</span> <span class='ocrx_word' id='word_1_740' title='bbox 1486 2012 1671 2040; x_wconf 83' lang='lat' dir='ltr'>remissionem</span> <span class='ocrx_word' id='word_1_741' title='bbox 1685 2021 1750 2048; x_wconf 83' lang='lat' dir='ltr'>pec-</span> 
     </span>
     <span class='ocr_line' id='line_1_101' title="bbox 959 2057 1749 2092; baseline 0.001 -7"><span class='ocrx_word' id='word_1_742' title='bbox 959 2062 1090 2090; x_wconf 77' lang='lat' dir='ltr'>catorum,</span> <span class='ocrx_word' id='word_1_743' title='bbox 1102 2061 1139 2092; x_wconf 86' lang='lat' dir='ltr'>et,</span> <span class='ocrx_word' id='word_1_744' title='bbox 1152 2057 1213 2084; x_wconf 90' lang='lat' dir='ltr'>lotis</span> <span class='ocrx_word' id='word_1_745' title='bbox 1225 2057 1358 2090; x_wconf 83' lang='lat' dir='ltr'>sordibus,</span> <span class='ocrx_word' id='word_1_746' title='bbox 1374 2057 1399 2084; x_wconf 87' lang='lat' dir='ltr'>in</span> <span class='ocrx_word' id='word_1_747' title='bbox 1414 2057 1651 2086; x_wconf 79' lang='lat' dir='ltr'>sanctificationem</span> <span class='ocrx_word' id='word_1_748' title='bbox 1660 2058 1749 2087; x_wconf 83' lang='lat' dir='ltr'>divino</span> 
     </span>
     <span class='ocr_line' id='line_1_102' title="bbox 959 2103 1256 2131; baseline -0.003 0"><span class='ocrx_word' id='word_1_749' title='bbox 959 2103 1041 2131; x_wconf 89' lang='lat' dir='ltr'>cultui</span> <span class='ocrx_word' id='word_1_750' title='bbox 1057 2106 1256 2130; x_wconf 85' lang='lat' dir='ltr'>consecrantur.</span> 
     </span>
    </p>

    <p class='ocr_par' dir='ltr' id='par_1_16' title="bbox 958 2149 1751 2556">
     <span class='ocr_line' id='line_1_103' title="bbox 995 2149 1750 2186; baseline 0.005 -10"><span class='ocrx_word' id='word_1_751' title='bbox 995 2151 1038 2177; x_wconf 79' lang='lat' dir='ltr'>tt.</span> <span class='ocrx_word' id='word_1_752' title='bbox 1054 2149 1218 2186; x_wconf 65' lang='lat' dir='ltr'>lossisaIas</span> <span class='ocrx_word' id='word_1_753' title='bbox 1224 2157 1339 2184; x_wconf 83' lang='lat' dir='ltr'>namque</span> <span class='ocrx_word' id='word_1_754' title='bbox 1348 2149 1474 2186; x_wconf 85' lang='lat' dir='ltr'>propheta</span> <span class='ocrx_word' id='word_1_755' title='bbox 1481 2151 1651 2180; x_wconf 77' lang='lat' dir='ltr'>intercaetera</span> <span class='ocrx_word' id='word_1_756' title='bbox 1660 2156 1750 2181; x_wconf 85' lang='lat' dir='ltr'>osten-</span> 
     </span>
     <span class='ocr_line' id='line_1_104' title="bbox 959 2196 1749 2232; baseline 0.005 -10"><span class='ocrx_word' id='word_1_757' title='bbox 959 2197 997 2223; x_wconf 85' lang='lat' dir='ltr'>dit</span> <span class='ocrx_word' id='word_1_758' title='bbox 1012 2203 1177 2231; x_wconf 83' lang='lat' dir='ltr'>neqnaquam</span> <span class='ocrx_word' id='word_1_759' title='bbox 1194 2204 1273 2231; x_wconf 86' lang='lat' dir='ltr'>posse</span> <span class='ocrx_word' id='word_1_760' title='bbox 1285 2196 1379 2225; x_wconf 89' lang='lat' dir='ltr'>delicta</span> <span class='ocrx_word' id='word_1_761' title='bbox 1393 2197 1546 2226; x_wconf 83' lang='lat' dir='ltr'>tudaeorum</span> <span class='ocrx_word' id='word_1_762' title='bbox 1565 2196 1673 2232; x_wconf 77' lang='lat' dir='ltr'>dimitti,</span> <span class='ocrx_word' id='word_1_763' title='bbox 1699 2199 1749 2227; x_wconf 86' lang='lat' dir='ltr'>nisi</span> 
     </span>
     <span class='ocr_line' id='line_1_105' title="bbox 959 2241 1751 2279; baseline 0.008 -12"><span class='ocrx_word' id='word_1_764' title='bbox 959 2242 1040 2268; x_wconf 89' lang='lat' dir='ltr'>abluti</span> <span class='ocrx_word' id='word_1_765' title='bbox 1056 2242 1189 2276; x_wconf 85' lang='lat' dir='ltr'>baptismo</span> <span class='ocrx_word' id='word_1_766' title='bbox 1203 2242 1311 2270; x_wconf 77' lang='lat' dir='ltr'>fuerint.</span> <span class='ocrx_word' id='word_1_767' title='bbox 1325 2241 1393 2270; x_wconf 86' lang='lat' dir='ltr'>Dieit</span> <span class='ocrx_word' id='word_1_768' title='bbox 1404 2243 1475 2270; x_wconf 81' lang='lat' dir='ltr'>enirn</span> <span class='ocrx_word' id='word_1_769' title='bbox 1492 2251 1539 2278; x_wconf 89' lang='lat' dir='ltr'>per</span> <span class='ocrx_word' id='word_1_770' title='bbox 1551 2245 1674 2272; x_wconf 88' lang='lat' dir='ltr'>eumdem</span> <span class='ocrx_word' id='word_1_771' title='bbox 1688 2253 1751 2279; x_wconf 87' lang='lat' dir='ltr'>pro-</span> 
     </span>
     <span class='ocr_line' id='line_1_106' title="bbox 960 2287 1750 2324; baseline 0.004 -10"><span class='ocrx_word' id='word_1_772' title='bbox 960 2288 1067 2322; x_wconf 80' lang='lat' dir='ltr'>phetam</span> <span class='ocrx_word' id='word_1_773' title='bbox 1081 2288 1199 2322; x_wconf 79' lang='lat' dir='ltr'>Spiritus</span> <span class='ocrx_word' id='word_1_774' title='bbox 1214 2287 1478 2317; x_wconf 72' lang='lat' dir='ltr'>sanetusz.Loemvi</span> <span class='ocrx_word' id='word_1_775' title='bbox 1493 2290 1631 2324; x_wconf 66' lang='lat' dir='ltr'>sustinens,</span> <span class='ocrx_word' id='word_1_776' title='bbox 1645 2291 1668 2317; x_wconf 75' lang='grc' dir='ltr'>ιι·</span> <span class='ocrx_word' id='word_1_777' title='bbox 1683 2291 1750 2317; x_wconf 80' lang='lat' dir='ltr'>mnt-</span> 
     </span>
     <span class='ocr_line' id='line_1_107' title="bbox 959 2333 1742 2368; baseline 0.009 -9"><span class='ocrx_word' id='word_1_778' title='bbox 959 2333 1141 2367; x_wconf 75' lang='lat' dir='ltr'>tipiicaueritis-</span> <span class='ocrx_word' id='word_1_779' title='bbox 1161 2334 1305 2366; x_wconf 70' lang='lat' dir='ltr'>orationes,</span> <span class='ocrx_word' id='word_1_780' title='bbox 1333 2342 1383 2361; x_wconf 86' lang='lat' dir='ltr'>non</span> <span class='ocrx_word' id='word_1_781' title='bbox 1410 2335 1569 2368; x_wconf 69' lang='lat' dir='ltr'>exaudiam;</span> <span class='ocrx_word' id='word_1_782' title='bbox 1596 2345 1687 2364; x_wconf 83' lang='lat' dir='ltr'>manus</span> <span class='ocrx_word' id='word_1_783' title='bbox 1715 2345 1742 2366; x_wconf 63' lang='lat'>&gt;-</span> 
     </span>
     <span class='ocr_line' id='line_1_108' title="bbox 959 2378 1751 2418; baseline 0.005 -14"><span class='ocrx_word' id='word_1_784' title='bbox 959 2378 1027 2404; x_wconf 82' lang='lat' dir='ltr'>enim</span> <span class='ocrx_word' id='word_1_785' title='bbox 1041 2383 1061 2418; x_wconf 63' lang='grc' dir='ltr'>Ἴ</span> <span class='ocrx_word' id='word_1_786' title='bbox 1073 2383 1164 2405; x_wconf 72' lang='lat' dir='ltr'>vestre</span> <span class='ocrx_word' id='word_1_787' title='bbox 1176 2379 1301 2414; x_wconf 70' lang='lat' dir='ltr'>sanquine</span> <span class='ocrx_word' id='word_1_788' title='bbox 1318 2378 1399 2413; x_wconf 77' lang='lat' dir='ltr'>plenoe</span> <span class='ocrx_word' id='word_1_789' title='bbox 1413 2384 1482 2406; x_wconf 81' lang='lat' dir='ltr'>sunt.</span> <span class='ocrx_word' id='word_1_790' title='bbox 1497 2379 1639 2414; x_wconf 80' lang='lat' dir='ltr'>Lavantini,</span> <span class='ocrx_word' id='word_1_791' title='bbox 1660 2382 1751 2410; x_wconf 68' lang='lat' dir='ltr'>mutanti</span> 
     </span>
     <span class='ocr_line' id='line_1_109' title="bbox 958 2422 1751 2466; baseline 0.008 -17"><span class='ocrx_word' id='word_1_792' title='bbox 958 2427 1037 2450; x_wconf 79' lang='lat' dir='ltr'>estote</span> <span class='ocrx_word' id='word_1_793' title='bbox 1048 2423 1124 2458; x_wconf 67' lang='lat' dir='ltr'>(isai.</span> <span class='ocrx_word' id='word_1_794' title='bbox 1140 2431 1160 2456; x_wconf 76' lang='grc' dir='ltr'>ι,</span> <span class='ocrx_word' id='word_1_795' title='bbox 1171 2422 1229 2458; x_wconf 78' lang='lat' dir='ltr'>tt).</span> <span class='ocrx_word' id='word_1_796' title='bbox 1242 2423 1293 2451; x_wconf 78' lang='lat' dir='ltr'>Pro</span> <span class='ocrx_word' id='word_1_797' title='bbox 1303 2423 1426 2452; x_wconf 88' lang='lat' dir='ltr'>omnibus</span> <span class='ocrx_word' id='word_1_798' title='bbox 1436 2425 1535 2460; x_wconf 89' lang='lat' dir='ltr'>quippe</span> <span class='ocrx_word' id='word_1_799' title='bbox 1547 2423 1673 2460; x_wconf 83' lang='lat' dir='ltr'>victimis,</span> <span class='ocrx_word' id='word_1_800' title='bbox 1684 2426 1751 2466; x_wconf 60' lang='lat' dir='ltr'>quad</span> 
     </span>
     <span class='ocr_line' id='line_1_110' title="bbox 959 2468 1748 2509; baseline 0.009 -14"><span class='ocrx_word' id='word_1_801' title='bbox 959 2473 1156 2496; x_wconf 69' lang='lat' dir='ltr'>memoraverat</span> <span class='ocrx_word' id='word_1_802' title='bbox 1170 2468 1240 2498; x_wconf 78' lang='lat' dir='ltr'>idem</span> <span class='ocrx_word' id='word_1_803' title='bbox 1255 2469 1394 2504; x_wconf 79' lang='lat' dir='ltr'>propheta,</span> <span class='ocrx_word' id='word_1_804' title='bbox 1411 2478 1458 2504; x_wconf 82' lang='lat' dir='ltr'>pro</span> <span class='ocrx_word' id='word_1_805' title='bbox 1472 2471 1576 2500; x_wconf 81' lang='lat' dir='ltr'>cunetis</span> <span class='ocrx_word' id='word_1_806' title='bbox 1589 2471 1748 2509; x_wconf 74' lang='lat' dir='ltr'>neomeniis,</span> 
     </span>
     <span class='ocr_line' id='line_1_111' title="bbox 959 2514 1749 2556; baseline 0.008 -14"><span class='ocrx_word' id='word_1_807' title='bbox 959 2519 989 2543; x_wconf 90' lang='lat' dir='ltr'>et</span> <span class='ocrx_word' id='word_1_808' title='bbox 996 2514 1131 2549; x_wconf 75' lang='lat' dir='ltr'>Sabbatis,</span> <span class='ocrx_word' id='word_1_809' title='bbox 1145 2519 1225 2551; x_wconf 84' lang='lat' dir='ltr'>atque</span> <span class='ocrx_word' id='word_1_810' title='bbox 1237 2516 1452 2545; x_wconf 83' lang='lat' dir='ltr'>solemnitatibus</span> <span class='ocrx_word' id='word_1_811' title='bbox 1463 2518 1549 2546; x_wconf 82' lang='lat' dir='ltr'>solam</span> <span class='ocrx_word' id='word_1_812' title='bbox 1559 2515 1686 2556; x_wconf 83' lang='lat' dir='ltr'>baptismi</span> <span class='ocrx_word' id='word_1_813' title='bbox 1699 2524 1749 2556; x_wconf 74' lang='lat' dir='ltr'>pu-</span> 
     </span>
    </p>
   </div>
   <div class='ocr_carea' id='block_1_6' title="bbox 1718 2131 1832 3016">
    <p class='ocr_par' dir='ltr' id='par_1_17' title="bbox 1718 2131 1832 3016">
     <span class='ocr_line' id='line_1_112' title="bbox 1801 2131 1832 2298; baseline 0 -48"><span class='ocrx_word' id='word_1_814' title='bbox 1801 2131 1832 2298; x_wconf 95' lang='lat' dir='ltr'>   </span> 
     </span>
     <span class='ocr_line' id='line_1_113' title="bbox 1801 2298 1832 2342; baseline 0 674"><span class='ocrx_word' id='word_1_815' title='bbox 1801 2298 1832 2342; x_wconf 95' lang='lat' dir='ltr'> </span> 
     </span>
     <span class='ocr_line' id='line_1_114' title="bbox 1800 2342 1832 2385; baseline 0 631"><span class='ocrx_word' id='word_1_816' title='bbox 1800 2342 1832 2385; x_wconf 95' lang='lat' dir='ltr'> </span> 
     </span>
     <span class='ocr_line' id='line_1_115' title="bbox 1798 2385 1832 2438; baseline 0 578"><span class='ocrx_word' id='word_1_817' title='bbox 1798 2385 1832 2438; x_wconf 95' lang='lat' dir='ltr'> </span> 
     </span>
     <span class='ocr_line' id='line_1_116' title="bbox 1795 2438 1832 2488; baseline 0 528"><span class='ocrx_word' id='word_1_818' title='bbox 1795 2438 1832 2488; x_wconf 95' lang='lat' dir='ltr'> </span> 
     </span>
     <span class='ocr_line' id='line_1_117' title="bbox 1791 2488 1832 2529; baseline 0 487"><span class='ocrx_word' id='word_1_819' title='bbox 1791 2488 1832 2529; x_wconf 95' lang='lat' dir='ltr'> </span> 
     </span>
     <span class='ocr_line' id='line_1_118' title="bbox 1786 2529 1832 2586; baseline 0 430"><span class='ocrx_word' id='word_1_820' title='bbox 1786 2529 1832 2586; x_wconf 95' lang='lat' dir='ltr'> </span> 
     </span>
     <span class='ocr_line' id='line_1_119' title="bbox 1772 2586 1832 2703; baseline 0 -51"><span class='ocrx_word' id='word_1_821' title='bbox 1772 2586 1832 2703; x_wconf 95' lang='lat' dir='ltr'>  </span> 
     </span>
     <span class='ocr_line' id='line_1_120' title="bbox 1718 2703 1832 2815; baseline 0 -56"><span class='ocrx_word' id='word_1_822' title='bbox 1718 2703 1832 2815; x_wconf 95' lang='lat' dir='ltr'>  </span> 
     </span>
     <span class='ocr_line' id='line_1_121' title="bbox 1722 2815 1832 3016; baseline 0 0"><span class='ocrx_word' id='word_1_823' title='bbox 1722 2815 1832 3016; x_wconf 95' lang='lat' dir='ltr'>  </span> 
     </span>
    </p>
   </div>
   <div class='ocr_carea' id='block_1_7' title="bbox 959 2592 1751 2887">
    <p class='ocr_par' dir='ltr' id='par_1_18' title="bbox 959 2592 1751 2887">
     <span class='ocr_line' id='line_1_122' title="bbox 961 2592 1751 2633; baseline 0.01 -15"><span class='ocrx_word' id='word_1_824' title='bbox 961 2592 1068 2625; x_wconf 79' lang='lat' dir='ltr'>quando</span> <span class='ocrx_word' id='word_1_825' title='bbox 1082 2592 1160 2620; x_wconf 85' lang='lat' dir='ltr'>unius</span> <span class='ocrx_word' id='word_1_826' title='bbox 1176 2594 1312 2628; x_wconf 77' lang='lat' dir='ltr'>prophetae</span> <span class='ocrx_word' id='word_1_827' title='bbox 1324 2601 1423 2622; x_wconf 91' lang='lat' dir='ltr'>nomen</span> <span class='ocrx_word' id='word_1_828' title='bbox 1438 2603 1487 2630; x_wconf 90' lang='lat' dir='ltr'>pro</span> <span class='ocrx_word' id='word_1_829' title='bbox 1500 2595 1555 2624; x_wconf 89' lang='lat' dir='ltr'>alio</span> <span class='ocrx_word' id='word_1_830' title='bbox 1568 2596 1603 2625; x_wconf 86' lang='lat' dir='ltr'>ab</span> <span class='ocrx_word' id='word_1_831' title='bbox 1613 2597 1751 2633; x_wconf 25' lang='lat' dir='ltr'>isidqoroet</span> 
     </span>
     <span class='ocr_line' id='line_1_123' title="bbox 961 2625 1749 2671; baseline 0.011 -18"><span class='ocrx_word' id='word_1_832' title='bbox 961 2625 1023 2654; x_wconf 58' lang='grc' dir='ltr'>ὤ</span> <span class='ocrx_word' id='word_1_833' title='bbox 1037 2628 1155 2658; x_wconf 67' lang='lat' dir='ltr'>untionis</span> <span class='ocrx_word' id='word_1_834' title='bbox 1178 2629 1315 2657; x_wconf 67' lang='lat' dir='ltr'>memoria</span> <span class='ocrx_word' id='word_1_835' title='bbox 1335 2637 1431 2658; x_wconf 75' lang='lat' dir='ltr'>errore</span> <span class='ocrx_word' id='word_1_836' title='bbox 1451 2630 1567 2664; x_wconf 67' lang='lat' dir='ltr'>mitam</span> <span class='ocrx_word' id='word_1_837' title='bbox 1585 2631 1675 2665; x_wconf 70' lang='lat' dir='ltr'>faerit,</span> <span class='ocrx_word' id='word_1_838' title='bbox 1695 2637 1749 2671; x_wconf 79' lang='lat' dir='ltr'>nnn</span> 
     </span>
     <span class='ocr_line' id='line_1_124' title="bbox 959 2663 1703 2731; baseline 0.011 -8"><span class='ocrx_word' id='word_1_839' title='bbox 959 2663 1339 2726; x_wconf 64' lang='lat' dir='ltr'>⁸⁰t⁰¹ti¹⁹‘2.¹&#39;:.&#39;¹t.”.;:&#39;²¹⁰”</span> <span class='ocrx_word' id='word_1_840' title='bbox 1347 2665 1406 2728; x_wconf 62' lang='grc' dir='ltr'>1’ἓῑ</span> <span class='ocrx_word' id='word_1_841' title='bbox 1416 2665 1511 2728; x_wconf 54' lang='lat' dir='ltr'>iii-”²</span> <span class='ocrx_word' id='word_1_842' title='bbox 1538 2675 1632 2730; x_wconf 54' lang='lat' dir='ltr'>«aa</span> <span class='ocrx_word' id='word_1_843' title='bbox 1640 2702 1703 2731; x_wconf 58' lang='lat' dir='ltr'>m«</span> 
     </span>
     <span class='ocr_line' id='line_1_125' title="bbox 995 2706 1751 2773; baseline 0.009 -14"><span class='ocrx_word' id='word_1_844' title='bbox 995 2715 1023 2759; x_wconf 53' lang='grc'>7.-</span> <span class='ocrx_word' id='word_1_845' title='bbox 1042 2706 1170 2768; x_wconf 49' lang='lat' dir='ltr'>Atfjfejus</span> <span class='ocrx_word' id='word_1_846' title='bbox 1182 2707 1458 2773; x_wconf 44' lang='lat' dir='ltr'>exurgamus-*0¹*</span> <span class='ocrx_word' id='word_1_847' title='bbox 1458 2753 1468 2763; x_wconf 82' lang='lat'><strong>.</strong></span> <span class='ocrx_word' id='word_1_848' title='bbox 1505 2709 1549 2764; x_wconf 56' lang='lat'>1⁸:-</span> <span class='ocrx_word' id='word_1_849' title='bbox 1599 2732 1605 2738; x_wconf 65' lang='grc'><strong>”</strong></span> <span class='ocrx_word' id='word_1_850' title='bbox 1703 2721 1711 2730; x_wconf 56' lang='lat'>⁸</span> <span class='ocrx_word' id='word_1_851' title='bbox 1736 2746 1751 2772; x_wconf 53' lang='grc' dir='ltr'>ᾖ</span> 
     </span>
     <span class='ocr_line' id='line_1_126' title="bbox 995 2765 1721 2817; baseline 0.01 -23"><span class='ocrx_word' id='word_1_852' title='bbox 995 2765 1067 2795; x_wconf 73' lang='lat' dir='ltr'>ibid.</span> <span class='ocrx_word' id='word_1_853' title='bbox 1085 2767 1251 2804; x_wconf 64' lang='lat' dir='ltr'>flue-qun:</span> <span class='ocrx_word' id='word_1_854' title='bbox 1265 2768 1343 2804; x_wconf 54' lang='lat' dir='ltr'>m</span> <span class='ocrx_word' id='word_1_855' title='bbox 1354 2771 1423 2804; x_wconf 58' lang='lat' dir='ltr'>qd·</span> <span class='ocrx_word' id='word_1_856' title='bbox 1464 2775 1513 2804; x_wconf 58' lang='grc' dir='ltr'>νη</span> <span class='ocrx_word' id='word_1_857' title='bbox 1523 2767 1683 2817; x_wconf 50' lang='lat' dir='ltr'>“pm</span> <span class='ocrx_word' id='word_1_858' title='bbox 1704 2768 1721 2801; x_wconf 83' lang='lat'>&#39;&#39;.</span> 
     </span>
     <span class='ocr_line' id='line_1_127' title="bbox 993 2801 1672 2842; baseline 0.013 -14"><span class='ocrx_word' id='word_1_859' title='bbox 993 2801 1021 2829; x_wconf 87' lang='lat'>8.</span> <span class='ocrx_word' id='word_1_860' title='bbox 1042 2803 1310 2839; x_wconf 47' lang='lat' dir='ltr'>Amanum</span> <span class='ocrx_word' id='word_1_861' title='bbox 1396 2840 1399 2842; x_wconf 24' lang='lat'>¹</span> <span class='ocrx_word' id='word_1_862' title='bbox 1557 2835 1562 2838; x_wconf 72' lang='grc'>,</span> <span class='ocrx_word' id='word_1_863' title='bbox 1579 2803 1653 2836; x_wconf 61' lang='lat' dir='ltr'>Um</span> <span class='ocrx_word' id='word_1_864' title='bbox 1664 2821 1672 2827; x_wconf 86' lang='lat'>-</span> 
     </span>
     <span class='ocr_line' id='line_1_128' title="bbox 974 2831 1722 2887; baseline 0.008 -19"><span class='ocrx_word' id='word_1_865' title='bbox 974 2836 1024 2868; x_wconf 66' lang='lat' dir='ltr'>a.</span> <span class='ocrx_word' id='word_1_866' title='bbox 1043 2838 1299 2876; x_wconf 54' lang='lat' dir='ltr'>11..me</span> <span class='ocrx_word' id='word_1_867' title='bbox 1419 2839 1443 2846; x_wconf 56' lang='lat'>⁴·</span> <span class='ocrx_word' id='word_1_868' title='bbox 1494 2876 1503 2887; x_wconf 23' lang='grc' dir='ltr'>ζ</span> <span class='ocrx_word' id='word_1_869' title='bbox 1544 2880 1548 2881; x_wconf 15' lang='lat'><em>⁷</em></span> <span class='ocrx_word' id='word_1_870' title='bbox 1686 2831 1722 2866; x_wconf 43' lang='grc' dir='ltr'>κθ</span> 
     </span>
    </p>
   </div>
   <div class='ocr_carea' id='block_1_8' title="bbox 1305 2812 1705 2900">
    <p class='ocr_par' dir='ltr' id='par_1_19' title="bbox 1305 2812 1705 2900">
     <span class='ocr_line' id='line_1_129' title="bbox 1305 2812 1705 2900; baseline 0 0"><span class='ocrx_word' id='word_1_871' title='bbox 1305 2812 1494 2900; x_wconf 95' lang='lat' dir='ltr'>  </span> <span class='ocrx_word' id='word_1_872' title='bbox 1575 2870 1705 2900; x_wconf 95' lang='lat' dir='ltr'>  </span> 
     </span>
    </p>
   </div>
  </div>
 </body>
</html>
