1832 3016
43 285 74 305 ιιι·
86 286 103 305 a
116 278 219 313 coquis,
234 277 344 304 virtutes
363 273 460 302 antmae
481 274 606 301 destruit.
630 273 721 309 Neque
746 275 818 302 enim

37 329 111 351 usse
129 321 282 358 quempiam
305 321 432 348 virtutum
455 320 648 354 perlectionem
671 321 817 356 attingere,

51 369 82 396 isi
95 368 168 402 prius
178 366 278 395 ventris
288 364 439 393 edomuerit
453 365 609 398 ingluviem.

67 414 114 442 11.
129 413 211 441 Nemo
221 416 308 447 potest
321 411 452 439 dominari
465 411 569 438 caeteris
582 411 665 442 vitiis.
683 411 733 438 nisi
745 411 819 446 prins

28 458 174 492 ·ngluviem
187 456 288 484 ventris
303 456 484 484 restrinxerit.
508 456 561 483 Ne'c
579 456 718 491 quisquam
740 456 819 484 tacite

37 503 126 532 Joterit
138 510 151 530 a
163 502 308 536 semetipso
325 501 436 536 spiritus
455 502 536 537 253
554 502 707 529 immundus
726 503 818 536 expel-

20 557 21 571 1
39 556 94 582 ere,
109 549 159 575 ntsi
173 555 220 582 per
234 546 425 574 abstinentiam
441 549 521 582 gttlae.
535 547 610 574 Tunc
632 547 703 574 enim
727 548 818 575 ltostes

24 611 26 613 ·
45 594 73 622 ui
85 599 160 622 extra
176 601 225 622 nos
235 598 319 622 sunta
331 594 409 621 nobis
421 594 516 622 fortius
527 599 698 629 superantur,
712 596 818 629 quando

20 658 21 661 =
37 639 104 668 ·rius
119 648 179 674 quat
195 639 263 668 intra
285 647 334 667 nos
349 644 411 667 sunt
426 640 488 667 vitia
513 640 725 675 exstinguuntur.
751 640 816 668 Nam

25 706 28 711 .
52 691 126 714 ustra
137 687 201 714 loris
212 687 267 721 agit
282 687 393 719 bellum,
409 686 454 721 qui
470 686 541 714 intus
563 687 641 714 babet
657 688 814 721 pericnlum.

63 733 106 760 12.
120 733 177 760 Non
191 733 346 768 qualitatem
361 733 492 765 ciborum.
508 733 554 760 sed
572 740 666 760 eorum
688 734 817 767 cupidita-

45 786 80 806 m
95 779 251 806 cavendam.
263 779 329 806 Nam
343 786 415 814 saepe
429 779 579 806 accuratius
596 785 744 814 prseparata
759 781 817 807 sine

45 824 95 851 ulae
109 825 325 859 concupiscentia
339 824 524 859 degustantur.
539 828 566 851 et
580 831 651 859 saepe
673 824 774 859 abjecta
789 829 818 852 et

45 869 88 897 ilia
100 870 195 898 edendi
216 870 363 903 cupiditate
377 874 528 897 sumuntur.
541 869 640 904 Sicque
663 871 692 897 tit
708 875 736 897 ut
761 878 815 898 non

36 959 130 994 vitium,
145 961 215 995 quod
228 969 287 989 cunt
300 961 434 989 desiderio
446 962 610 996 degustatur.

63 1006 107 1033 ¹5.
130 1006 248 1039 Quatuor
268 1012 329 1034 sunt
353 1014 452 1041 genera
472 1007 673 1035 distinctionum
698 1008 723 1035 in
748 1009 818 1043 gulae

37 1052 158 1087 rppetitu.
170 1053 195 1080 id
212 1058 268 1080 est:
281 1053 355 1087 quid,
368 1054 484 1088 qnando,
496 1060 633 1088 quantum,
645 1060 673 1082 et
685 1056 818 1090 quomodo

37 1104 179 1133 oppetatur.
192 1099 260 1131 Quia
270 1100 302 1126 ad
312 1107 368 1127 rem
377 1101 461 1134 ipsam
473 1100 587 1134 pertinet
600 1108 658 1135 quae
673 1102 815 1136 appetitur.

26 1145 154 1178 Quando.
177 1146 199 1172 si
222 1151 285 1173 ante
298 1146 443 1180 legitimum
466 1152 569 1180 tempus
585 1147 647 1181 quid
668 1152 815 1181 appetatur.

23 1191 231 1224 Quantumvero
241 1191 274 1219 ad
284 1192 529 1220 immoderationem
545 1193 671 1220 retertur.
684 1193 817 1226 Quomodo

22 1238 63 1265 nd
80 1238 272 1273 impatientiam
290 1239 468 1267 festinationis
483 1239 637 1267 ascribitur.

64 1283 110 1310 tt.
135 1283 228 1310 Nullus
253 1284 355 1311 bomini
380 1288 433 1311 tam
455 1286 620 1319 importunus
645 1289 753 1312 exactor
776 1290 818 1313 est

27 1336 107 1364 tuam
124 1334 226 1361 venter,
244 1330 287 1362 qui
300 1329 481 1363 qnotidianam
494 1329 666 1357 resectionem
682 1330 816 1363 quotidia-

38 1380 62 1402 ιιι
76 1375 152 1403 laniis
164 1377 303 1405 exactione
316 1376 452 1410 adimplet.
470 1376 536 1404 Cum
552 1376 657 1404 caeteris
681 1377 752 1404 enim
776 1377 816 1404 vi-

31 1418 71 1447 »its
91 1421 140 1448 etsi
164 1421 298 1449 interdum
325 1421 470 1454 nascimur,
494 1421 626 1449 interdum
653 1428 814 1450 tamencum

45 1466 68 1493 is
81 1474 134 1494 non
149 1467 293 1501 morimur;
309 1475 369 1496 cum
384 1468 436 1496 isto
450 1473 540 1496 autem
553 1473 580 1496 et
592 1469 738 1504 nascimur,
753 1477 814 1497 cum

40 1515 78 1540 to
92 1518 119 1540 et
129 1513 267 1541 morimur.

62 1558 106 1587 ¹5.
119 1559 279 1595 Plerumque
293 1560 415 1596 voluptas
437 1561 561 1590 vescendi
581 1562 616 1589 ita
641 1562 690 1590 sub
705 1563 815 1591 obtentu

33 1647 118 1682 nitati,
145 1651 286 1685 voluptatis
312 1651 446 1679 desiderio
474 1653 626 1686 serviatur;
658 1662 707 1682 nec
739 1655 815 1683 tacite

26 1711 27 1714 =
46 1695 187 1725 tscernitur
199 1702 286 1726 utrum
298 1698 370 1733 quod
385 1699 522 1734 accipitur,
538 1699 617 1734 gulae,
634 1707 668 1727 an
691 1700 814 1735 indigen-

30 1742 70 1771 ἰιι
83 1742 233 1779 deputetur.

265 1790 346 1826 254μ
357 1790 470 1819 CAPUT
490 1791 582 1819 XLlll.

326 1836 366 1864 De
384 1837 511 1865 ebrietate.

62 1882 87 1910 1.
113 1880 180 1910 Esca
210 1881 343 1916 crapulam
361 1904 368 1915 ,
395 1888 472 1916 potus
504 1883 658 1911 cbrietatent
692 1888 811 1918 generat.

37 1926 148 1956 ebrietas
162 1934 250 1955 autem
274 1928 499 1962 perturbationem
521 1929 605 1965 giguit
619 1931 727 1963 mentis,
739 1931 812 1958 luto-

35 1981 82 2001 ιιι
96 1973 196 2007 cordis,
212 1973 346 2000 flammam
359 1973 488 2002 libidinis.

67 2028 112 2056 12.
125 2027 219 2063 Greg..
231 2028 276 2056 lib.
292 2029 386 2057 bloral.
402 2037 466 2063 xxx,
484 2037 509 2057 c.
525 2030 567 2058 t5.
580 2029 687 2058 LoAtsa.

66 2063 107 2090 15.
123 2064 215 2091 Tutius
227 2068 319 2091 senten
333 2064 365 2091 iae
376 2072 479 2091 summa
492 2065 603 2092 deducta
618 2071 659 2093 est
674 2074 706 2093 ex
720 2065 812 2101 (ἶνες,

49 2098 75 2126 Ι).
88 2099 183 2126 norat.
199 2107 268 2130 xxx.
283 2106 342 2134 cap.
361 2099 403 2126 15.
423 2100 518 2127 Verum
543 2101 565 2127 is
586 2103 707 2135 quintum
730 2110 813 2135 genus

43 2133 100 2161 ‹tdit
115 2142 122 2160 ε
138 2134 287 2166 Sciendum,
301 2134 395 2168 inquit,
421 2140 542 2168 proeterea
562 2141 599 2163 eat
624 2137 684 2168 quia
706 2138 815 2171 quinque

45 2177 72 2196 os
94 2169 176 2196 modis
200 2169 267 2203 9111oe
291 2170 381 2196 vitium
407 2174 497 2203 tentat,
515 2175 568 2198 etc.
585 2171 738 2205 cassi-nus,
766 2173 812 2199 lib.

33 2203 128 2237 utinto,
141 2211 200 2238 cap.
212 2203 256 2236 25,
275 2210 322 2231 trta
341 2208 440 2231 tantum
453 2213 547 2235 uenerit
561 2211 702 2233 enumerat
720 2215 726 2232 z
753 2207 813 2234 Tri-

45 2237 96 2273 la,
108 2240 156 2273 ait,
164 2244 257 2266 natura
269 2244 306 2265 est
316 2240 503 2275 qaaerimaryioe
512 2248 522 2267 .·
533 2248 584 2267 tina
595 2249 652 2274 qaoe
662 2242 811 2269 canonicam

46 2273 169 2308 -sectionis
181 2273 270 2302 horam
280 2276 419 2310 proevenire
433 2275 579 2308 compettiu
599 2277 661 2308 alia,
678 2285 735 2311 qttae
753 2282 811 2304 tan·

46 2322 47 2325 =
64 2309 155 2336 modo
181 2310 273 2336 uentris
299 2310 410 2344 ingluvie
433 2314 458 2337 et
483 2312 618 2338 saturitate
642 2313 811 2346 quarumlibet

44 2343 118 2370 audet
132 2351 266 2376 esearum;
283 2347 366 2376 tertia,
377 2353 434 2379 quoe
451 2346 652 2373 accuratioribus
676 2347 758 2378 epulis
787 2353 812 2375 et

28 2395 30 2397 »
54 2378 234 2406 calentior-ibas
243 2379 392 2406 oblectatur.
401 2380 468 2408 Vide
475 2381 600 2409 eumdem
610 2383 654 2408 lati
659 2389 689 2409 us
700 2382 809 2411 ibidem.

57 2420 138 2441 natu.

65 2447 110 2475 ss.
125 2447 239 2488 l‘ttleltre
249 2448 351 2476 Seneca
365 2452 392 2477 ln
405 2450 548 2485 epistolis:
568 2451 662 2480 Venter
684 2458 811 2489 proecepta

46 2489 79 2509 on
93 2483 174 2514 audit,
189 2484 282 2516 poscit,
294 2484 419 2518 appellat.
442 2485 501 2513 Non
524 2491 560 2514 est
580 2491 664 2515 tamen
690 2490 811 2516 molestus

32 2517 141 2544 -reaitor
154 2524 164 2544 .·
176 2525 254 2551 partio
281 2518 426 2553 dimittitur.
447 2520 470 2547 si
499 2521 575 2549 modo
604 2523 651 2550 das
675 2523 715 2550 illi
742 2524 811 2558 quod

32 2566 35 2570 ›
50 2551 118 2580 ebes.
133 2551 242 2580 Loatsa.

64 2586 109 2615 15.
125 2587 180 2614 lloc
194 2587 274 2615 etiam
285 2587 345 2615 loeo
355 2587 486 2618 iudicatur
496 2595 557 2618 nota
566 2592 747 2628 Ueientanae
758 2601 812 2622 non

47 2627 149 2656 pparet.
165 2623 203 2649 Ac
213 2620 326 2650 sortasse
338 2630 369 2649 ea
382 2624 548 2659 exprimebat
557 2626 644 2655 tocum
657 2630 743 2655 sattcti
757 2629 812 2656 Λιι-

47 2657 142 2690 ιιιιίιιί,
160 2656 207 2684 lib.
221 2665 236 2684 x
249 2656 384 2690 Conteris..
409 2665 468 2692 cap.
483 2659 515 2686 51
529 2667 539 2686 =
553 2661 630 2695 δεμ
642 2663 766 2690 incertum
782 2663 812 2697 fit

48 2692 206 2719 aunuatim:
215 2693 358 2719 necessaria
371 2699 416 2719 cor
449 2694 485 2720 ris
495 2701 557 2721 cntra
573 2695 713 2724 subsidium
733 2702 812 2732 petat,

47 2732 66 2761 ιι
74 2725 218 2763 voluptaria
229 2726 376 2762 cupiditatis
385 2700 472 2763 samen

473 2735 491 2756 a
503 2729 672 2759 ministerium
683 2736 812 2768 suppetat.

148 2803 224 2826 xutt.
239 2795 273 2824 tt.
289 2797 316 2826 1.
327 2796 373 2828 sic
384 2797 506 2833 intelligo
518 2797 583 2828 illud
597 2799 750 2836 Augustini.
764 2802 812 2832 lib.

44 2839 51 2844 “
97 2864 103 2866 Ἴ
163 2839 193 2866 ι.
206 2833 309 2874 eam-5¹
325 2841 333 2860 :
345 2832 462 2861 Ebriettu
472 2834 547 2870 tonqe
557 2839 596 2863 at
607 2843 624 2863 a
633 2843 692 2870 me,·
710 2838 814 2867 ntimo-

31 2894 35 2900 ·
84 2904 87 2907 >
118 2868 814 2946 'f'totamm;'·‚tf;..⁶.2⁴.tt.¹5..”7;z.5t¹;;

196 2949 560 3002 ..brae-..bxxxnh

66 174 89 212 βλ
646 168 915 200 SENTEN'ttARtJtt
935 172 1000 202 tto.
1020 172 1054 201 ll.

59 218 123 260 'uros
133 229 281 260 Jerusalem
291 226 429 261 etibvertit,
443 227 504 264 quia
518 231 545 256 et
557 230 662 262 venter,
678 235 720 256 cut
733 227 819 256 servi·
832 230 858 259 Α
906 229 934 256 2.
950 230 1070 258 Ebrietas
1085 229 1120 258 ita
1134 233 1251 258 mentem
1265 230 1373 263 alienat.
1387 236 1415 259 ut
1431 232 1474 260 ubi
1497 233 1532 261 sit
1551 235 1664 265 neseiat.

1610 178 1663 208 ⁰50

873 274 948 302 Unde
961 276 1042 302 etiam
1058 281 1085 304 et
1096 276 1196 304 malum
1213 284 1265 303 non
1277 279 1392 305 sentitur
1405 279 1476 313 quod
1489 288 1535 314 per
1549 280 1664 309 ebricta-

872 324 924 346 tem
940 321 1128 348 committitur.
1146 322 1243 349 Verum
1257 323 1383 357 estquod
1403 323 1479 357 juxta
1505 326 1663 360 proplietam

870 364 986 392 dicitnr:
1001 364 1150 393 Fornicatio
1162 371 1186 394 et
1200 367 1306 394 ebrietas
1317 370 1437 403 auserunt
1450 377 1494 396 eor
1517 371 1527 404 (
1542 371 1600 399 Ose.
1627 380 1664 406 tv,

871 409 925 444 11).
944 409 1094 438 Fornicatio
1106 412 1188 443 enim.
1205 413 1275 440 sicut
1301 413 1327 440 in
1347 414 1490 442 Salomone
1510 415 1578 451 (ΙΙΙ
1601 418 1661 452 Rea.

869 454 920 490 xi).
936 455 1050 482 infatuat
1064 455 1224 490 sapientem.
1241 457 1374 491 Ebrietas,
1387 458 1457 486 sicut
1472 460 1498 486 in
1515 459 1565 487 Lot
1587 461 1661 494 (Gen,

869 499 936 534 ιιι),
948 507 1058 528 sensum
1072 502 1184 528 rationis
1194 503 1318 536 captivat.
1327 502 1403 530 Unde
1414 509 1441 531 et
1456 504 1482 531 in
1495 505 1664 536 Proverbiis,-

869 544 1006 580 Potentes,
1023 546 1119 581 inquit,
1146 547 1265 573 iracundi
1285 553 1353 579 sunt„
1380 552 1464 575 vinum
1491 558 1542 577 non
1564 551 1648 577 bibant
1658 572 1664 582 ,

870 599 900 618 ue
920 599 976 618 cum
996 592 1119 627 biberint,
1150 592 1328 620 obliviscantur
1347 594 1496 628 sapientiam
1516 593 1665 630 (proverb.

868 644 945 670 xxxi,
960 636 977 663 t
987 637 1008 672 ).

905 684 931 711 3.
947 684 1084 719 Plerisque
1098 685 1156 713 laus
1170 689 1212 713 est
1222 685 1335 712 multum
1350 685 1443 712 bibere
1456 685 1559 719 vinum,
1573 693 1599 714 et
1611 694 1665 715 non

869 730 1007 759 inebriari.
1023 731 1141 759 Audiant
1157 732 1184 759 lii
1200 732 1343 759 adversum
1360 739 1389 760 se
1401 732 1533 760 dicentem
1546 734 1664 768 propbe-

869 780 922 803 tam
937 785 943 803 :
959 776 1005 804 Va:
1015 778 1058 812 qui
1071 782 1183 813 potentes
1195 779 1255 805 estis
1269 779 1303 805 ad
1312 779 1447 805 bibendum
1465 781 1563 814 vinnm,
1576 785 1599 807 et
1619 780 1667 807 viri

869 823 947 857 sortes
957 823 990 849 ad
1004 823 1159 850 miscendam
1174 824 1318 851 ebrietatem
1333 824 1410 856 (lsai.
1426 833 1451 857 v,
1463 825 1519 860 22).

904 869 931 897 b.
950 870 1018 897 Vino
1033 871 1117 898 multo
1132 871 1248 904 deditos,
1263 877 1289 898 et
1300 872 1436 900 luxuriose
1452 873 1571 900 viventes
1585 873 1666 902 isaias

33 914 63 942 tit
74 914 100 942 in
112 915 188 950 eulpa
203 915 321 943 ciborum
333 915 463 950 qualitas,
479 915 526 942 sed
542 916 607 943 illud
631 921 769 951 reputetur
790 917 816 944 iu
833 915 855 945 B
869 916 907 943 sic
921 917 1017 950 arguit,
1033 917 1125 945 dicens
1141 927 1147 944 ε
1170 917 1214 945 Voe
1226 919 1269 953 qai
1283 919 1436 954 consurgitis
1449 928 1525 947 mane
1537 920 1571 946 ad
1584 921 1665 948 ebrie-

870 967 946 989 tatem
959 963 1118 995 sectandam,
1132 968 1156 990 et
1167 964 1309 998 peloridum
1324 973 1403 996 nsque
1422 965 1456 991 ad
1477 973 1619 999 vesperum,
1637 970 1666 992 ut

869 1008 927 1034 vino
941 1009 1050 1035 metuetis
1064 1009 1141 1042 (lsai.
1156 1017 1182 1042 v,
1196 1009 1251 1044 11).
1268 1009 1304 1035 D··
1317 1011 1412 1037 tatibus
1427 1015 1453 1037 et
1466 1011 1519 1037 alio
1531 1012 1588 1038 loco
1599 1011 1666 1038 dici-

871 1057 912 1080 tur
928 1062 934 1079 ι
952 1053 997 1080 Va:
1010 1054 1065 1086 tibi,
1081 1055 1169 1082 civitas
1195 1057 1268 1088 cujus
1291 1064 1336 1082 rex
1357 1057 1457 1087 iuvenis
1475 1062 1523 1089 est,
1548 1062 1571 1084 et
1590 1058 1667 1092 cujac

869 1099 995 1134 principes
1011 1108 1084 1126 mane
1095 1101 1230 1127 comedunt
1246 1100 1343 1136 (Eccle.
1363 1109 1388 1133 x,
1403 1101 1458 1136 111).

904 1145 930 1172 5.
946 1144 1018 1172 Multi
1035 1147 1105 1172 enim
1120 1154 1133 1172 a
1150 1154 1227 1173 mane
1251 1153 1333 1180 usqne
1361 1147 1393 1173 ad
1420 1147 1485 1174 solis
1510 1148 1664 1175 occubitum

869 1191 988 1218 ebrietati
1004 1197 1030 1219 et
1045 1192 1126 1229 255
1139 1193 1207 1228 gulae
1222 1194 1402 1226 voluptatibus
1417 1194 1546 1226 serviunt,
1560 1202 1609 1221 nec
1624 1194 1666 1220 in-

869 1237 988 1271 telligunt
1004 1245 1052 1264 cur
1077 1239 1130 1265 uati
1151 1244 1230 1271 sunt;
1256 1238 1314 1271 scd,
1329 1239 1521 1266 consuetudine
1548 1239 1666 1267 belluina

868 1283 983 1316 detenti,
1000 1284 1111 1312 luxuriae
1136 1289 1237 1311 tantum
1261 1289 1316 1312 tota
1340 1284 1386 1312 die
1411 1285 1549 1320 epulisque
1575 1286 1664 1314 inser·

868 1327 951 1355 viunt.

903 1373 928 1400 6.
945 1372 1048 1400 Clamat
1062 1373 1119 1402 Joel
1144 1374 1272 1408 propbeta
1297 1375 1338 1403 liis
1358 1376 1402 1408 qui
1426 1375 1549 1403 ebrietati
1572 1376 1664 1404 deser·

867 1418 956 1450 vium,
972 1418 1083 1446 dicens:
1102 1419 1334 1455 Expergiscimini,
1346 1422 1409 1448 ebrii
1421 1430 1431 1455 ,·
1447 1427 1470 1449 et
1484 1423 1552 1457 flete,
1567 1428 1590 1450 et
1606 1424 1665 1450 ulu-

867 1464 929 1497 late,
943 1472 1028 1491 omnes
1041 1465 1084 1498 qui
1098 1465 1183 1492 bibitis
1196 1467 1282 1492 vinum
1294 1467 1321 1493 in
1335 1466 1472 1495 dulcedine
1488 1467 1568 1504 (loct.
1586 1477 1604 1501 t,
1623 1468 1664 1504 5).

867 1511 925 1544 Quo
949 1511 1101 1538 testimonio
1125 1520 1178 1539 non
1195 1512 1232 1539 ait
1256 1517 1382 1541 tantum:
1403 1513 1488 1548 Flete,
1519 1523 1604 1542 ornnes
1618 1516 1664 1551 qai

868 1559 951 1586 bibitis
964 1560 1060 1590 vinum.
1075 1565 1104 1586 ut
1118 1560 1208 1587 bibere
1224 1560 1333 1587 omniuo
1348 1568 1399 1588 non
1414 1561 1509 1594 liceat;
1526 1563 1574 1590 sed
1589 1562 1665 1598 adje-

47 1605 193 1632 ecessitatts
207 1606 343 1641 subrepit.
359 1611 387 1633 ut
402 1607 464 1634 dum
482 1612 588 1642 putatur
603 1609 698 1635 servii-i
715 1617 814 1636 neces·
829 1607 852 1639 C
867 1605 917 1637 cit,
933 1606 959 1632 in
984 1606 1128 1637 dulcedine,
1151 1607 1220 1640 ‹tuod
1244 1607 1276 1633 ad
1301 1608 1486 1641 voluptuosam
1509 1610 1622 1643 pertinet
1636 1613 1665 1637 et

869 1651 1004 1686 prodigam
1025 1651 1191 1679 effusionem.
1207 1652 1270 1679 Nam
1285 1658 1411 1686 quantum
1426 1654 1491 1680 satis
1506 1658 1547 1680 est
1570 1662 1664 1682 neces-

867 1698 937 1724 sitati
947 1719 954 1730 ,
969 1698 1064 1724 edocet
1079 1697 1248 1725 Timotheum
1270 1699 1360 1726 bibere
1375 1699 1530 1734 Apostolus,
1545 1700 1636 1728 dicens
1653 1709 1662 1728 ς

872 1744 936 1770 Vino
952 1745 1051 1771 modico
1070 1749 1145 1771 utere.

903 1791 928 1818 7.
948 1791 1003 1818 Νοιι
1031 1792 1116 1818 sotum
1139 1800 1170 1818 ex
1195 1792 1254 1819 vino
1278 1792 1443 1820 inebriantur
1465 1793 1597 1828 nomines,
1613 1794 1661 1822 sed

870 1837 948 1863 ctiam
964 1844 996 1864 ex
1011 1837 1117 1864 canteris
1129 1838 1234 1869 potandi
1250 1838 1402 1872 generibus,
1420 1847 1479 1872 ‹111ae
1495 1840 1568 1867 vario
1580 1840 1662 1868 modo

868 1883 1052 1910 conficiuntur.
1071 1883 1146 1910 Unde
1160 1889 1188 1910 et
1203 1883 1346 1917 Nazaraeis,
1363 1885 1406 1919 qui
1420 1893 1449 1912 se
1460 1886 1662 1914 sanctificabant

867 1931 991 1962 Domino,
1005 1935 1164 1965 prmceptum
1173 1935 1214 1958 est
1226 1931 1314 1958 vinum
1329 1935 1356 1958 et
1368 1932 1478 1958 siceram
1491 1940 1543 1958 non
1556 1932 1660 1960 bibere.⁴

866 1976 985 2011 Utraque
1000 1977 1070 2004 cuim
1092 1981 1188 2004 statum
1211 1977 1307 2004 mentis
1326 1982 1461 2010 evertunt,
1477 1982 1504 2005 et
1517 1978 1606 2006 ebrios
1621 1979 1659 2005 l'a-

866 2041 881 2058 a
896 2032 1110 2060 me.Arist‹›tele<
1123 2033 1267 2066 problem.‚
1284 2038 1349 2061 sect.
1365 2041 1404 2065 ιιι,
1418 2037 1482 2061 text.
1499 2034 1548 2067 17,
1565 2041 1661 2068 crapu-

866 2067 919 2094 lam
936 2073 1028 2101 aperte
1040 2076 1073 2095 ex
1090 2068 1151 2094 vino
1162 2076 1221 2095 esse
1238 2073 1360 2095 testatur.
1388 2069 1467 2095 Addit
1493 2075 1623 2103 praeterea
1648 2078 1656 2097 :

866 2102 913 2129 Est
928 2104 995 2130 enim
1011 2103 1117 2138 crapula
1132 2104 1215 2138 servor
1225 2104 1341 2137 qnidam,
1364 2109 1388 2130 et
1411 2104 1528 2130 desinens
1555 2105 1660 2139 inflam-

866 2138 946 2165 matio
956 2158 964 2170 ,
992 2147 1048 2167 σιιας
1073 2139 1130 2174 plus
1158 2140 1287 2173 conflictot
1311 2147 1386 2173 quam
1410 2140 1556 2165 temulentia
1566 2159 1574 2173 ,
1590 2139 1659 2174 qnod

866 2179 974 2200 mentem
990 2174 1037 2200 itta
1051 2174 1133 2208 quatit
1157 2179 1180 2201 et
1201 2175 1315 2204 olivitam
1331 2175 1436 2208 crapula
1454 2179 1550 2206 autem,
1575 2179 1659 2202 mente

864 2209 913 2235 st'bt'
928 2214 1069 2238 constante.
1086 2209 1202 2236 dolorem
1216 2210 1340 2236 admovet.
1353 2209 1461 2236 Loan-A.

897 2244 924 2270 2.
935 2243 995 2270 Ose.
1006 2252 1031 2271 tv
1047 2243 1205 2278 Fornicatio,
1219 2250 1242 2272 et
1256 2245 1353 2277 vinum,
1368 2249 1391 2271 et
1404 2246 1522 2278 ebrietas,
1535 2246 1659 2280 auserunt

862 2286 917 2305 cor.
934 2279 1042 2306 tamisi.

898 2313 966 2341 Ibid.
986 2315 1012 2341 ln
1036 2314 1148 2342 Exi-usis
1171 2319 1212 2342 est
1229 2323 1237 2343 ;
1254 2315 1327 2342 Sicut
1352 2315 1387 2342 ait
1401 2315 1543 2347 satomon,·
1564 2323 1657 2343 verum

862 2349 942 2376 male.
959 2349 1040 2376 Goth.
1059 2359 1066 2376 ε
1093 2351 1243 2377 Fornicatio
1265 2351 1342 2380 entim,
1365 2351 1429 2377 aient
1454 2351 1480 2376 in
1506 2351 1656 2381 Salomone.

863 2385 974 2419 infatuat
987 2386 1145 2420 sapientem:
1161 2387 1279 2417 ebrietas,
1291 2386 1355 2411 sicut
1368 2385 1395 2411 in
1412 2384 1471 2415 Lot.
1490 2393 1592 2411 sensum
1615 2393 1658 2411 ra-

863 2420 939 2446 tionis
954 2425 1084 2456 captum,-
1098 2422 1166 2447 unde
1178 2421 1203 2446 in
1217 2420 1378 2452 Proverbiis,
1391 2426 1443 2446 ειν.
1458 2420 1504 2445 Est
1517 2419 1588 2446 enim
1611 2428 1659 2446 cx-

861 2454 969 2489 plicatio
983 2455 1125 2482 verborum
1141 2456 1204 2482 Ose.
1223 2464 1228 2480 :
1247 2454 1397 2481 Fornicatio
1415 2458 1438 2480 et
1453 2454 1560 2481 ebrietas
1583 2457 1655 2489 anse-

861 2495 921 2517 rtmt
935 2499 987 2518 cor.
1003 2490 1154 2518 Fornicatio
1164 2494 1307 2522 nempe,ut
1318 2490 1343 2515 in
1355 2489 1514 2522 Salomone;
1527 2490 1653 2520 ebrietas.

863 2530 892 2552 ut
905 2526 930 2552 in
944 2525 1004 2552 Lot.
1019 2525 1149 2552 Praeterea
1158 2532 1211 2551 non
1222 2528 1310 2551 exstat
1320 2524 1347 2550 in
1358 2523 1510 2552 Proverbiis
1525 2524 1582 2551 lunc
1592 2532 1654 2552 sen-

863 2561 955 2587 tentia.
968 2559 1077 2587 Lotttsa.

899 2595 926 2622 t.
943 2595 1031 2622 Eccle.
1046 2603 1078 2626 x,
1093 2594 1139 2621 ubi
1155 2593 1326 2627 Septuaginta
1339 2592 1390 2620 boe
1403 2593 1483 2620 modo
1499 2602 1505 2620 :
1522 2596 1587 2622 οὐαί
1599 2605 1660 2629 σοι.

861 2630 943 2661 πόλις,
959 2629 988 2660 ἧς
999 2629 1012 2656 ὁ
1026 2630 1146 2664 βασιλεὺς
1161 2640 1208 2656 σου
1222 2630 1351 2666 νεώτερος.
1366 2630 1409 2656 καὶ
1428 2630 1451 2656 οἱ
1465 2628 1592 2667 ὅρχοντίς
1606 2641 1655 2657 σου

862 2665 888 2692 ἐν
899 2667 984 2702 πρωία
995 2665 1119 2692 ἐσθίουσι.
1134 2664 1162 2691 td
1178 2669 1230 2695 est.
1256 2663 1302 2690 Va:
1323 2663 1384 2694 nbi.
1407 2664 1495 2691 civitas
1513 2666 1588 2701 cujas
1608 2673 1654 2692 rea:

863 2704 922 2726 taus
930 2694 1020 2734 junior
1043 2705 1067 2725 et
1081 2699 1164 2731 princi
1183 2707 1208 2725 ι’*
1219 2698 1256 2725 tui
1265 2701 1290 2724 in
1301 2697 1364 2724 liora
1373 2699 1495 2726 matutina
1506 2701 1651 2727 comeduut.

863 2734 892 2762 ln
907 2736 1011 2770 vulgata
1029 2734 1152 2761 Editione
1165 2737 1200 2760 tta
1218 2737 1278 2761 est:
1299 2732 1344 2760 Vae
1365 2734 1421 2767 tibi,
1438 2738 1507 2761 terra
1517 2736 1591 2771 cujus
1607 2743 1653 2762 rex

862 2777 925 2804 puer
935 2774 980 2802 est.
993 2775 1015 2796 et
1029 2769 1104 2804 cujas
1133 2768 1242 2803 rincipes
1253 2775 1328 2795 mane
1339 2769 1483 2796 comedunt.
1494 2769 1579 2804 Quam
1588 2777 1654 2798 vet·-

862 2805 965 2832 sionem
993 2804 1074 2831 etiam
1127 2805 1246 2839 regorius
1268 2803 1389 2839 sequitur
1413 2802 1461 2832 tib.
1489 2811 1535 2833 xvt
1556 2804 1651 2842 iloni.

861 2846 922 2873 cap.
940 2839 982 2867 15.
992 2839 1101 2867 ιοΛιεΛ.

898 2876 925 2903 7.
937 2874 1082 2903 Nazaroeis.
1096 2874 1141 2903 Sic
1151 2874 1290 2911 rescripsi,
1307 2881 1368 2904 euin
1382 2873 1410 2904 in
1418 2872 1544 2906 Editione
1553 2873 1651 2907 Griattt

861 2914 932 2938 essct
946 2908 1088 2937 Nazaroet's.
1100 2910 1184 2940 Anev.
1651 2920 1655 2939 t
