1832 3016
51 179 104 209 665

51 285 221 313 mendacium
232 283 331 320 detegi.
347 283 409 318 quia
423 284 478 318 jam
493 284 562 310 sicut
578 283 680 310 nullum
697 278 839 317 templum,

52 331 155 360 nullum
169 331 254 359 altare
265 351 273 364 ,
299 329 402 358 nullum
419 330 597 362 sacrificium,
613 330 650 356 ita
664 328 754 356 nullus
770 336 817 356 rex
831 350 839 363 ,

50 378 140 405 nullus
153 377 278 406 sacerdos
290 375 420 404 remansit
432 375 547 409 tudaeis;
574 383 661 410 neque
675 375 747 402 enim
765 371 842 402 men·

50 424 101 452 dax
116 432 176 452 esse
190 427 276 459 potest
286 421 358 450 Osee
371 422 501 456 propheta
514 443 523 456 ‚
542 422 586 456 qui
608 422 691 449 dicit:
712 420 842 448 Sedebant

50 472 100 506 filii
115 471 199 499 Israel
208 471 262 498 sine
277 478 347 506 reye,
364 470 419 497 sine
430 470 554 504 principe,
566 469 621 496 sine
632 468 771 503 sacrificio,
787 476 842 495 stne

51 518 138 550 altari,
149 518 204 544 sine
215 517 368 550 sacerdotio,
384 517 438 543 sine
451 515 700 551 manifestationibus
713 514 787 551 (Ose.
800 521 840 546 ιιι,

50 563 88 599 4).
109 563 173 597 Quae
188 563 277 590 omnia
301 563 361 598 quis
380 570 431 590 non
448 562 538 590 videat
563 569 633 589 nunc
649 562 676 589 in
699 561 765 596 ipsis
780 567 841 588 esse

49 610 180 645 completa
191 611 202 637 t

354 656 467 684 CAPUT
490 656 535 683 tx.

151 704 218 735 Quia
232 703 263 731 de
277 704 358 738 stirpe
374 703 457 730 David
473 709 547 730 natus
561 706 596 729 est
610 700 737 728 Christus.

88 749 114 775 ¹l.
129 749 198 776 Ecce
210 757 242 776 ex
255 757 308 783 qua
324 750 393 776 tribu
408 749 558 776 nasciturus
572 753 612 775 est
627 748 749 775 Christus
760 746 841 773 doce-

51 802 121 822 mur.
139 795 177 822 Ex
199 795 282 821 David
299 801 387 822 autem
404 795 487 829 stirpe
508 794 654 821 secundum
670 800 778 820 carnem
802 791 842 818 su-

51 845 128 868 turus
151 848 211 868 esse
232 848 279 875 per
294 840 424 875 Spiritum
447 845 570 868 sanctum
596 840 630 866 ita
648 837 841 872 praenuntiatus

51 891 92 915 est
119 887 145 913 in
169 886 282 913 Psalmis
296 895 302 912 :
317 885 418 913 Juravit
440 885 566 913 Dominus
586 884 670 911 David
694 884 839 914 veritatem,

50 937 73 960 et
88 940 137 959 non
162 932 328 967 frustrabitur
342 939 411 962 eum,
424 931 456 958 de
480 931 565 965 fructu
586 929 680 956 ventris
696 929 733 954 tui
749 934 844 962 ponam

49 987 125 1013 super
136 979 220 1005 sedem
236 983 306 1004 tuam
320 976 406 1012 (Psoi.
421 984 516 1009 cxxxi,
543 975 598 1010 11).
618 984 645 1004 >-
670 975 701 1001 Ει
716 975 814 1000 iterum
833 982 839 1000 ;

50 1024 136 1051 Semel
154 1023 241 1059 juravi
257 1024 283 1050 in
294 1027 383 1049 sancto
398 1030 464 1054 meo,
479 1021 500 1047 si
514 1020 598 1047 David
610 1020 732 1050 mentiar,
756 1026 841 1045 semen

50 1071 108 1105 ejus
121 1070 147 1096 in
157 1074 280 1096 oeternum
298 1068 408 1095 manebit
422 1087 430 1100 ‚
452 1072 475 1094 et
487 1067 592 1094 thronus
605 1066 670 1101 ejus,
683 1065 748 1092 sicut
761 1065 799 1091 sol
815 1065 842 1090 in

51 1120 187 1150 conspectu
198 1124 253 1142 meo
264 1135 272 1148 ,
293 1118 316 1142 et
329 1116 394 1142 sicut
409 1114 472 1141 luna
482 1114 595 1149 perfecta
610 1114 636 1139 in
651 1117 791 1143 aeternum,
819 1114 843 1138 et

52 1162 120 1189 testis
135 1162 162 1188 in
173 1161 236 1188 coelo
246 1161 330 1195 fidelis
342 1159 428 1195 (Psal.
446 1167 574 1193 mxxxvttt,
589 1159 716 1194 56⁹3eq.).

85 1209 112 1235 2.
140 1209 205 1235 item
229 1208 255 1235 in
282 1208 350 1234 libro
375 1206 598 1241 Paralipomenon
614 1215 619 1232 :
635 1205 669 1232 Et
691 1207 789 1241 sactum
808 1210 845 1232 eat

0 1251 2 1256 ’
49 1255 152 1282 verbum
168 1254 275 1281 Domini
289 1255 323 1281 ad
339 1253 455 1288 Nathan,
469 1254 556 1280 dicens
568 1261 577 1280 :
590 1252 672 1286 Vade,
686 1257 709 1279 et
721 1252 762 1279 dic
774 1260 844 1280 servo

0 1305 3 1312 '
50 1309 106 1329 meo
118 1301 200 1328 David
214 1309 223 1328 :
239 1300 304 1328 Hoec
318 1301 380 1327 dicit
396 1300 523 1327 Dominus
535 1308 544 1326 :
559 1300 691 1326 Annuntio
708 1299 753 1326 tibi
775 1298 844 1334 quod

40 1343 226 1382 1ιειίίβειιιιινιιι
238 1348 271 1374 sit
282 1348 386 1374 domum
407 1346 453 1373 tibi
471 1346 610 1378 Dominus,
624 1354 732 1380 cumque
749 1345 844 1379 imple-

50 1395 115 1421 veris
130 1394 183 1421 dies
197 1399 262 1426 tuos,
278 1398 306 1420 ut
320 1393 446 1437 vadasoad
467 1396 551 1427 patres
564 1397 621 1418 tuos
633 1414 640 1426 ,
658 1391 786 1418 suscitabo
806 1399 846 1417 se-

40 1448 106 1467 vmen
121 1445 191 1466 tuum
202 1444 258 1474 post
274 1444 308 1470 te,
322 1439 390 1474 quod
405 1439 451 1465 erit
469 1439 500 1465 tle
514 1438 576 1472 filiis
589 1438 649 1471 tuis,
673 1443 696 1465 et
713 1437 844 1464 stabiliam

1 1498 5 1510 v
42 1495 156 1523 «reynunt
170 1487 238 1522 ejus,
251 1487 305 1521 ipse
319 1485 456 1519 oedificabit
471 1485 534 1512 mihi
548 1485 668 1517 domum,
697 1490 720 1511 et
735 1484 844 1518 firmabo

41 1533 144 1560 <solium
158 1533 215 1567 ejm
229 1540 308 1567 usque
329 1533 355 1558 in
369 1536 504 1558 oeternum.
521 1530 578 1566 qu
593 1539 636 1558 ero
651 1531 673 1557 ei
687 1532 714 1557 in
727 1536 841 1566 patrem,

40 1585 74 1607 not
86 1581 140 1616 ipse
154 1581 201 1607 erit
212 1581 273 1607 mihi
287 1581 312 1607 in
329 1581 421 1614 (ilium,
443 1585 465 1607 et
479 1580 682 1607 misericordiam
693 1588 776 1606 meam
790 1587 840 1606 non

1 1679 5 1686 ¹
39 1677 159 1700 nstaluam
170 1682 227 1701 eum
242 1675 269 1701 in
286 1674 361 1700 domo
373 1682 430 1700 mea
444 1696 450 1707 ,
476 1678 498 1700 et
514 1674 540 1700 in
554 1681 632 1708 regno
646 1681 702 1699 meo
717 1680 797 1707 usque
811 1672 839 1699 in

39 1721 247 1754 :sempiternnnu
268 1725 291 1747 et
305 1719 412 1747 thronus
429 1720 486 1754 ejut
500 1720 547 1746 erit
558 1720 721 1754 firmissimus
740 1719 767 1745 in
779 1726 839 1753 per·-

39 1770 152 1801 ,petuam
167 1765 210 1801 (11
227 1767 291 1802 Περ.
304 1774 351 1799 vu,
367 1767 399 1798 43
417 1766 425 1793 Ι
443 1766 532 1793 Paral.
552 1773 618 1799 xvu,
635 1765 672 1800 5).

1 1846 7 1852 ι
85 1814 136 1848 21
145 1812 171 1840 3.
183 1813 245 1840 Haec
257 1813 344 1840 omnia
356 1813 474 1847 quisquis
489 1813 514 1839 in
526 1812 668 1840 Salomone
677 1816 749 1847 putat
759 1812 841 1839 fuisse

41 1858 176 1894 :impleta‚
202 1859 312 1885 multum
335 1865 425 1885 errare
448 1858 562 1885 videtur.
588 1858 653 1885 Nam
677 1858 789 1892 qualiter
814 1858 840 1885 in

39 1903 191 1932 tSalomone
209 1903 408 1938 intelligendum
424 1908 481 1937 est,
496 1904 566 1938 quod
578 1903 677 1931 dictum
688 1908 742 1931 est:
765 1903 841 1930 Poet-

40 1958 124 1985 «quam
134 1950 265 1976 dormieris
276 1958 332 1976 cum
344 1950 458 1984 patribus
467 1952 515 1976 tuis
524 1971 531 1982 ,
540 1950 665 1977 suscitabo
677 1958 760 1977 semen
772 1955 842 1977 tuum

0 1996 4 2000 '
41 2001 107 2029 'post
117 1996 223 2030 te,quotl
233 1996 279 2022 erit
291 1995 390 2029 delitiis
398 1997 458 2030 tuis,
469 2000 491 2023 et
503 1996 629 2023 stabiliam
638 2005 745 2032 reanum
753 1997 844 2023 iliius?

0 2062 2 2070 ,
42 2042 172 2078 *Numquid
195 2043 228 2070 de
253 2043 298 2071 illo
324 2043 466 2071 Salomone
498 2044 614 2071 creditur
640 2044 844 2078 prophetatum?

42 2088 170 2116 minime.
186 2089 230 2116 llle
250 2090 320 2115 enim
336 2094 411 2123 patre
425 2097 474 2117 suo
499 2090 604 2117 vivente
623 2090 705 2124 coepit
720 2097 843 2124 regnare.

41 2134 116 2162 PNam
127 2135 169 2162 bic
179 2134 275 2162 dicitur
285 2135 346 2170 quia
356 2143 413 2162 cum
423 2135 539 2170 completi
554 2136 647 2169 suerint
658 2136 709 2162 dies
720 2137 844 2170 vitoetuoe,

41 2184 76 2207 'et
86 2180 220 2207 dormieris
237 2188 294 2207 cum
312 2181 427 2216 patribus
439 2181 487 2207 tuis
498 2202 504 2213 ,
516 2181 643 2207 suscitabo
655 2190 740 2208 semen
760 2187 842 2209 tuum.

42 2226 91 2254 tax
104 2235 156 2262 quo
167 2227 321 2262 intelligitur
331 2227 398 2254 alius
407 2234 467 2254 esse
481 2228 642 2261 promissus,
656 2229 698 2262 qui
713 2236 765 2255 non
784 2233 846 2256 ante

1 2290 4 2295 -
41 2277 162 2300 *mortem
182 2273 282 2305 David,
297 2273 344 2300 sed
365 2277 425 2308 post
445 2276 557 2300 mortem
579 2273 638 2308 ejus
661 2274 846 2308 pronuntiatus

0 2319 1 2358 ᾗ
40 2318 135 2347 tinet-at
148 2319 325 2347 suscitandus.

41 2413 111 2433 ²ent-re
122 2404 198 2432 Judoe
209 2425 218 2439 ,
240 2406 283 2440 qui
297 2406 324 2432 in
337 2406 454 2433 extremis
467 2405 580 2432 Orientis
596 2405 709 2439 partibus
721 2406 838 2434 videatur

40 2448 158 2475 >reanum
169 2441 269 2467 tenere?
284 2441 315 2467 Et
327 2441 379 2467 alia
391 2442 472 2468 multa
486 2441 513 2468 in
527 2441 649 2468 eannlem
662 2442 835 2469 sententiam.

41 2476 88 2503 tEt
102 2475 209 2509 quidem
220 2474 326 2502 Judaeos
337 2483 432 2510 magno
445 2477 470 2503 in
480 2483 592 2503 numero
606 2477 632 2503 in
645 2477 754 2504 Oriente
767 2477 836 2505 intra

40 2514 159 2538 amantes
172 2509 285 2543 Caspios
308 2511 426 2538 inclusos
440 2511 583 2545 contineri,
602 2519 654 2539 non
676 2512 726 2546 ipsi
748 2513 835 2539 solum

42 2545 205 2572 minutantur
216 2544 290 2579 (nam
303 2550 393 2573 exstat
402 2546 436 2573 de
447 2547 498 2573 ltac
511 2554 541 2573 re
555 2547 623 2574 liber
634 2546 776 2579 Ηειιιτιίεε,
791 2548 837 2582 qui

40 2579 156 2608 mat-tan
170 2579 479 2615 Sithitosntmcupatur),
491 2581 538 2608 sed
551 2582 632 2608 etiam
644 2582 777 2616 Prospero
788 2583 836 2610 fuit

91 2621 223 2646 rsuasum,
233 2613 279 2640 tib.
290 2613 324 2640 dc
335 2614 566 2647 Praedictionibus.
575 2621 650 2650 parte
661 2617 764 2650 ultima,
776 2624 837 2651 cap.

41 2622 89 2683 ἐξ
101 2650 144 2677 ubi
166 2649 219 2676 ait:
238 2648 289 2675 Hic
303 2650 444 2676 ostenditur
457 2650 525 2684 qnod
538 2658 572 2677 ea:
584 2650 685 2679 tudoen
716 2652 748 2678 tte
772 2654 839 2679 tribu

42 2682 115 2713 ibon
126 2707 134 2720 ,
150 2692 206 2720 quae
221 2684 297 2711 hodie
315 2691 414 2718 quoque
423 2685 451 2711 in
466 2685 572 2712 Perside
583 2691 619 2712 est
633 2706 641 2717 ,
661 2687 754 2715 veniet.
766 2687 840 2714 Anti-

41 2721 174 2748 ·cltristut.
191 2720 265 2747 lianc
279 2719 433 2747 suatum-um
447 2721 603 2754 opinionem
617 2720 766 2748 Pon-cneius
781 2726 839 2749 tun-

40 2756 194 2821 “aaa
207 2753 363 2818 ¹2NJ
379 2754 600 2825 ⁰‘;::::;.⁴:⁰z⁶::2·
616 2755 840 2825 natata-..m

145 2809 154 2818 .
199 2809 206 2817 .
248 2809 256 2818 .
292 2809 299 2817 .
350 2807 358 2816 .
372 2809 381 2824 ,
589 2806 620 2816 ...

116 2826 188 2855 En.

143 2879 151 2888 .
157 2860 259 2888 :aravit
265 2859 403 2888 Dominus.
412 2858 512 2887 Psatm.
519 2867 612 2891 cxxxi.
619 2858 664 2893 ss,
672 2859 698 2888 in
705 2859 839 2890 Gothicis:

145 2901 156 2924 t
170 2896 294 2924 Dontt'nus
310 2895 394 2924 David
412 2895 438 2923 in
447 2895 568 2930 veritate,
595 2899 619 2923 et
643 2903 694 2923 nan
708 2896 841 2932 [raeti-avit

399 181 443 209 ΒΕ
462 180 542 208 FlDE
563 176 762 208 carnutum
781 176 922 207 CONTRA
941 177 1085 209 ,tc-DAEOS
1104 178 1206 208 LlBER
1226 181 1362 210 putatus.

88 239 114 267 5.
131 239 187 268 Neo
201 238 352 272 attendunt,
366 242 456 266 mente
467 238 571 270 caecati,
586 237 767 264 simulationis
780 243 837 264 suae
852 238 879 266 Α
926 237 951 264 l.
969 238 1018 271 Qui
1040 237 1184 265 :edificaret
1198 238 1307 265 domum
1330 238 1453 272 Domini,
1470 246 1523 266 non
1547 239 1581 267 de
1603 240 1689 274 pario-

1635 177 1689 211 tac

894 283 963 311 tibus
979 284 1151 317 manufactis,
1167 284 1213 312 sod
1227 285 1261 312 tle
1281 284 1413 323 lapidibus
1426 285 1493 313 vivis
1508 290 1536 313 et
1548 286 1689 321 pretiosis,

893 330 919 357 id
933 335 989 363 est,
1005 331 1105 358 sanetis
1120 335 1148 359 et
1172 331 1305 358 fidelibus.
1322 331 1388 358 Nam
1403 335 1431 359 et
1445 332 1509 359 illud
1519 351 1528 365 ,
1541 332 1613 367 quod
1627 333 1692 361 sult-

890 376 954 411 J'ecit
968 384 975 403 ε
990 375 1090 404 Fidelis
1105 378 1153 404 erit
1167 378 1258 404 domus
1269 380 1334 414 ejus,
1346 383 1370 405 et
1381 386 1489 412 requam
1503 380 1559 416 effus
1572 387 1652 414 usque
1664 379 1692 407 in

892 421 1074 455 sempiternum
1089 431 1175 449 coram
1189 431 1228 449 nte
1242 422 1288 458 (11
1302 423 1368 457 Rea.
1380 431 1431 457 vn,
1454 424 1511 459 16),
1527 425 1647 452 attendat
1663 429 1693 454 et

892 466 1003 501 aspiciat
1013 467 1152 502 quisquam
1168 475 1221 494 non
1239 468 1273 495 tle
1290 468 1433 496 Salomone
1455 477 1516 497 esse
1534 472 1692 505 pronuntia-

894 517 959 539 ιιιιη.
969 513 1095 540 Salomon
1105 513 1202 548 quippe
1209 513 1318 541 domum
1329 514 1433 548 plenam
1443 514 1526 543 tuisse
1536 515 1693 543 mulieribus

892 558 1048 593 alienigenis·
1056 559 1205 587 colentibus
1216 559 1302 593 idola,
1314 564 1341 587 et
1353 560 1411 595 ipse
1424 561 1458 588 ab
1468 561 1507 588 eis
1521 568 1568 589 rex
1581 561 1694 588 idolola-

893 606 942 633 tria
962 606 1107 638 seductus,
1127 610 1206 640 atque
1218 605 1348 640 dejectus,
1365 606 1429 634 dum
1448 607 1534 634 bonus
1557 607 1652 635 fuisset
1665 608 1692 636 in

893 652 979 685 initio,
995 652 1081 679 malos
1095 652 1183 679 exitus
1199 652 1299 679 habuit.

928 700 955 727 5.
969 699 1037 734 Ergo
1051 700 1112 734 quis
1125 705 1163 726 est
1178 699 1229 727 iste
1241 700 1317 735 cujus
1332 700 1427 728 domus
1443 706 1484 728 est
1495 700 1582 728 fidelis
1595 700 1621 728 in
1633 709 1694 736 per·

894 751 1015 780 petuam,
1033 752 1058 773 ct
1072 748 1114 780 qui
1132 752 1192 780 post
1206 752 1318 775 mortem
1334 747 1416 775 David
1434 749 1595 783 promittitur
1609 750 1694 778 susci-

894 793 1008 820 tandus?
1026 793 1073 820 tue
1087 793 1177 828 utique
1191 798 1232 821 ost
1252 794 1286 821 de
1304 802 1357 829 quo
1373 795 1428 829 ipse
1444 795 1527 824 David
1543 803 1694 825 exaestuans

894 839 1000 873 clamat,
1025 839 1115 867 dicens
1139 841 1163 866 in
1190 841 1295 867 Psalmo
1318 842 1484 876 octogesimo
1506 848 1602 870 octavo
1617 852 1624 871 t
1653 844 1694 871 Tu

894 893 952 912 uero
967 885 1090 912 distulisti
1114 886 1243 913 Christum
1266 892 1336 913 tuum
1357 887 1443 922 (Paul.
1475 897 1608 921 Lxxxwtt,
1636 889 1694 925 39).

858 930 882 960 B
896 930 953 957 Non
969 936 1008 957 est
1022 938 1085 966 eigo
1101 931 1145 958 ille
1160 932 1303 965 Salomon,
1320 933 1366 960 sed
1380 942 1429 960 nec
1443 934 1492 962 iste
1505 935 1586 962 David
1598 936 1695 963 dilatus

894 982 935 1005 est
949 978 1080 1005 Christus.
1098 978 1167 1006 Ecce
1182 985 1363 1013 apparuerunt
1386 981 1577 1015 promissiones
1597 983 1694 1016 praedi-

894 1028 954 1056 ctae,
967 1031 1018 1051 non
1031 1024 1058 1050 in
1071 1024 1227 1057 Salomone,
1242 1026 1288 1053 sed
1301 1026 1327 1053 in
1339 1026 1445 1054 Christo
1461 1028 1574 1056 Domino
1589 1032 1694 1063 nostro,

894 1070 939 1103 qui
952 1077 985 1096 ex
1000 1069 1082 1096 David
1098 1078 1197 1104 genere
1212 1076 1287 1098 ortus
1302 1076 1358 1105 est,
1374 1072 1458 1100 tuisse
1471 1075 1622 1108 completae.

932 1115 958 1142 6.
977 1116 1012 1153 De
1027 1123 1080 1150 quo
1095 1124 1140 1150 per
1154 1115 1299 1144 Jeremiam
1316 1118 1373 1152 ipse
1385 1119 1513 1147 Dominus
1527 1120 1591 1148 dicit
1605 1130 1613 1148 ε
1630 1119 1696 1149 Ecce

895 1161 948 1187 dies
962 1162 1080 1194 veniunt,
1096 1163 1157 1189 dicit
1173 1162 1298 1191 Dominus
1308 1185 1315 1195 ,
1329 1169 1352 1191 et
1363 1166 1490 1192 suscitabo
1499 1163 1584 1193 David
1593 1174 1696 1202 germen

892 1208 1004 1242 justum,
1014 1213 1036 1234 et
1044 1208 1159 1242 reqnabit
1170 1216 1225 1240 reat,
1234 1214 1257 1235 et
1266 1210 1368 1244 sapiens
1381 1211 1439 1243 crit,
1449 1215 1473 1237 et
1482 1212 1557 1246 saciet
1563 1213 1697 1247 judicium

896 1259 920 1280 et
934 1255 1061 1289 iustitiam
1076 1255 1103 1281 in
1122 1260 1200 1281 terra.
1211 1253 1244 1281 In
1256 1255 1343 1282 diebus
1354 1256 1407 1282 illis
1417 1257 1560 1283 salvabitur
1573 1256 1658 1292 Iuda,
1674 1263 1697 1286 ct

896 1299 980 1327 Israel
991 1301 1112 1327 habitabit
1129 1301 1301 1335 confidenter,
1317 1307 1340 1329 et
1353 1301 1401 1328 hoc
1413 1307 1450 1329 est
1465 1311 1557 1330 nomen
1576 1305 1644 1339 quod
1654 1312 1696 1331 vo-

896 1347 987 1373 cabunt
996 1355 1065 1378 eum,
1075 1346 1201 1373 Dominus
1208 1347 1296 1381 justus
1310 1347 1514 1383 nocter(.1erem.
1530 1357 1605 1382 xxm,
1620 1349 1646 1382 5,
1657 1350 1695 1381 6).

934 1393 960 1419 7.
978 1392 1030 1420 Ιειε
1043 1392 1142 1426 estqui
1157 1400 1205 1427 per
1222 1393 1326 1420 Nathan
1349 1401 1382 1421 ex
1403 1396 1507 1422 semine
1527 1395 1608 1422 David
1635 1404 1697 1430 pro-

896 1438 1009 1465 mittitur
1029 1438 1053 1472 (1
1071 1437 1164 1465 Parat.
1181 1446 1254 1472 xvtt;
1271 1438 1302 1465 11
1319 1439 1382 1474 neq.
1398 1440 1464 1474 vu),
1486 1441 1531 1475 qui
1547 1441 1625 1468 etiam
1642 1443 1695 1478 22

897 1491 944 1517 per
968 1483 1063 1510 isaiam
1087 1483 1243 1518 prophetam
1268 1485 1304 1511 ita
1329 1486 1481 1520 pronuntiat
1499 1495 1504 1512 :
1523 1486 1676 1522 Eqredietur
1687 1508 1695 1521 ,

895 1529 991 1564 inquit,
1004 1530 1075 1564 virqa
1087 1530 1118 1555 de
1128 1530 1215 1556 radice
1223 1529 1305 1565 Jesse,
1314 1537 1335 1557 et
1349 1531 1396 1565 {los
1408 1532 1438 1558 de
1446 1533 1533 1559 radice
1543 1535 1598 1569 ejus
1609 1542 1697 1562 ascen-

893 1577 934 1603 det
947 1575 1023 1612 (lsai.
1038 1586 1064 1605 xi
1076 1599 1084 1612 ,
1102 1578 1139 1614 1).
1158 1578 1220 1606 ilaec
1233 1579 1305 1614 virga
1320 1580 1354 1607 de
1369 1580 1458 1608 radice
1473 1580 1550 1609 Jesse
1568 1582 1642 1616 virgo
1653 1587 1696 1610 est

41 1629 165 1663 auferam
177 1629 208 1655 ab
224 1637 264 1662 eo,
279 1629 346 1655 sicut
361 1628 455 1655 abstuli
469 1628 500 1655 ab
513 1636 542 1654 eo
557 1628 601 1663 qui
621 1632 680 1654 ante
693 1632 716 1653 te
729 1627 796 1661 satit.
817 1630 841 1653 et
854 1622 877 1653 C
896 1623 989 1656 Μὸῐίθ,
1013 1624 1047 1652 de
1071 1624 1153 1652 David
1175 1625 1265 1652 radice
1286 1630 1395 1660 exorta,
1418 1634 1477 1661 quae
1494 1628 1586 1662 genuit
1601 1628 1696 1656 florem

892 1670 1033 1698 Dominum
1059 1671 1243 1704 Salvatorem,
1272 1672 1305 1699 de
1327 1671 1380 1707 (ino
1401 1673 1481 1700 etiam
1504 1675 1623 1709 sequitur
1639 1683 1645 1701 :
1661 1674 1696 1701 Et

891 1718 1027 1751 requiescet
1040 1726 1116 1751 super
1129 1726 1187 1744 eum
1200 1718 1304 1753 spiritus
1315 1718 1431 1752 Domini,
1446 1719 1552 1754 spiritus
1563 1721 1696 1756 sapientiae

892 1769 916 1790 et
941 1763 1092 1796 intellectus,
1119 1764 1224 1799 spiritus
1247 1765 1348 1791 consilli
1362 1770 1385 1792 et
1408 1766 1575 1800 fortitudinis,
1590 1767 1696 1803 spiritus

892 1810 1004 1837 sci1ntioe
1024 1815 1047 1836 et
1073 1811 1184 1845 pietatis,
1213 1816 1235 1837 et
1260 1811 1363 1846 replebit
1388 1820 1445 1839 eum
1466 1813 1571 1848 spiritus
1595 1814 1694 1841 timoris

893 1856 1009 1883 Domini.

929 1903 955 1930 8.
973 1902 1035 1929 Ideo
1049 1907 1138 1929 autem
1154 1907 1226 1930 tanta
1241 1902 1310 1930 dona
1323 1903 1431 1938 spiritus
1451 1911 1532 1938 super
1546 1912 1606 1932 eum
1625 1912 1695 1939 prae-

894 1948 1025 1980 dicantur,
1038 1949 1100 1982 quia
1114 1948 1140 1975 in
1156 1956 1188 1975 εο
1206 1956 1258 1976 ηοιι
1274 1949 1306 1975 ati
1322 1956 1474 1976 mensuram
1487 1949 1601 1984 Spiritus
1617 1950 1694 1977 inna-

895 1993 963 2021 bitat
977 1998 1086 2021 sanctus
1098 1992 1188 2028 (Joan.
1204 2001 1249 2028 ιιι,
1266 1993 1326 2029 54),
1341 1994 1410 2021 sicut
1425 1994 1450 2021 in
1473 1995 1562 2027 nobis,
1577 1995 1624 2022 sed
1639 2000 1692 2023 tota

896 2041 965 2068 inest
975 2040 1001 2068 εἰ
1016 2040 1154 2074 plenitudo
1163 2040 1289 2068 divinatis
1302 2045 1327 2068 et
1339 2041 1483 2075 gratiarum
1496 2041 1592 2076 (Colos.
1607 2049 1636 2075 tt,
1650 2040 1692 2077 9).

898 2088 950 2115 iste
969 2092 1010 2114 est
1030 2086 1076 2122 qui
1101 2096 1152 2114 non
1176 2088 1322 2114 secundum
1350 2088 1480 2115 visionem
1506 2079 1644 2115 oculorum
1665 2094 1692 2116 et

897 2134 1015 2160 auditum
1043 2133 1147 2160 aut-ium
1170 2132 1284 2167 judicat,
1303 2133 1350 2160 sed
1377 2138 1417 2160 est
1438 2133 1540 2168 justitia
1555 2134 1689 2168 cingulum

898 2181 1051 2208 lumborum
1062 2180 1130 2215 ejus,
1143 2185 1170 2207 et
1185 2180 1250 2207 tides
1261 2181 1418 2208 cinctorium
1435 2189 1527 2208 renum
1543 2181 1600 2216 ejus
1609 2180 1690 2217 (hai.

898 2235 936 2260 xi,
949 2226 988 2261 5).
1005 2226 1031 2254 ln
1043 2226 1119 2261 cnjus
1133 2227 1251 2254 Ecclesia
1267 2226 1367 2254 habitat
1382 2228 1458 2262 lupus
1467 2236 1527 2255 cum
1542 2235 1609 2263 agno
1623 2237 1628 2254 :
1645 2228 1691 2255 ille

899 2273 992 2307 utique
1002 2273 1047 2307 qui
1061 2272 1164 2300 solebat
1174 2273 1207 2299 ab
1220 2281 1251 2299 ea
1263 2280 1356 2307 rapere
1369 2273 1497 2307 proedam,
1509 2273 1573 2301 dum
1584 2265 1616 2300 at]
1630 2281 1688 2301 eam

860 2317 887 2348 D
899 2320 1062 2347 convertitur
1073 2340 1080 2352 ‚
1097 2326 1157 2346 cum
1172 2319 1358 2347 innocentibus
1373 2324 1564 2347 commoratur.

892 2413 949 2433 eunt
961 2404 1021 2433 :De
1035 2406 1120 2440 fructu
1134 2410 1227 2432 ventris
1242 2410 1278 2432 tut
1294 2413 1388 2440 puttam
1399 2414 1475 2441 super
1484 2406 1569 2432 sedent
1586 2415 1684 2442 meam,

891 2441 1026 2476 quomodo
1040 2443 1065 2467 ιιι
1082 2441 1212 2467 Psalterio
1230 2440 1376 2474 Hispanico
1392 2441 1498 2476 legitur.
1515 2442 1548 2468 Et
1562 2442 1684 2472 l'ortassis

892 2477 928 2503 ita
942 2478 1022 2503 etiam
1036 2477 1099 2510 legit
1114 2476 1240 2502 lsi-loros.
1258 2476 1332 2502 ΜΑιι.

891 2511 996 2574 ΜΙὸίά.
1016 2511 1070 2543 Al„
1091 2518 1157 2542 enm,
1180 2510 1211 2537 de
1227 2512 1323 2545 [ructu.
1342 2510 1384 2543 Et,
1394 2510 1420 2537 in
1435 2514 1688 2544 oeternttmmanebit.

919 2555 963 2574 aa.

926 2581 954 2608 3.
970 2581 1024 2610 At..
1043 2580 1096 2606 dies
1112 2581 1170 2607 vitoe
1184 2580 1232 2607 tui.
1247 2579 1319 2607 Man.

928 2617 955 2644 Δ.
973 2616 1024 2649 Qui
1046 2615 1184 2649 (edificaret
1199 2615 1301 2642 domum
1321 2614 1435 2643 Domini.
1451 2617 1536 2645 Totus
1551 2617 1594 2646 lt'to
1609 2618 1686 2649 locus

892 2652 972 2679 obelo
988 2651 1134 2677 notatnsin
1147 2650 1261 2677 Exeusts
1277 2654 1379 2678 tantum
1393 2656 1470 2685 erat,
1493 2653 1572 2681 nobis
1589 2661 1686 2690 suspe-

891 2693 953 2714 ctus
970 2687 1041 2713 visus
1055 2693 1106 2718 εει,
1119 2693 1206 2719 ιιειμιε
1222 2685 1286 2712 saus
1303 2685 1459 2720 cotaaerere;
1472 2688 1626 2723 reliquimus
1641 2695 1684 2719 ta-

892 2730 954 2748 men
969 2722 1109 2753 intactum,
1121 2721 1170 2747 nisi
1179 2721 1250 2755 quod
1263 2721 1309 2747 ubi
1323 2721 1460 2756 legebatur
1470 2723 1513 2758 qui
1524 2725 1587 2751 dum
1599 2725 1680 2754 bonu

892 2757 993 2791 fnisset,
1007 2761 1034 2782 ut
1046 2755 1113 2783 ratio
1124 2756 1311 2783 Gratusi-aucto
1323 2761 1468 2792 constaret,
1482 2758 1685 2797 relativumqut

895 2798 996 2819 temere
1011 2792 1124 2826 positum
1141 2791 1332 2824 expunximus.
1346 2791 1417 2818 Mtttt.

931 2825 1002 2854 Ibicl.
1015 2825 1150 2853 Fortassis
1163 2825 1251 2852 ltabuit
1262 2833 1311 2860 pro
1325 2827 1414 2862 fuisse.
1432 2827 1504 2857 nn.

930 2862 944 2888 l
948 2862 1001 2888 bid.
1019 2861 1143 2888 Fortasse
1152 2860 1294 2896 legendum
1303 2860 1450 2891 Salomonis
1457 2865 1586 2901 quippe...
1592 2865 1683 2902 suun,

895 2897 1083 2929 subineettecto
1099 2900 1210 2930 conciat,
1226 2900 1255 2924 ut
1268 2897 1331 2926 alibi
1345 2898 1455 2934 wnsim.
1469 2901 1556 2931 Anu.
