1832 3016
138 156 190 185 Dii)

138 218 280 250 pernorum
291 209 385 237 civium
400 212 505 234 summa
515 204 630 233 societas
644 205 759 240 propriis
770 203 926 232 nominibus
941 203 967 234 A

138 267 192 286 non
207 256 315 290 indiget.
333 253 394 281 lnde
410 251 522 280 Micltacl
536 251 651 285 dicitur,
667 251 692 278 id
707 255 759 284 est,
776 251 840 284 Quis
864 251 929 278 sient

137 303 270 332 D‹vns?eo
281 300 351 335 quod
365 301 389 326 in
404 299 454 326 [ine
477 304 570 325 contra
593 307 653 325 eum
676 298 720 330 qui
746 305 776 325 se
801 298 930 325 adversus

137 349 220 376 Deum
233 348 318 382 eriget
331 345 475 372 mittendus
483 344 641 371 destinatur.
656 344 688 370 Et
700 344 819 376 Gabriel,
836 344 861 371 id
876 348 928 376 est,

137 394 261 428 fortitudo
289 391 343 421 Dei.
371 391 403 417 ad
427 389 582 416 Zachariam
612 394 638 416 et
665 389 774 416 Mariam
798 389 928 424 virginem

137 439 236 466 missus
252 438 391 469 scribitur,
407 441 436 463 ut
447 435 491 470 qui
502 436 572 470 quod
584 440 677 462 natura
690 435 804 469 negabat
813 435 929 464 futurum

136 492 196 512 esse
212 484 380 518 praedixerat,
399 482 527 509 fortitudo
543 481 589 509 Dei
604 482 752 509 diceretur.

175 530 218 556 ss.
233 530 272 556 Ad
289 528 397 554 Tobiatn
412 535 518 562 quoque
535 527 669 563 ltapltael,
686 528 711 554 id
727 534 784 561 est,
802 528 933 555 Medicina

135 574 195 606 Dei,
212 574 339 606 mittitur;
355 573 480 600 nimirum
496 574 567 600 enim
593 574 638 608 qui
661 574 750 601 divina
771 574 869 602 virtute
890 581 934 601 sa·

135 620 219 648 lutent
233 620 342 650 serebat.
359 628 412 646 non
425 620 571 654 incongrue
583 620 716 647 medicina
732 620 778 647 Dei
793 628 932 654 nuncupa-

136 671 190 693 tur.
209 666 321 700 litquod
338 666 363 692 in
385 666 506 699 singulis,
523 666 572 692 lioc
588 671 614 693 et
643 666 668 692 in
692 666 817 700 gradibus
844 671 935 700 potest

137 719 207 744 esse,
222 717 250 738 ut
264 720 323 738 cunt
341 719 408 738 unns
422 712 531 738 alb-rius
545 712 660 738 officium
678 713 752 744 facit,
770 713 840 740 illius
854 714 934 740 etiam

136 758 246 786 nornine
264 762 415 790 censeatur,
436 758 505 783 sicut
529 758 627 784 dicitur
643 766 650 784 ε
664 758 715 790 Qui
743 759 806 794 sacis
832 758 936 793 anqelos

139 809 194 830 tuos
209 804 313 837 spiritns
329 803 415 834 (Psal.
429 811 485 836 cm,
501 803 544 838 l»);
561 804 586 830 id
598 809 649 836 est,
668 812 728 831 cum
754 805 804 838 vis,
828 805 937 839 spiritus

136 849 188 876 hos
199 857 292 876 omnes
305 849 423 883 angelos,
437 848 462 875 id
475 854 525 880 est,
540 849 647 876 nuntios
658 850 733 877 l'acis.
747 850 779 877 Et
793 851 937 885 aliquando

138 902 170 921 ex
186 894 322 921 vicinitate
344 894 455 921 alioruin
479 893 607 928 graduum
629 895 672 921 alii
696 895 825 929 graduum
847 895 935 923 officia

137 946 294 974 assumunt3
309 941 379 968 sicut
390 948 422 968 ex
435 941 593 968 thronorum
608 942 744 969 vicinitate
759 942 839 969 etiam
854 942 934 977 587

137 994 220 1021 super
234 988 371 1015 cherubim
393 989 488 1015 sedere
504 989 645 1016 Dominum
662 989 807 1023 Scripturae
821 989 933 1022 dicunt;

139 1033 209 1060 sicut
224 1038 249 1060 et
272 1034 298 1060 in
325 1034 427 1068 psalmo
449 1034 576 1068 scripturn
603 1039 667 1062 est:
683 1036 734 1067 Qui
762 1035 832 1062 sedes
859 1044 937 1070 snper

140 1077 278 1110 cherubim,
288 1080 451 1114 manifestare
458 1088 544 1107 coram
554 1080 679 1115 Ephraim
691 1081 778 1115 (Psoi.
792 1080 935 1116 intxj).

178 1123 220 1150 15.
235 1125 286 1152 Sed
304 1125 330 1151 in
346 1125 389 1152 illa
405 1133 522 1160 superna
536 1126 685 1160 societate,
702 1127 773 1161 quod
797 1128 822 1154 in
843 1127 935 1161 aliquo

144 1171 296 1204 specialiter
310 1171 434 1206 liabetur,
452 1172 486 1199 al)
501 1173 626 1200 omnibus
642 1173 668 1200 in
689 1181 833 1201 commuue
849 1173 937 1207 possi-

143 1217 237 1249 detur,
259 1219 320 1251 quia
347 1226 398 1245 non
415 1219 502 1245 minus
526 1227 746 1254 unumquemque
766 1221 853 1247 reiicit
867 1220 937 1255 quod

141 1263 170 1291 in
186 1263 238 1290 alio
254 1264 325 1291 videt
351 1273 428 1298 quam
452 1266 523 1300 quod
553 1266 579 1293 in
604 1267 750 1301 semetipso
763 1267 895 1301 possidet;
912 1272 939 1295 et

145 1316 205 1336 cum
218 1309 370 1340 mittuntur,
388 1318 522 1344 tamquam
539 1312 572 1338 ab
587 1319 680 1338 eorum
709 1313 938 1348 contemplatione

144 1355 227 1387 Deus,
242 1363 257 1381 a
273 1364 325 1389 quo
338 1355 505 1388 reficiuntur,
521 1357 611 1390 abest;
628 1365 680 1383 non
694 1358 764 1392 quod
776 1358 813 1385 illi
828 1358 938 1393 spiritus

144 1401 245 1435 ubique
258 1402 358 1436 pariter
374 1408 486 1436 possunt
500 1410 560 1430 esse
575 1404 620 1438 qui
635 1405 789 1437 mittuntur,
807 1405 855 1431 sed
869 1404 938 1439 quod

141 1445 284 1480 Dominus,
310 1448 354 1482 qui
381 1449 477 1483 ubique
505 1454 556 1482 est,
586 1449 619 1476 ab
635 1449 687 1483 liis,
703 1450 748 1484 qui
763 1450 938 1483 discurrunt,

145 1500 254 1526 semper
266 1494 291 1520 in
303 1494 374 1521 omni
392 1494 452 1521 loco
466 1494 525 1522 sine
536 1495 576 1521 sui
596 1495 746 1523 mutatione
761 1497 937 1531 conspicitur.

144 1538 223 1566 Unde
242 1540 367 1566 scribitur
393 1549 399 1566 :
424 1540 510 1567 Miltia
535 1540 646 1567 millium
670 1541 849 1570 ministrabant
865 1544 899 1576 ei,
915 1549 939 1570 et

144 1585 225 1611 decies
238 1590 341 1612 centena
355 1586 435 1612 millia
449 1586 597 1613 assistebant
613 1587 635 1613 ei
649 1586 730 1617 (Dan.
747 1595 794 1620 vn,
810 1588 863 1624 10).

181 1631 225 1658 16.
243 1631 391 1666 Utrumque
415 1633 485 1659 enim
512 1641 635 1666 supernae
664 1639 811 1668 potestates
838 1636 939 1670 pariter

145 1676 257 1709 faciunt,
274 1677 335 1711 quia
351 1682 377 1704 et
392 1678 555 1711 ministrant,
571 1679 634 1706 dum
650 1680 804 1713 mittuntur,
816 1686 843 1708 et
856 1682 939 1709 assis-

144 1727 207 1749 tunt
219 1743 226 1756 ,
250 1722 312 1749 dnm
339 1725 565 1758 contemplantur.
596 1726 750 1760 Aliquando
778 1733 867 1755 antem
894 1730 939 1764 qui

144 1767 289 1794 mittuntur
306 1768 403 1803 angeli,
417 1769 478 1802 illis,
506 1770 538 1796 ad
565 1778 632 1805 quos
657 1771 769 1809 veniunt
785 1773 940 1802 hominibus

144 1820 196 1847 per
207 1821 236 1840 se
251 1815 384 1846 nuntiant,
397 1816 542 1850 aliquando
562 1817 630 1844 alios
650 1818 723 1845 velut
741 1819 877 1854 subjectos
893 1829 940 1854 per

145 1866 176 1886 se
191 1859 224 1885 ad
237 1860 377 1887 nuntiandi
391 1860 513 1888 officiunt
527 1863 664 1890 destinant
680 1884 687 1896 ‚
704 1866 773 1891 sicut
789 1865 815 1892 in
830 1865 940 1895 Daniele

145 1905 275 1939 scriptum
292 1907 399 1941 legitur,
414 1908 529 1942 Gabriel,
546 1910 587 1944 sac
601 1911 678 1937 istum
691 1911 832 1947 intelliqere
847 1921 942 1940 sermo-

147 1957 204 1977 nem
218 1951 299 1986 (Dan.
316 1961 372 1986 vin,
390 1953 447 1988 16),
463 1955 535 1989 quod
563 1956 597 1982 ab
621 1956 712 1991 aliquo
729 1979 735 1990 ,
758 1959 831 1985 velut
858 1967 940 1994 supe-

146 1997 228 2029 riore,
243 1999 342 2027 dictum
360 2001 470 2028 minime
484 2001 621 2030 dubitatur

147 2076 248 2094 sumere
257 2069 379 2095 vocabula
389 2070 518 2102 dicuntur,
532 2072 593 2105 qaia
603 2072 659 2099 itta.
675 2073 768 2100 Postea
783 2074 870 2100 Editio
883 2083 888 2100 :
902 2074 940 2101 Eo

148 2103 217 2136 quod
233 2104 258 2129 in
281 2105 329 2135 fine
342 2106 428 2131 soecuti
444 2106 614 2134 Antichristus
629 2114 719 2135 contra
732 2117 799 2139 eum,
812 2110 854 2140 qni
864 2130 870 2141 ,
886 2114 939 2136 etc.

148 2137 257 2164 Correxi
274 2138 299 2164 id
316 2147 347 2165 ex
364 2140 426 2170 qu
441 2141 478 2166 uti
494 2141 573 2168 etiam
590 2143 659 2176 quod
675 2144 701 2169 in
714 2144 792 2170 Edito
804 2144 836 2170 ita
847 2152 941 2179 seque·

148 2170 228 2198 batur
241 2180 247 2198 ε
262 2172 294 2199 Ut
308 2174 350 2204 qui
363 2175 430 2206 quod
441 2174 552 2201 humana
565 2183 657 2203 natura
667 2178 804 2212 denegynbat
816 2180 941 2213 [uturum.

151 2206 321 2237 Superssuum
333 2209 470 2235 videbatur
483 2211 606 2243 humana,
617 2218 642 2238 et
653 2213 724 2239 abest
740 2214 794 2240 ltaec
806 2222 856 2241 vox
866 2222 881 2241 a
893 2216 941 2242 Ms-

189 2241 232 2268 tt.
250 2242 342 2268 Divina
356 2243 457 2270 virtute.
475 2245 536 2275 bis„
548 2246 633 2272 divino
644 2252 745 2277 natura,
761 2248 847 2275 minus
864 2249 941 2277 bene.

150 2276 204 2304 Pro
219 2283 390 2311 nuncupatur,
403 2279 471 2312 quod
486 2287 519 2306 ex
530 2281 576 2306 Ms.
593 2282 705 2314 sumpsi,
717 2282 861 2316 impressus
878 2284 943 2311 liber

152 2317 352 2352 naricuparetur.
366 2312 517 2348 lmpressus
532 2315 600 2342 idem
612 2316 720 2343 exhibet
731 2322 753 2343 et
764 2319 832 2351 qnod
846 2319 943 2353 anqelie

151 2355 179 2374 sa
193 2348 315 2381 sniqulis,
338 2348 384 2375 sed
400 2349 577 2378 omittendum
594 2351 692 2386 augetis
712 2359 772 2379 cum
787 2352 837 2379 Ms.
859 2353 942 2387 lnl'ra,

152 2390 201 2418 pro
216 2383 354 2415 vicinitate,
370 2384 420 2411 ΜΒ.
435 2385 538 2412 vicinia.

191 2417 235 2459 ¹5:
250 2417 344 2446 Eunus
356 2419 467 2452 sedilia,
480 2421 582 2448 omisso
595 2421 631 2448 in.
651 2422 712 2455 Ms.,
727 2422 754 2449 in
764 2422 850 2458 aliquo
861 2423 939 2451 videt.

153 2453 198 2484 Et,
210 2461 263 2480 utne
274 2461 321 2480 sna
336 2455 484 2482 mutatione.

191 2488 235 2516 16.
247 2488 378 2523 Corrupto
390 2490 415 2516 in
432 2490 563 2524 Editione,
575 2496 600 2518 et
619 2492 816 2520 ministrandum
836 2493 939 2520 ntittun-

156 2529 206 2550 tur.
220 2523 261 2550 Ex
274 2524 322 2551 Ms.
334 2525 415 2552 etiam
430 2527 536 2554 correxi
555 2528 697 2562 sequentia
708 2548 716 2562 ,
732 2529 799 2555 vetut
812 2530 939 2563 subjector

154 2567 200 2592 per
213 2566 250 2591 se,
262 2564 314 2586 etc.
327 2559 429 2587 Mallem
441 2564 530 2589 tamen
548 2570 595 2597 pro
618 2571 654 2590 ee.
682 2564 709 2590 ln
737 2563 861 2591 Editione
881 2564 940 2592 haec

154 2594 190 2620 ita
205 2599 282 2621 erant
294 2594 438 2629 depravata
454 2604 462 2623 ε
477 2598 542 2623 vetut
558 2597 683 2632 subjectos
693 2606 739 2633 per
749 2607 777 2626 se
791 2600 825 2625 ad
838 2607 940 2627 annun-

156 2629 368 2670 tiandi-officium,
390 2632 455 2657 sicat
476 2631 504 2658 in
522 2630 662 2660 Daniele...
685 2642 846 2668 sermonem,
873 2634 939 2662 vetut

155 2672 310 2698 superiorem
324 2665 430 2698 dictum.
445 2672 498 2694 etc.

190 2699 255 2726 Cn».
269 2707 310 2740 itt.
334 2701 367 2727 N.
383 2701 407 2727 1.
423 2700 488 2728 Tnoe
500 2702 692 2737 propositionis.
711 2703 784 2732 Satis
800 2704 863 2733 hinc
875 2712 940 2732 eon-

158 2738 241 2774 staret
256 2733 398 2768 lentorum,
413 2740 442 2763 ut
455 2744 557 2765 morem
571 2738 651 2766 alicui
664 2745 781 2774 gereret.
797 2740 894 2768 librum
905 2739 940 2768 de

159 2767 258 2809 Ordine
271 2774 455 2798 ereaturarum
482 2773 613 2804 edidisse.
633 2774 705 2809 quod
729 2775 810 2803 etiam
836 2775 864 2803 ia
886 2774 940 2805 flue

157 2808 247 2834 operis
269 2804 333 2832 editi
353 2805 450 2833 clarius
470 2808 638 2842 exprimitur.
651 2809 750 2842 Verum
762 2809 852 2838 Codex
873 2809 937 2839 trio-

158 2841 242 2868 rent..
259 2845 287 2878 a·
299 2846 352 2874 quo
370 2839 415 2869 illa
438 2842 572 2875 peroratio
596 2843 684 2878 abest.
703 2849 784 2873 ettam
804 2843 856 2875 hoe

162 2869 241 2907 longe
254 2873 307 2901 atio
321 2875 401 2903 modo
409 2876 558 2906 orationem
571 2878 714 2908 concinnat
722 2888 730 2913 ς
739 2884 856 2918 nempe:
897 2884 938 2910 ott

670 146 699 175 s.
720 144 846 174 istootu
864 127 1086 175 ittsPALENSts
1105 141 1257 174 episcopt

952 889 976 919 B
990 870 1062 897 omni
1078 869 1210 904 corporali
1226 875 1347 897 creatura
1359 869 1522 904 superiores.

953 1577 976 1608 C
993 1590 1083 1613 tamen
1097 1593 1131 1612 ne
1143 1585 1204 1619 quis
1220 1583 1351 1619 spirituali
1362 1584 1486 1618 jungeret
1499 1589 1640 1616 creaturae,
1654 1586 1713 1617 post
1725 1589 1782 1610 coe-

1713 137 1772 174 920

1284 197 1398 230 CAPUT
1420 197 1465 230 tu.

1097 258 1137 286 De
1151 259 1224 296 aquis
1239 268 1296 296 qnoe
1310 267 1386 295 super
1400 259 1561 294 firmamento
1570 264 1641 288 eunt.

1020 316 1046 343 1.
1061 316 1159 344 Verum
1175 317 1301 352 quoniam
1312 317 1346 344 de
1361 316 1455 344 ordine
1469 321 1653 344 creaturarum
1667 323 1772 345 sermo-

982 370 1044 389 nem
1060 362 1231 397 sumpsitnus.
1248 363 1319 398 quod
1346 367 1398 390 tuae
1425 362 1617 398 propositionis
1632 363 1771 390 continen-

983 408 1020 435 tia
1040 408 1293 442 comprehenderat,
1308 413 1367 443 post
1381 409 1546 443 spiritualem
1558 413 1722 440 creaturam,
1738 407 1773 436 de

984 463 1036 490 qua
1053 455 1188 490 paulisper
1203 455 1390 488 disseruimus,
1408 456 1442 483 de
1455 456 1531 490 aquis
1551 464 1610 489 quae
1631 461 1714 488 super
1727 454 1774 482 tir·

984 507 1120 529 momento
1133 508 1196 529 sunt
1216 502 1280 537 qnid
1306 506 1445 529 auctorum
1464 501 1576 529 intentio
1596 503 1774 536 potuitexeo-

985 548 1070 583 gitare
1084 548 1204 583 proferre
1220 548 1391 575 tentabimus.
1417 549 1482 574 Cum
1506 548 1576 574 enim
1596 547 1623 574 in
1643 546 1775 582 principio

985 594 1069 629 prima
1085 593 1128 621 die
1143 595 1208 621 iacta
1224 593 1316 621 fuisset
1331 594 1386 626 lux,
1402 601 1462 628 quae
1485 593 1632 627 spiritualis
1654 597 1774 619 creatura

991 641 1058 668 tacta
1074 648 1135 668 esse
1161 640 1338 675 dignoscitur,
1364 639 1481 667 secunda
1494 639 1538 666 die
1554 639 1751 666 firmamentum
1766 657 1774 669 .

988 686 1060 721 quod
1087 685 1183 712 dividit
1198 686 1268 713 inter
1283 693 1365 719 aquas
1380 693 1440 719 quae
1454 689 1515 712 sunt
1529 692 1610 719 supra
1625 685 1777 711 firmamen-

988 737 1055 765 tum,
1071 736 1098 759 et
1112 739 1194 766 aquas
1207 739 1267 766 quae
1278 736 1340 758 sunt
1350 731 1401 758 sub
1412 732 1590 763 firmamento,
1602 737 1663 758 esse
1677 730 1775 757 iactum

991 777 1073 812 588
1099 777 1236 811 Scriptura
1258 781 1387 808 testatur:
1406 785 1438 804 ex
1457 785 1509 811 quo
1525 777 1680 811 intelligitur
1694 781 1778 810 aquas

990 823 1053 850 illas
1066 831 1125 858 qua:
1139 830 1220 857 supra
1234 823 1432 850 firmamentum
1448 828 1510 849 sunt
1524 822 1602 850 locali
1618 822 1705 856 spatio
1716 827 1778 850 esee

1023 927 1050 953 it.
1065 927 1192 960 Quamvis
1215 927 1285 953 enim
1302 927 1328 953 in
1342 927 1444 961 psalmo
1461 926 1609 953 centesimo
1626 925 1778 960 quadrage-

988 973 1056 1001 simo
1067 978 1161 1000 octavo
1178 978 1240 1007 post
1256 973 1468 1005 firmamentum,
1481 978 1509 999 et
1521 971 1617 1005 solent,
1632 977 1660 998 et
1675 971 1777 1003 lunam,

988 1018 1130 1051 cistellas,
1146 1026 1222 1053 aquae
1237 1019 1290 1045 illae
1308 1027 1368 1053 quae
1383 1026 1464 1052 supra
1486 1019 1570 1045 coelos
1592 1021 1654 1045 sunt
1683 1016 1777 1051 postue

989 1064 1170 1097 inveniantur,
1183 1070 1270 1091 tamen
1285 1069 1314 1091 ut
1330 1064 1391 1091 illas
1408 1064 1532 1091 omnibus
1547 1071 1608 1091 esse
1630 1062 1781 1097 corporali·
1820 1096 1822 1098 v

989 1111 1039 1139 bus
1050 1113 1180 1140 creaturis
1195 1112 1350 1140 ostenderet
1365 1112 1485 1144 altiores,
1501 1111 1598 1138 iterum
1612 1110 1780 1137 excelsarum

990 1160 1128 1193 virtutum,
1150 1159 1222 1186 velut
1242 1158 1393 1186 habitacula
1409 1158 1600 1191 recapitulans,
1613 1157 1696 1184 coelos
1707 1155 1782 1183 Psat-

989 1207 1066 1233 mista
1084 1206 1125 1233 ltis
1141 1204 1279 1240 anteponit
1292 1225 1299 1237 ,
1327 1206 1418 1232 dicens
1433 1213 1439 1232 ι
1456 1204 1574 1231 Laudato
1584 1211 1653 1236 eum,
1667 1202 1781 1229 coeticoe-
1815 1198 1817 1203 ⁴

990 1251 1085 1284 torum;
1101 1255 1124 1277 et
1138 1258 1221 1285 aqnoe,
1238 1258 1296 1285 quae
1308 1258 1382 1285 super
1394 1250 1470 1276 coelos
1484 1253 1555 1281 sunt,
1571 1247 1675 1275 taudem
1689 1254 1781 1275 nomen

990 1298 1095 1325 Domini
1108 1297 1193 1333 (Psat.
1209 1305 1319 1331 euvini,
1337 1296 1375 1333 t).

1026 1355 1051 1381 3.
1071 1355 1145 1383 Unde
1170 1355 1321 1382 ostenditur
1345 1359 1406 1389 post
1428 1354 1473 1381 illa
1497 1352 1646 1388 spiritualia
1670 1351 1781 1386 spatia,

990 1402 1185 1437 qualiacunque
1197 1407 1269 1434 sunt,
1297 1401 1343 1428 ubi
1369 1401 1531 1435 spirituales,
1547 1405 1575 1427 ut
1590 1399 1721 1431 diximus,
1738 1405 1783 1425 or-

991 1449 1067 1475 dines
1084 1452 1295 1481 commorantur,
1308 1455 1367 1481 quae
1389 1446 1520 1474 coelorum
1546 1446 1629 1473 coelos
1653 1445 1784 1480 propheta

991 1494 1122 1526 nominat,
1135 1493 1259 1520 antehoc
1273 1492 1380 1519 visibile
1394 1492 1491 1519 coelum
1519 1498 1602 1526 aquas
1625 1490 1693 1525 illas,
1710 1490 1784 1517 velut

992 1541 1096 1567 initium
1121 1547 1211 1566 rerum
1234 1539 1427 1572 corporalium,
1443 1545 1504 1565 esse
1521 1537 1682 1565 constitutas
1695 1558 1702 1570 ,
1717 1543 1783 1571 quas

991 1633 1031 1659 los
1045 1632 1185 1664 coelorum,
1203 1636 1345 1665 antequam
1373 1630 1406 1657 de
1433 1634 1503 1657 terra
1531 1629 1656 1660 diceret,
1681 1627 1782 1662 posuit,

991 1679 1071 1713 paulo
1086 1683 1145 1713 post
1160 1677 1329 1704 subinferens
1346 1686 1353 1704 z
1371 1676 1486 1703 Laudate
1497 1675 1638 1702 Dominum
1651 1674 1682 1701 de
1702 1679 1782 1708 terra,

991 1726 1124 1760 dracones,
1142 1729 1165 1751 et
1181 1732 1267 1750 omnes
1281 1723 1366 1758 abyssi
1379 1722 1474 1758 (Imm,
1490 1723 1531 1756 7).

1028 1770 1054 1797 4.
1070 1770 1141 1797 Ecce
1155 1769 1204 1796 has
1225 1776 1307 1803 aquas
1327 1769 1471 1796 Psalniista
1487 1776 1568 1802 super
1582 1767 1667 1796 ccelos
1682 1766 1783 1801 positas

991 1817 1066 1849 dicit,
1089 1821 1220 1844 ettamen
1245 1816 1286 1842 liis
1304 1816 1387 1843 coelos
1409 1816 1539 1843 coelorunt
1560 1813 1709 1849 anteponit.
1731 1812 1782 1841 Pet·

991 1863 1062 1898 quod
1087 1863 1287 1890 demonstratur
1307 1862 1377 1889 inter
1392 1866 1521 1894 utrosque
1550 1861 1633 1887 coelos
1653 1867 1714 1886 esse
1726 1858 1782 1887 col-

993 1910 1102 1941 locatas,
1125 1909 1151 1936 id
1175 1914 1226 1942 est,
1253 1909 1331 1936 coelis
1362 1907 1546 1942 spiritualibus
1572 1905 1738 1939 humiliores,
1756 1907 1783 1933 et

992 1956 1068 1984 coelis
1082 1956 1267 1989 corporalibus
1296 1955 1451 1989 superiores
1465 1963 1472 1987 ;
1489 1954 1535 1981 sed
1555 1957 1642 1980 tamen
1654 1958 1782 1986 corpora-

993 2003 1063 2030 libus
1077 2001 1208 2029 creaturis
1230 2002 1365 2036 pertinere
1389 2000 1512 2028 dicenda:
1534 2005 1607 2031 sunt,
1621 1999 1684 2026 dum
1698 1999 1725 2026 in
1739 2005 1783 2026 se-

993 2071 1154 2105 spiritnulem
1176 2075 1331 2103 creaturam,
1348 2069 1379 2096 de
1393 2077 1443 2104 qua
1462 2068 1592 2102 paulisper
1603 2066 1782 2099 disseruimus,

994 2107 1026 2134 de
1035 2107 1107 2141 aquis
1126 2114 1182 2141 quoe
1205 2113 1282 2139 super
1300 2106 1487 2138 firmamentum
1503 2103 1782 2137 santonia-anctorum

994 2143 1100 2169 intentio
1127 2141 1207 2177 potuit
1232 2141 1377 2175 excogitare
1401 2141 1517 2175 proferre
1546 2138 1705 2165 tentavimus.
1729 2136 1782 2164 Ex-

995 2178 1154 2209 scriptormn
1170 2176 1234 2203 vitio
1250 2176 1336 2203 tribuo
1350 2175 1500 2202 tentavimus
1516 2180 1563 2208 pro
1579 2173 1740 2204 tentabimue,
1753 2174 1782 2198 ut

996 2212 1057 2239 alibi
1074 2212 1172 2245 passim
1190 2212 1203 2238 tv
1219 2211 1245 2237 in
1257 2219 1280 2243 υ,
1307 2216 1333 2237 et
1353 2217 1446 2236 eontra
1459 2218 1472 2236 υ
1487 2209 1513 2236 in
1527 2209 1541 2234 b
1556 2208 1780 2235 commutabatur.

999 2247 1026 2274 ln
1043 2247 1166 2274 Editione
1180 2250 1239 2273 erat
1252 2246 1332 2280 suine
1347 2245 1402 2276 tux,
1415 2252 1461 2279 pro
1473 2245 1561 2278 [uiuet
1577 2242 1632 2270 lux.
1659 2243 1692 2269 Et
1704 2248 1779 2275 mox,

996 2283 1197 2316 firmamentum,
1217 2281 1287 2316 quad
1308 2280 1407 2311 diuidit,
1431 2286 1489 2314 quw
1511 2285 1590 2311 supra
1609 2281 1668 2304 eunt
1687 2276 1782 2310 firma-

996 2322 1108 2343 mentum
1130 2322 1153 2343 et
1173 2323 1262 2351 aquas.
1274 2314 1349 2347 Quod
1363 2322 1398 2341 ex
1415 2313 1462 2340 ΜΒ.
1488 2312 1639 2339 emendavi.
1661 2311 1700 2338 Ex
1715 2318 1784 2339 con·

993 2351 1096 2386 iectura
1119 2358 1180 2378 vcro
1199 2349 1317 2384 reposui.
1335 2349 1411 2375 locati
1429 2349 1513 2382 spatio
1525 2355 1580 2374 esse
1594 2347 1664 2374 omni
1676 2351 1780 2374 creatut-

995 2395 1025 2412 ra
1044 2385 1172 2420 corporati
1192 2385 1348 2419 superiores.
1376 2383 1442 2411 Nam
1471 2384 1498 2424 in
1527 2382 1603 2424 Edico
1619 2386 1687 2415 erat,
1703 2381 1781 2410 locati

994 2427 1077 2483 {55:22
1086 2417 1779 2490 53:23¹sst.22²5ss‘2222225’100'z'it125‘t’22‘2'3a'r‘50221

993 2491 1126 2518 Caeterum
1142 2492 1175 2517 de
1188 2491 1264 2525 aquis
1277 2499 1337 2525 qua:
1351 2497 1431 2524 super
1448 2487 1532 2516 coelbs
1542 2491 1614 2521 sunt,
1634 2489 1689 2523 agit
1698 2486 1781 2525 tuido,

993 2533 1048 2559 rus,
1064 2533 1124 2560 cap.
1138 2525 1172 2553 14
1185 2526 1245 2553 libri
1259 2525 1292 2553 de
1311 2525 1410 2552 Natura
1434 2532 1523 2552 rerunt
1544 2531 1578 2551 ex
1598 2526 1692 2551 saneto

993 2560 1093 2588 brosio.
1107 2561 1152 2588 Sic
1162 2561 1244 2588 etiam
1261 2562 1334 2596 plura
1348 2562 1399 2588 alia
1408 2581 1416 2594 ,
1433 2567 1493 2594 quae
1507 2560 1534 2587 in
1549 2558 1600 2586 hoe
1612 2565 1694 2593 opere

993 2602 1099 2630 rantur,
1115 2597 1212 2630 partim
1226 2597 1251 2622 in
1268 2596 1336 2623 libro
1349 2597 1383 2623 de
1397 2596 1496 2624 Natura
1509 2601 1617 2628 rerum.
1634 2595 1733 2630 partim
1768 2628 1770 2631 v

993 2631 1176 2668 Etymotogiis,
1191 2632 1374 2666 explanantur.
1755 2639 1757 2641 ’

1028 2668 1056 2694 2.
1073 2667 1136 2700 ns„
1150 2668 1312 2694 inveniantur
1320 2676 1332 2700 ,·
1346 2668 1409 2702 1¹:⁴1„
1423 2666 1597 2695 inveniuntur.

1027 2702 1055 2730 5.
1072 2701 1107 2730 Ut
1119 2703 1243 2730 dixinms.
1265 2703 1314 2731 ΜΞ.
1327 2723 1335 2736 .
1349 2704 1382 2730 de
1395 2703 1484 2735 ‘wilm
1497 2701 1619 2732 diximus.
1640 2698 1722 2735 [nfra.
1739 2703 1742 2706 '

993 2742 1070 2771 teret,
1082 2737 1214 2772 Propheta
1220 2739 1321 2772 posni1‚·
1331 2743 1390 2774 post
1397 2739 1465 2766 enim
1479 2736 1650 2772 subinfertur:
1658 2734 1699 2763 La

992 2773 1133 2802 Dominum
1145 2775 1178 2802 de
1187 2779 1267 2802 terra.
1284 2773 1351 2809 Ecce
1363 2775 1427 2801 istae
1438 2780 1521 2809 aquae
1529 2770 1709 2805 Paulam-3¹0

1026 2808 1054 2836 6.
1068 2807 1148 2837 Dicit.
1165 2809 1248 2844 Edit..
1264 2809 1340 2839 dixit.
1354 2803 1416 2842 Es),
1438 2809 1508 2836 toetu
1528 2802 1711 2843 corpor-utiba,

990 2844 1070 2872 riores
1081 2865 1088 2879 .
1108 2853 1165 2881 qna
1190 2846 1288 2882 priores
1313 2842 1488 2881 corporatam
1517 2841 1640 2873 creaturis
1706 2844 1720 2873 ἢ

989 2884 1059 2907 aaut.
