1832 3016
180 141 231 172 ⁷87

180 250 288 281 propter
302 243 507 271 sollicitudinem
522 250 681 278 pauperum.
692 243 725 271 m
741 245 767 271 in
781 244 848 272 villis
861 248 888 273 ct
901 246 967 273 vicis

179 289 315 318 constituti
331 289 477 323 gubernant
488 289 538 316 sibi
550 290 706 317 commissas
715 290 856 324 Ecclesias,
869 291 968 319 haben-

176 343 217 366 tes
231 337 363 364 licentiam
375 337 537 363 constituere
546 336 670 370 lectores,
682 337 871 371 subdiaconos,
881 346 966 367 exor—

177 384 270 416 cistas,
293 382 448 417 acolythos;
472 381 642 416 presbyteros
661 387 749 410 autem
771 387 816 410 aut
837 384 966 413 diaconos

173 429 302 457 ordinare
317 435 368 455 non
383 428 508 460 audeant,
521 432 620 462 praeter
631 429 822 456 conscientiam
834 431 963 466 episcopi,

172 476 199 502 in
215 474 292 509 cujus
305 474 414 507 regione
427 480 544 507 praeesse
561 478 724 507 noscuntur;
741 475 767 502 hi
782 479 870 503 autem
882 484 896 504 a
907 477 964 504 solo

171 519 296 553 episcopo
307 517 422 545 civitatis
435 517 478 543 cui
493 517 616 551 adjacent
629 518 797 547 ordinantur.

416 562 496 597 [425
515 562 630 590 CAPUT
657 563 712 591 Vll.

465 607 502 634 De
515 608 678 642 presbyteris.

205 656 230 681 l.
256 654 476 689 Presbyterorum
493 654 559 681 ordo
574 654 713 681 exordium
729 654 842 689 sumpsit
859 654 899 690 (ut
917 655 963 682 di-

166 704 237 728 ctum
251 700 301 734 est)
324 707 337 726 a
353 699 414 726 liliis
427 699 526 726 Aaron.
542 699 593 732 Qui
609 699 680 726 enim
705 699 861 727 sacerdotes
880 707 961 727 voea-

166 747 265 773 bantur
287 746 312 773 in
333 746 422 773 Veteri
446 745 628 780 Testamento,
647 746 673 773 lii
695 750 756 773 sunt
771 746 815 781 qui
829 754 899 775 nunc
912 755 961 782 ap-

168 791 302 824 pellantur
316 791 476 826 presbytcri,
493 795 520 818 et
533 791 578 825 qui
590 791 811 825 nuncupabantur
825 792 960 826 principes

165 836 346 868 sacerdotum,
368 843 439 863 nunc
462 836 580 871 episcopi
601 837 783 864 nominantur.
806 837 959 872 Presbyteri

163 887 253 910 autem
276 883 485 917 interpretantur
508 883 629 916 seniores,
654 884 715 918 quia
741 884 862 912 seniores
879 888 959 912 aetate
975 885 997 916 B
1012 886 1122 914 dubium
1138 889 1202 922 quin
1226 890 1366 925 sapientia,
1381 892 1414 919 de
1435 901 1485 928 qua
1505 895 1631 928 scriptum
1647 901 1688 924 est
1701 906 1710 924 x
1725 898 1804 926 Cani-

162 927 422 963 Graeei.pres⁶yaeeros
436 932 542 955 vocant.
559 929 606 956 llis
629 930 710 961 enim,
725 930 795 958 sicut
813 931 954 966 episcopis,

161 972 329 1006 dispensatio
344 974 533 1009 mysteriorum
546 974 595 1002 Dei
610 976 753 1003 commissa
769 980 821 1003 est.

197 1018 224 1045 Ξ.
250 1018 371 1046 Praesunt
393 1020 463 1047 enim
481 1013 608 1048 Ecclesiae
631 1020 743 1055 Christi,
759 1022 827 1049 etin
848 1023 955 1051 consec-

160 1064 235 1091 tione
258 1064 342 1092 divini
366 1066 485 1100 corporis
513 1070 540 1093 et
567 1067 703 1102 sanguinis
731 1073 869 1095 consortes
895 1077 955 1096 cum

160 1111 294 1145 episcopis
315 1112 534 1146 sunt„similiter
557 1117 583 1139 et
604 1113 630 1140 in
650 1113 770 1140 doctrina
786 1115 954 1148 populorum,

158 1159 186 1182 et
202 1155 228 1182 in
243 1155 330 1183 ollicio
343 1156 514 1190 praedicandi.
527 1158 566 1184 Ac
576 1157 632 1184 sola
647 1159 755 1192 propter
767 1159 953 1187 auctoritatem

162 1208 269 1228 summo
280 1202 412 1229 sacerdoti
427 1203 585 1230 clericorum
598 1204 730 1232 ordinatio
749 1209 775 1231 et
790 1207 955 1233 consecratio

160 1252 267 1275 servata
280 1252 332 1280 est,
349 1255 382 1274 ne
394 1256 409 1275 a
421 1249 512 1276 multis
523 1249 652 1278 Ecclesiae
663 1250 801 1285 disciplina
816 1251 956 1279 vendicata

161 1293 335 1321 concordiam
350 1294 476 1327 solveret,
493 1296 619 1322 scandala
633 1302 783 1330 generaret.
799 1298 864 1324 Nam
885 1298 955 1325 Pau-

157 1339 199 1366 lus
216 1338 351 1373 apostolus
366 1340 474 1365 eosdem
499 1340 683 1375 presbyteros,
699 1346 728 1367 ut
750 1349 815 1369 vere
828 1343 954 1370 sacerdo-

157 1388 210 1416 tes,
234 1383 284 1410 sub
307 1382 416 1410 nomine
438 1384 626 1417 episcoporum
650 1386 685 1412 ita
709 1391 854 1419 asseverat,
875 1387 956 1422 426

159 1427 273 1462 loquens
288 1428 321 1454 ad
341 1428 428 1454 Titum
446 1437 452 1454 :
471 1438 481 1454 ι
501 1429 584 1463 llujus
610 1431 660 1463 rei,
687 1431 779 1464 inquit,
800 1435 884 1466 gratia
910 1441 954 1460 re-

160 1473 228 1507 liqui
245 1478 270 1500 te
283 1474 383 1506 Cretae,
398 1478 426 1500 ut
441 1481 471 1501 ea
486 1481 546 1509 quae
561 1474 658 1501 desunt
672 1476 799 1510 corrigas,
816 1482 842 1503 et
857 1479 956 1504 consti-

156 1522 221 1546 tuas
237 1526 284 1553 per
304 1520 427 1547 civitates
453 1520 634 1555 presbyteros,
659 1523 881 1554 quemadmodum
905 1531 954 1558 ego

157 1565 207 1592 tibi
223 1566 353 1599 disposui.
368 1566 395 1593 Si
411 1567 469 1600 quis
482 1567 540 1593 sine
563 1566 674 1594 crimine
688 1571 740 1600 est,
762 1569 838 1595 unius
864 1570 954 1597 uxoris
968 1577 991 1608 C
1007 1575 1232 1598 consecrarentur
1258 1572 1370 1600 Domino
1398 1582 1445 1607 pro
1460 1576 1584 1603 omnibus
1603 1578 1795 1614 primogenitis,

153 1610 208 1642 vir,
224 1610 292 1637 tilios
307 1611 407 1638 habens
420 1611 522 1643 fideles,
540 1618 592 1637 non
609 1611 636 1637 in
647 1613 816 1639 accusatione
827 1613 947 1647 luxuriae,

156 1659 265 1682 autnon
280 1656 408 1683 subditos.
430 1655 541 1689 Oportet
564 1657 633 1683 enim
651 1657 803 1691 episcopum
824 1659 883 1687 sine
897 1660 949 1686 cri-

155 1702 226 1728 mine
241 1708 300 1728 esse
320 1711 329 1726 ι
346 1701 409 1736 (Tit.
422 1701 453 1735 ι).
469 1701 525 1734 Qua
542 1703 672 1729 sententia
698 1705 815 1731 ostendit
838 1706 948 1741 presby-

155 1750 227 1773 teros
242 1747 323 1773 eliam
339 1748 389 1774 sub
403 1748 588 1780 episcoporum
607 1749 715 1776 nomiae
727 1751 820 1778 taxari.

189 1790 216 1815 5.
230 1790 304 1817 Unde
318 1796 344 1817 et
356 1791 389 1818 ad
416 1791 583 1818 Timotheum
599 1792 634 1820 de
648 1794 815 1821 ordinatione
830 1797 948 1831 episcopi

154 1839 182 1861 et
195 1835 300 1863 diaconi
314 1837 435 1863 scribens
449 1836 475 1872 (1
493 1837 557 1863 Tim.
574 1837 626 1872 nt),
647 1839 680 1865 de
703 1840 863 1875 presbyteris
887 1849 945 1869 om-

151 1901 230 1936 cpist.
248 1902 291 1935 88,
309 1906 334 1929 et
349 1909 407 1929 can.
425 1903 518 1930 nicaen.
540 1903 583 1929 54.
608 1903 642 1930 Hi
665 1909 766 1939 propter
785 1906 945 1935 insolentiam

153 1937 202 1968 (ait
219 1937 368 1968 Gratianus,
381 1944 405 1965 c.
421 1938 558 1972 chorepis„
574 1938 602 1965 d.
619 1939 663 1974 68)
679 1941 709 1966 ab
729 1942 834 1969 ecclesia
853 1944 945 1977 prohi-

153 1971 196 1998 biii
207 1977 275 1998 snut.
289 1971 383 1999 Gtttat..

188 2007 256 2033 Ibia.
273 2007 334 2038 Atii,
347 2008 501 2035 constituere
515 2008 635 2043 lectores,·
646 2010 814 2039 subdiaconos
827 2013 945 2042 ordinare

151 2049 201 2067 non
217 2041 339 2073 audeant,
354 2047 406 2069 etc.
424 2043 509 2069 Aarv.

187 2075 252 2102 Car.
269 2084 315 2102 vii.
332 2076 363 2103 Ν.
383 2079 405 2104 l.
435 2077 576 2105 Exordium
599 2081 706 2114 sumpsit
728 2090 743 2108 a
768 2082 828 2115 filiis
847 2084 942 2110 Aaron.

153 2112 287 2143 Anat-let..
302 2114 381 2145 epist.
397 2112 425 2144 2,
441 2119 468 2139 et
482 2114 636 2149 llieronynt.
650 2116 683 2143 ad
697 2117 848 2150 Nepotian„
864 2119 943 2152 epist.

151 2145 178 2171 Ξ.
193 2146 288 2172 (mut.

187 2179 256 2205 iaia,
273 2179 323 2205 His
334 2181 400 2207 enim
411 2183 475 2208 sicut
487 2183 622 2216 episcopis,
636 2192 718 2218 nsque
731 2185 762 2211 ad
774 2187 942 2221 proedicandi,

153 2214 264 2246 carptim
291 2220 394 2248 sumpta
414 2224 446 2242 ex
480 2218 558 2250 epist.
593 2219 624 2243 ad
646 2219 746 2245 Rustic.
771 2220 942 2256 Narbonem,

153 2249 321 2283 llieronym.,
340 2254 404 2276 tom.
422 2250 468 2281 ΙΧ,
485 2251 518 2276 itu
536 2256 564 2277 ut
578 2253 697 2284 quaedatu
714 2256 863 2282 rvsecuisse
881 2265 945 2284 con·
959 2259 1053 2288 Dsuis
1075 2260 1186 2286 eruditis
1205 2261 1447 2293 dissertationibus,
1469 2263 1514 2295 qui
1538 2261 1730 2296 Hieronymum
1755 2265 1788 2292 ab

151 2284 222 2309 snlto
238 2284 367 2316 videatur,
386 2289 414 2311 ut
426 2286 600 2313 continuandi
615 2292 643 2314 et.
658 2288 830 2316 benedicendi
843 2291 942 2318 officia.

150 2318 225 2351 Quod
243 2323 329 2345 autent
345 2327 452 2353 aequare
474 2321 606 2355 episcopis
627 2322 797 2357 presbyteros
825 2325 940 2360 videtur,

151 2361 200 2379 nos
224 2361 285 2379 enm
305 2354 361 2380 alia
384 2357 487 2381 ratione
509 2363 560 2381 non
585 2356 768 2389 defendemus,
794 2366 871 2391 quam
891 2368 941 2395 qna

150 2392 238 2413 tuetur
263 2389 320 2421 ipse
343 2395 413 2421 sese,
436 2397 490 2416 non
505 2391 640 2417 referenda
657 2399 718 2418 esse
737 2394 770 2418 ad
782 2393 870 2426 culpae
886 2402 941 2422 suze

151 2425 256 2448 t·1nlnrn
282 2424 314 2449 de
339 2425 433 2457 quillus
457 2426 607 2451 testilicatio
631 2426 771 2453 adhibetur
793 2433 939 2456 auctorum.

150 2457 217 2483 Sunt
233 2463 320 2484 autem
337 2459 427 2491 verba,
442 2461 536 2494 «plinus
555 2461 615 2494 plus
629 2468 705 2495 aequo
720 2462 880 2497 presbyteris
895 2466 942 2490 tn·-

149 2492 239 2519 hume
262 2493 375 2524 videtur.
393 2502 446 2522 non
470 2494 574 2527 isidori,
598 2497 645 2523 sed
669 2496 834 2532 Hieronymi.
858 2497 941 2533 Cujus

149 2533 224 2553 inens
239 2531 318 2561 atque
330 2530 436 2555 animus
448 2530 471 2556 is
490 2530 572 2556 fuisse
585 2530 701 2563 videtur,
714 2536 742 2558 ut
754 2532 939 2566 episcoporum

147 2561 245 2588 tastum
258 2568 285 2589 ct
307 2564 474 2594 insolentiam
497 2566 698 2597 coniprimeret.
713 2570 792 2601 atque
817 2568 940 2596 retunde-

149 2601 200 2624 ret.
217 2605 269 2624 non
294 2602 324 2624 ut
346 2599 518 2632 presbiteros
544 2600 596 2629 illis
621 2608 698 2634 pares
723 2601 834 2629 faceret.
851 2602 886 2631 Ut
907 2610 939 2630 ex

147 2632 251 2658 collatis
276 2632 334 2666 ejus
351 2634 468 2666 pluribus
485 2635 551 2662 locis
566 2636 698 2670 collegere
710 2636 869 2669 jampridem
887 2637 938 2665 do-

147 2666 259 2694 ctissimi
275 2667 338 2699 viri;
363 2667 392 2695 ia
453 2671 511 2697 ibus
533 2670 631 2698 Franc-
654 2671 810 2704 Turrianus.
833 2672 878 2701 tib.
890 2680 938 2700 vut

148 2701 250 2732 Coust..
269 2709 328 2735 cap.
342 2702 392 2735 5t›·;
409 2703 423 2729 ll
436 2704 502 2731 aria.
520 2704 676 2735 fleatur-,in
690 2706 770 2740 epist.
781 2707 814 2734 tul
827 2706 937 2741 Euam:

148 2734 237 2763 cesar
261 2736 368 2771 tin-on..
393 2742 496 2772 annal..
522 2744 587 2767 tom.
614 2739 634 2772 Ι,
650 2748 716 2771 ω.
731 2740 777 2768 58.
791 2741 857 2770 uam
874 2742 938 2776 quid

149 2768 265 2798 isidorus
279 2773 394 2798 senserit
412 2775 446 2800 de
467 2774 586 2808 episcop.
609 2774 699 2809 offic...
710 2776 776 2806 sel-itt
790 2781 939 2807 emittunt

128 2835 132 2838 ,
147 2810 173 2830 e.
193 2803 312 2843 pernen:
340 2809 367 2835 a.
379 2807 428 2841 25.
440 2812 470 2838 ot
483 2817 516 2838 ex
529 2817 590 2845 cao.
603 2809 688 2842 mutu.
705 2810 784 2846 huju·
797 2811 892 2847 om
905 2811 939 2839 Μ

125 2870 133 2878 .
146 2837 290 2871 chrismate.
304 2825 403 2872 dnn.
428 2847 430 2850 ’
733 2863 737 2886 2
760 2863 762 2865 >
819 2855 822 2859 ’

695 139 722 167 S.
745 139 869 169 isloottt
887 135 1107 171 ittsramttsts
1125 141 1278 175 Erisane!

181 202 254 237 plum
268 199 433 234 septuaginta
449 198 595 233 seniorum,
620 202 745 233 tanquam
761 192 1008 230 consacerdotesA
1019 200 1083 228 nino
1097 202 1189 238 tacuit,
1204 203 1266 239 quia
1287 210 1334 233 eos
1357 205 1385 233 in
1398 204 1584 242 episcoporum
1607 210 1716 240 nomine
1733 219 1810 242 com-

1756 155 1811 188 780

1022 247 1175 280 prehendit.
1195 249 1336 279 Secundus
1350 253 1422 280 enlm
1444 255 1530 289 primo
1544 257 1702 292 coniunctus
1713 260 1810 295 gradus

1019 295 1071 325 est,
1087 293 1157 321 sicut
1168 300 1195 322 ει
1218 296 1252 323 ad
1275 296 1459 333 Philippenses
1473 301 1507 328 de
1531 302 1663 338 episcopis
1676 309 1704 333 ct
1721 306 1811 337 ‹liaco-

1019 338 1097 366 nibus
1119 342 1213 369 scribit
1237 342 1367 379 (Philipp.
1389 346 1422 381 ι),
1445 354 1526 381 quum
1547 356 1598 377 una
1613 350 1706 379 civitas
1719 353 1810 388 plures

1018 385 1158 420 episcopos
1173 386 1273 416 habere
1287 397 1341 417 non
1355 391 1451 425 possit.
1466 392 1501 419 Et
1514 393 1539 420 in
1553 395 1661 423 Actibus
1675 399 1810 432 apostolo-

1018 437 1077 457 rum
1093 433 1264 467 presbyteros
1286 435 1414 465 Ecclesiae
1429 438 1623 476 lerosolymam
1643 442 1728 471 iturus
1746 452 1810 473 con-

1017 478 1147 511 gregavit,
1167 479 1266 513 quibus
1280 481 1350 508 inter
1370 487 1467 511 caetera
1483 492 1491 511 :
1511 485 1601 513 Videte
1619 488 1728 524 (inquit)
1750 499 1810 525 yre-

1017 528 1083 554 9em,
1098 522 1126 548 in
1148 531 1198 557 quo
1220 532 1264 550 uos
1289 525 1403 560 Spiritus
1418 533 1521 557 sanctus
1540 532 1670 567 episcopos
1683 536 1808 564 ordinavit

1017 566 1088 600 (Act.
1105 567 1164 602 xx).
1180 569 1256 597 Unde
1268 571 1348 598 etiam
1363 573 1431 600 tales
1453 574 1479 601 in
1493 575 1613 604 Ecclesia
1637 581 1808 615 presbyteros

1016 613 1220 641 constituendos
1232 621 1302 648 esse,
1317 616 1386 644 sicut
1401 618 1553 654 episcopos,
1565 625 1592 648 et
1606 623 1750 656 Apostolus
1774 627 1805 653 ad

1014 656 1104 684 Titum
1117 658 1246 694 loquitur,
1263 665 1289 688 et
1302 669 1418 690 canones
1434 664 1484 701 ipsi
1501 669 1641 696 testantur.

1050 703 1076 730 4.
1091 704 1267 741 Presbyter-os
1281 711 1370 735 autem
1385 710 1483 738 merito
1497 716 1523 739 et
1537 714 1668 746 sapientia
1679 715 1741 748 diei,
1754 725 1806 745 non

1013 752 1107 782 aetate;
1125 757 1185 777 nam
1199 756 1226 779 et
1239 752 1322 787 Moysi
1335 755 1490 790 praecipitur
1504 761 1533 784 ut
1543 758 1621 793 eligat
1635 761 1806 796 presbyteros

1013 793 1108 827 (Num.
1122 796 1172 831 xi).
1187 797 1262 825 Unde
1276 804 1304 826 et
1315 799 1341 827 in
1352 799 1502 829 Proverbiis
1513 802 1608 830 dicitur
1619 804 1708 833 Gloria
1721 815 1806 834 senum

1014 841 1120 869 canities
1141 842 1277 877 (Proverb.
1301 846 1359 878 xx).
1383 846 1448 879 Quae
1463 852 1504 875 est
1525 849 1582 876 haec
1595 851 1724 878 canities?
1737 853 1804 881 haud

1011 932 1057 958 ties
1071 933 1201 960 hominum
1226 937 1361 969 prudentia
1385 943 1422 964 est
1443 938 1520 973 (Sap.
1542 939 1590 974 tv).
1605 941 1722 976 Cumque
1738 951 1804 971 non-

1009 984 1103 1012 gentos
1117 984 1143 1006 et
1158 981 1272 1015 amplius
1287 989 1372 1010 annos
1391 983 1424 1010 ab
1447 985 1531 1012 Adam
1556 993 1640 1020 usque
1665 988 1697 1014 ad
1720 988 1804 1017 Abra-

1009 1024 1070 1051 ham
1085 1025 1185 1054 vixisse
1201 1027 1324 1055 homines
1336 1029 1460 1063 legimus,
1471 1032 1560 1058 nullus
1574 1032 1642 1060 alius
1656 1035 1804 1069 appellatus

1009 1073 1050 1096 est
1070 1071 1172 1103 primus
1197 1073 1346 1108 presbyter,
1362 1075 1388 1101 id
1404 1080 1455 1108 est,
1470 1076 1571 1109 senior,
1592 1078 1642 1105 nisi
1657 1079 1802 1116 Abraham,

1008 1114 1053 1149 qni
1067 1116 1152 1143 multo
1163 1119 1333 1151 paucioribus
1348 1120 1425 1147 annis
1438 1121 1538 1149 vixisse
1549 1124 1729 1153 convincitur.
1745 1126 1802 1155 Non

1008 1167 1072 1194 ergo
1093 1166 1199 1196 propter
1224 1163 1384 1199 decrepitam
1407 1171 1589 1201 senectutem,
1617 1170 1664 1196 sed
1693 1175 1801 1206 propter

1009 1205 1167 1240 sapientiam
1190 1208 1338 1244 presbyteri
1363 1210 1545 1240 nominantur.
1561 1213 1637 1247 Quod
1651 1215 1674 1243 si
1699 1216 1734 1244 ita
1749 1221 1799 1252 est,

1008 1251 1105 1279 mirum
1121 1258 1160 1280 est
1173 1260 1221 1280 cur
1234 1255 1389 1288 insipientes
1405 1258 1610 1287 constituantur.

1252 1300 1331 1336 427
1357 1302 1470 1330 CAPUT
1495 1304 1560 1332 vllt.

1299 1346 1338 1372 De
1349 1348 1509 1377 diaconibus.

1043 1388 1068 1415 t.
1093 1387 1269 1415 Diaconnrum
1295 1391 1361 1418 ordo
1385 1399 1398 1418 a
1423 1393 1487 1420 Levi
1512 1394 1582 1421 tribu
1606 1396 1708 1430 accepit
1722 1404 1799 1425 exor-

1006 1433 1089 1460 dium.
1107 1433 1236 1468 Przccepit
1249 1436 1320 1462 enim
1335 1436 1464 1465 Dominus
1479 1439 1562 1474 Moysi
1578 1445 1606 1467 ut
1621 1447 1678 1475 post
1692 1443 1798 1471 ordina-

1007 1479 1106 1506 tionem
1118 1479 1209 1507 Aaron
1223 1482 1369 1509 sacerdotis
1385 1487 1413 1510 et
1428 1484 1543 1512 illiorum
1554 1486 1612 1520 ejus
1628 1495 1720 1515 rursus
1733 1489 1798 1518 Levi

1007 1525 1090 1552 tribus
1106 1525 1132 1552 in
1157 1525 1242 1553 divini
1265 1527 1352 1554 cultus
1375 1528 1531 1557 ministeriis
1554 1532 1751 1567 ordinarentur,
1771 1539 1815 1563 et*

1003 1616 1176 1643 et‘servirent
1187 1623 1236 1650 pro
1251 1617 1332 1644 lsrael
1348 1625 1437 1645 coram
1453 1619 1542 1647 Aaron
1554 1626 1580 1648 et
1592 1621 1651 1649 tiliis
1666 1623 1690 1649 in
1707 1624 1796 1652 taber-

1001 1660 1098 1687 naculo
1113 1660 1227 1693 Domini,
1244 1662 1407 1690 excubantes
1422 1663 1449 1690 in
1467 1664 1565 1698 templo
1587 1665 1630 1693 die
1654 1674 1684 1693 ac
1700 1673 1792 1703 nocte,
1817 1695 1819 1698 ,

999 1706 1105 1740 ipsique
1119 1711 1255 1740 gestarent
1269 1714 1370 1742 arcam,
1386 1712 1412 1735 et
1427 1709 1639 1744 tabernaculum,
1656 1716 1683 1739 et
1701 1713 1791 1741 onmia

1000 1759 1062 1779 vasa
1077 1753 1146 1787 ejus,
1162 1757 1188 1780 ct
1204 1753 1230 1779 in
1247 1754 1359 1781 circuitu
1378 1755 1540 1782 tabernaculi
1560 1760 1648 1784 castra
1662 1758 1712 1793 ipsi
1726 1767 1792 1787 con·

999 1797 1150 1831 stituerent,
1167 1804 1193 1825 ει
1210 1799 1235 1825 ἰη
1254 1801 1435 1832 promovendo
1457 1802 1628 1830 tabernaculo
1643 1803 1692 1838 ipsi
1711 1805 1790 1840 depo-

998 1848 1101 1876 nerent,
1117 1852 1210 1871 rursus
1226 1845 1274 1880 ipsi
1290 1851 1483 1881 componerent
1497 1848 1591 1883 (Num.
1608 1857 1647 1882 111,
1662 1850 1732 1885 vin).

1033 1909 1103 1937 Ibid.
1127 1911 1162 1938 De
1188 1911 1219 1938 iis
1244 1920 1302 1946 quae
1326 1913 1358 1939 ad
1385 1913 1564 1948 presbyteros,
1580 1914 1716 1948 diaconos,
1736 1921 1778 1945 etc

996 1945 1149 1979 singillatim
1175 1947 1200 1972 in
1224 1946 1405 1974 siiiictionibus
1433 1949 1619 1976 ecclesiasticis
1647 1946 1792 1990 pertinent:
1814 1975 1815 1978 ,

995 1979 1079 2006 videri
1103 1985 1190 2014 potest
1215 1981 1332 2015 Epistola
1357 1983 1450 2010 isidori
1465 1983 1498 2010 ad
1515 1983 1722 2012 Leudefredum.
1745 1987 1778 2014 lsi

995 2014 1088 2049 dorus,
1106 2023 1164 2050 cap.
1180 2017 1226 2045 ult.
1245 2017 1322 2051 liujus
1337 2018 1408 2050 libri,
1422 2025 1498 2046 num.
1513 2018 1540 2051 4,
1555 2019 1706 2047 clarissime
1721 2029 1790 2055 prae-

996 2050 1047 2076 fert
1061 2052 1200 2086 episcopos
1213 2053 1376 2086 presbyteris
1390 2061 1441 2079 non
1453 2054 1538 2079 solum
1550 2061 1583 2082 ex
1595 2057 1788 2084 consuetudine

996 2085 1190 2118 ecclesiastica,
1207 2094 1297 2113 verum
1313 2087 1393 2113 eiiam
1414 2095 1446 2114 ex
1468 2088 1583 2115 lectione
1598 2093 1711 2117 Actuum
1726 2098 1791 2125 apo-

995 2120 1135 2146 stolorum.
1151 2123 1190 2147 An
1212 2127 1300 2148 antem
1317 2122 1493 2157 {lieronymus
1505 2130 1568 2150 vere
1582 2125 1695 2151 senserit
1712 2133 1789 2159 pres-

995 2154 1105 2188 byteros
1124 2157 1256 2189 episcopis
1281 2157 1396 2190 aequales
1419 2164 1497 2189 esse,
1521 2158 1632 2193 qnaestio
1654 2164 1695 2186 est
1722 2163 1790 2188 inter

996 2190 1135 2225 theologos
1152 2191 1323 2218 vehementer
1337 2193 1444 2226 agitata,
1470 2193 1496 2220 in
1519 2200 1570 2227 qua
1587 2194 1789 2229 diligentissime
1810 2203 1811 2206 ¹

997 2230 1118 2251 versatus
1134 2226 1182 2251 fnit
1201 2228 1302 2252 amicus
1317 2234 1392 2253 meus
1415 2227 1580 2253 Raimundus
1606 2229 1740 2255 niosdatto
1761 2231 1788 2256 in

999 2294 1126 2321 Ecclesiae
1151 2295 1289 2322 catholica
1313 2296 1444 2323 sententia
1467 2296 1582 2323 alienum
1594 2304 1648 2324 non
1659 2299 1787 2327 ostendit.

999 2329 1084 2355 Annv.

1032 2362 1059 2388 2.
1078 2363 1147 2390 Nam
1162 2363 1272 2391 Paulus.
1298 2363 1338 2391 Ex
1351 2363 1505 2400 llieronym.
1526 2371 1570 2400 ep.
1587 2365 1621 2393 ad
1637 2366 1744 2404 Evagr„
1761 2373 1789 2397 ct

995 2404 1093 2423 comm.
1110 2398 1143 2424 ad
1157 2397 1211 2424 Tit.
1226 2398 1323 2425 Gaui..
1798 2415 1799 2418 ¹

1032 2431 1102 2459 Ibid.
1116 2432 1148 2459 In
1170 2434 1336 2465 coiiseccione.
1352 2434 1407 2467 Al..
1432 2435 1459 2461 in
1482 2436 1664 2470 confractione.
1681 2437 1732 2465 Pro
1746 2438 1798 2466 ᾰ”-»

994 2466 1057 2498 sini,
1072 2467 1160 2495 excusi
1173 2472 1287 2500 veteres,
1303 2469 1401 2497 diuina.
1420 2471 1505 2497 Anuv.
1784 2487 1795 2506 ς

1029 2500 1056 2526 5.
1073 2502 1206 2529 Secundus
1218 2503 1285 2529 enim
1298 2504 1382 2538 primo
1395 2507 1556 2540 conjunctus.
1566 2506 1712 2541 Hittorpitts
1723 2514 1748 2536 ot
1756 2519 1758 2526 ¹

991 2536 1048 2562 suis
1061 2536 1124 2562 tiss.
1139 2544 1148 2563 t
1165 2538 1299 2565 Secundus
1313 2539 1389 2572 enim,
1404 2544 1428 2567 et
1443 2547 1507 2575 pene
1524 2543 1686 2577 conjunctus.
1697 2543 1787 2571 Anti

1026 2571 1053 2597 4.
1071 2571 1235 2607 Presbyter-as
1257 2578 1342 2600 autem
1361 2576 1462 2608 merito,
1477 2583 1561 2610 usque
1578 2577 1611 2603 sd
1625 2576 1685 2609 h..

992 2609 1054 2632 sunt
1067 2605 1232 2641 liicronym..
1256 2607 1282 2634 in
1308 2615 1367 2643 cap.
1387 2616 1418 2637 tn
1441 2610 1514 2643 lsai..
1529 2617 1644 2645 quorum
1658 2612 1695 2646 pt

990 2640 1114 2674 teguntur
1128 2642 1208 2669 etiam
1222 2644 1248 2670 in
1261 2642 1381 2671 Anacleti
1395 2645 1476 2680 epist.
1491 2644 1520 2671 2.
1538 2644 1625 2675 Gnm.

1026 2675 1097 2703 ibid.
1109 2676 1167 2703 Jam
1181 2677 1243 2705 alibi
1258 2678 1360 2713 monui,
1373 2679 1483 2708 instetis
1494 2679 1627 2708 natitant·
1647 2684 1655 2703 t
1684 2688 1686 2698 ¹

989 2709 1122 2737 interdum
1140 2712 1253 2747 allegari
1278 2714 1407 2747 epistula·
1426 2721 1592 2746 sumerum
1641 2734 1642 2737 ,

990 2752 1049 2778 quae
1057 2753 1128 2773 nunc
1139 2748 1300 2782 apocryphae
1309 2754 1462 2786 censeatur,
1476 2749 1653 2784 utine-iou.
1679 2783 1685 2786 ,
1708 2772 1721 2780 ,η

991 2779 1018 2812 ¹,
1034 2780 1152 2808 anacteti
1162 2783 1243 2816 epist.
1253 2783 1280 2811 2.
1294 2785 1382 2813 Anu.
1599 2798 1602 2803 ·
1623 2789 1635 2809 γ·
1650 2796 1666 2813 ι’.
1687 2811 1690 2813 .
1727 2808 1738 2817 .

1026 2814 1091 2842 CAP.
1104 2822 1159 2844 vm.
1171 2816 1203 2844 Ν.
1215 2817 1243 2847 1.
1253 2817 1386 2855 Pleraque
1397 2826 1433 2849 ex
1444 2818 1527 2856 oph.
1550 2827 1562 2841 ·2
1600 2845 1601 2848 ,
1616 2839 1627 2848 .«

989 2847 1108 2884 Παιδία,
1121 2851 1218 2886 em.
1299 2862 1302 2864 ·
1374 2862 1378 2869 ·
1529 2858 1554 2877 ⁸³-
