1832 3016
16 172 72 208 9⁰9

719 173 887 203 EPISTOLA
907 171 965 205 xli.

1605 149 1660 212 oio

18 235 59 263 als
82 238 135 262 tute
159 233 325 264 consortium
350 232 414 262 mllil
437 231 576 261 concedat.
601 231 634 260 Et
648 239 727 259 marm
750 239 808 259 cua.
823 231 912 262 Avus
927 231 1032 261 Domini
1045 233 1152 265 Braulio
1163 232 1265 261 isidoro
1280 242 1286 261 :
1301 233 1329 264 ιιι
1351 234 1467 265 nomino
1478 234 1657 270 ‘ruat-mlu-

16 279 71 308 0ra
86 288 135 317 pro
149 281 238 314 nobis,
253 280 406 310 beatissime
421 279 529 307 domine
541 282 569 306 et
583 277 674 306 frater.

300 345 467 374 EPISTULA
484 345 519 374 X.

194 400 350 423 montonis
370 400 485 420 El‘tscttl’t
504 398 618 419 tsinottu.

18 450 134 478 Domino
148 457 208 478 meo
222 453 250 477 et
263 456 326 477 vere
342 449 462 482 domino,
478 448 631 482 Christique
644 448 741 480 eleeto,
759 446 811 475 lsi-

54 486 133 519 doro,
147 485 332 518 cpiscoporum
351 492 465 515 summo,
481 483 587 511 Braulio
599 491 694 511 servus
707 483 810 511 inutilis

54 525 205 549 sanctorum
220 519 278 547 Dei.

91 577 114 604 1.
135 577 157 603 Ο
173 577 215 610 pie
237 575 363 607 domine,
386 580 412 602 et
432 575 550 602 virorum
571 574 810 607 praestantissime,

19 628 80 652 sera
92 624 134 648 est
149 620 285 654 inquisitio
297 625 321 647 et
338 620 412 646 tarde
425 619 485 647 data
498 619 562 646 milii
578 619 713 646 scribendi
727 618 810 652 optio,

18 666 81 700 quia
98 665 297 701 peccatis-meis
313 665 496 700 ingruentibus
506 673 559 692 nun
572 665 653 691 modo
665 664 812 692 sterilitatis

21 713 61 739 vel
71 712 167 747 inopiae
179 714 260 746 malo,
270 721 362 740 verum
375 713 456 740 etiam
468 711 518 740 luis
529 716 557 739 et
569 710 732 745 hostilitatis,
744 717 812 744 quo-

20 760 109 786 minus
135 760 298 794 inquirerem
309 780 318 794 ,
345 759 465 787 horribili
493 766 553 786 snm
581 757 744 793 prepeditus
769 757 812 784 in—

19 812 109 835 cursu.

55 850 83 877 2.
103 850 178 877 Nunc
203 854 294 878 autem
318 851 367 877 etsi
394 849 468 877 mille
495 848 712 879 necessitatibus,
740 846 814 874 mille

22 897 96 924 curis
119 898 225 924 attritus
238 917 245 930 ,
270 902 331 932 post
346 897 453 932 longum
471 896 586 924 miseriae
601 900 716 930 tempus,
734 893 815 921 veluti

21 944 55 971 ab
69 942 184 978 improbi
206 943 321 977 soporis,
339 947 367 969 ut
383 944 417 969 ita
433 942 514 978 575
529 941 654 971 dixerim,
668 939 815 975 gravedine

21 984 180 1020 'suscitatum
197 987 274 1014 istius
288 995 354 1014 meu:
371 986 550 1022 suggestionis
567 985 689 1014 affatibus
715 985 815 1019 depen-

23 1033 86 1060 dere
102 1040 235 1067 praesumo
250 1033 342 1060 salutis
358 1033 526 1067 obsequium,
541 1037 567 1059 et
578 1032 666 1058 cordis
681 1035 707 1058 et
719 1038 815 1064 corpo-

24 1079 62 1110 ris
74 1079 223 1107 bumilitate
233 1083 390 1114 prostratus,
403 1080 552 1113 imprecans
563 1077 817 1106 excellentissimam

26 1129 79 1154 tuae
93 1125 264 1153 beatitudinis
278 1129 449 1159 potestatem,
461 1129 488 1151 ut
500 1124 661 1158 peculiaiem
678 1122 816 1154 latuulum,

25 1178 105 1204 quem
122 1169 165 1205 pio
178 1171 224 1197 illo
235 1178 318 1197 sacrae
340 1170 500 1205 dignationis
525 1171 621 1196 intuitu
647 1176 753 1202 semper
771 1168 819 1194 lia-

26 1216 108 1250 buisti
122 1220 288 1250 susceptum,
303 1223 386 1250 usque
399 1215 426 1242 in
440 1216 518 1244 linem
533 1215 631 1243 babere
641 1214 735 1249 jubeas
746 1220 820 1240 eorn-

26 1262 192 1289 mendatnm.

63 1308 88 1335 3.
106 1307 171 1335 Nam
190 1311 217 1335 et
230 1315 281 1343 ego
303 1306 436 1342 (Christus
458 1307 542 1341 novit)
557 1306 630 1341 gravi
659 1305 752 1334 dolore
764 1305 819 1334 dis-

27 1354 145 1387 crucior,
161 1354 243 1390 quod,
255 1362 363 1381 emenso
375 1357 556 1387 temporetam
572 1353 685 1386 prolixo,
698 1353 737 1379 vel
750 1359 821 1381 nunc

27 1404 144 1426 vestrum
161 1407 213 1427 non
237 1407 343 1426 mereor
364 1398 455 1426 videre
477 1403 662 1432 conspectum,
675 1398 723 1424 sed
741 1405 820 1432 spero

20 1443 143 1472 1ἰιιίΙΙιιιιι
164 1445 209 1480 qui
234 1451 286 1471 non
312 1444 478 1471 obliviscitur
505 1443 635 1477 misereri,
653 1450 703 1471 nec
716 1442 821 1477 repellit

19 1490 55 1518 lin
67 1490 158 1524 finem,
174 1489 234 1525 qnia
250 1489 375 1516 exaudiet
399 1496 504 1524 precem
531 1488 665 1522 pauperis,
678 1493 706 1514 et
729 1491 821 1514 vestro

20 1543 72 1564 ime
84 1535 212 1564 miserum
239 1535 445 1571 reproesentabit
468 1535 596 1570 aspectui.
613 1534 733 1569 Suggero
745 1541 819 1568 sane,

19 1587 55 1611 iet
66 1583 218 1610 omnimoda
232 1583 425 1618 supplicatione
439 1583 565 1617 deposco.
584 1587 613 1609 ut
642 1581 740 1610 librum
756 1582 821 1617 Ety-

21 1629 218 1663 imologiarum,
233 1637 310 1663 quem
325 1629 391 1663 Jam,
414 1630 519 1656 favente
536 1629 658 1661 Domino,
671 1628 821 1655 andivimus

19 1679 251 1707 ooonsummatum,
268 1674 454 1709 promissionis
470 1680 565 1702 vestrm
580 1681 724 1707 memoreS,
740 1681 822 1701 servo

22 1724 118 1748 *vestro
131 1720 248 1755 dirigere
260 1720 385 1755 jubeatis,
400 1721 473 1755 quia,
490 1725 518 1747 ut
539 1719 603 1746 milii
616 1727 674 1746 sum
687 1719 820 1751 conscius,

22 1775 126 1801 »magna
144 1768 178 1795 ibi
193 1775 225 1795 ex
244 1772 319 1801 parte
340 1769 409 1794 servi
441 1767 477 1794 tui
505 1767 683 1802 postulatione
710 1765 821 1793 sudasti.

22 1811 67 1839 Et
81 1812 142 1839 ideo
157 1812 182 1839 iu
197 1820 240 1839 me
256 1813 370 1847 primum
382 1813 468 1839 existe
492 1812 649 1844 munificus;
664 1812 703 1838 sic
719 1812 745 1838 in
763 1819 823 1838 san-

23 1863 135 1885 ‹ntorum
148 1858 263 1885 coetibus
278 1862 306 1884 et
321 1856 384 1885 felix
401 1857 534 1891 habearis,
551 1862 576 1884 et
592 1858 703 1892 primus.

66 1903 94 1931 4.
111 1903 190 1931 Gesta
205 1905 287 1932 etiam
303 1904 407 1939 synodi,
425 1904 450 1930 in
465 1912 517 1940 qua
531 1904 682 1932 Sintharius
693 1902 825 1932 examinis

26 1949 114 1978 westri
130 1949 184 1985 igni
199 1949 247 1976 etsi
263 1957 315 1976 non
337 1949 491 1983 purificatus
503 1969 510 1982 ,
527 1949 660 1977 iuvenitur
676 1955 763 1976 tamen
779 1949 825 1976 de-

26 1999 138 2029 (noctus,
155 2003 246 2030 quaiso
263 2002 290 2021 ιιι
306 2000 395 2022 vestro
410 1995 535 2021 instinctu
564 2003 578 2021 a
605 1995 659 2022 filio
674 1999 763 2021 vestro
775 1994 825 2020 du-

25 2041 108 2068 ›ntino
122 2049 184 2076 rege
200 2039 278 2068 nobis
295 2040 442 2076 dirigantur
462 2040 525 2067 cito.
542 2039 609 2066 Nam
625 2044 652 2067 et
663 2048 686 2067 ιι
692 2045 753 2066 stra
768 2039 826 2073 ejus

26 2086 74 2114 tsie
84 2086 332 2122 flagitavitglori.nn
360 2094 408 2113 snt⁷
393 2085 506 2122 ⁸,gestim
522 2086 582 2121 quia
596 2086 707 2112 inultum
725 2085 750 2111 in
764 2092 828 2110 con-

26 2131 98 2160 cilio
113 2139 161 2166 pro
189 2132 371 2166 intestiganila
396 2140 463 2166 opus
477 2136 518 2158 est
544 2131 663 2158 veritate.
679 2130 715 2157 De
731 2135 827 2156 caetero

38 2176 169 2206 Creatoris
198 2177 320 2205 altissimi
348 2177 474 2212 pietatem
495 2176 627 2211 efflagito,
645 2180 672 2203 ut
700 2182 825 2202 coron-ini

72 2224 208 2251 mitudinis
225 2228 320 2250 vestrae
334 2230 383 2257 pro
397 2221 552 2258 integritate
567 2221 628 2248 fidei
642 2225 668 2247 et
692 2225 763 2247 statu
779 2219 829 2248 Ec-

63 2270 127 2298 esiae
140 2277 196 2297 suae
209 2268 287 2304 longo
300 2273 421 2303 tempore
437 2268 574 2303 praecipiat
587 2274 756 2298 conservare,
773 2273 830 2292 iiie-

58 2321 91 2343 ne
103 2312 174 2342 inter
186 2315 348 2342 oblatrantia
360 2313 502 2349 praesemis
518 2314 609 2340 mundi
626 2313 698 2339 varia
713 2318 739 2340 et
752 2313 829 2339 inuu-

68 2358 178 2388 erabilia
192 2359 344 2388 discrimina
362 2359 494 2387 munitum
521 2359 615 2386 reddat
630 2363 682 2385 tuae
702 2358 831 2385 interces-

41 2405 123 2434 tionis
133 2406 228 2443 gratia,
241 2413 284 2440 ac,
301 2405 466 2433 recondltum
493 2405 520 2432 in
547 2404 678 2439 gremium
694 2403 830 2430 memoriae

57 2458 108 2485 uae,
124 2453 209 2477 tutum
226 2449 258 2476 :tlt
273 2450 346 2477 omui
361 2453 519 2485 tempestate
535 2450 637 2484 peccati
651 2454 727 2476 oratu
741 2454 831 2476 vestro

39 2493 142 2523 *efficiat
154 2491 270 2523 Trinitas
283 2495 473 2523 sacratissima.
489 2493 522 2523 Ει
541 2503 619 2522 marin
629 2503 686 2522 sua.
702 2494 759 2531 Ego
773 2502 832 2522 ser-

80 2573 172 2601 Erun.
192 2581 219 2600 x.
234 2573 266 2600 tt.
279 2573 304 2601 t.
323 2571 472 2601 Notandum
487 2573 558 2609 quod
573 2573 690 2602 isidorus
712 2574 739 2601 in
755 2574 832 2602 titulo

81 2609 165 2636 istola
176 2609 352 2644 opiuoopmm
365 2616 480 2636 nummu
497 2610 605 2637 dicitur.
625 2609 676 2636 l’ro
689 2610 832 2650 iaqrmiti·

51 2646 92 2673 ἰιι
115 2643 158 2673 alii
181 2644 278 2671 limem
290 2644 461 2684 fxiaentibu,
477 2648 504 2673 et
519 2643 638 2672 addunt·
649 2651 734 2671 mem
755 2645 832 2671 etiam

65 2678 136 2710 estis,
148 2678 309 2708 ntortalitatit
323 2674 384 2712 luit,
396 2683 450 2706 ete.
469 2676 506 2708 oe
515 2677 565 2705 tiae
577 2677 690 2727 eplstola
708 2678 766 2706 vido
780 2679 831 2706 lsi-

85 2714 168 2745 rian'a,
179 2721 204 2740 c.
219 2713 252 2740 21
265 2713 352 2740 etta
366 2700 453 2742 Αἰιν.

0 2745 12 2767 ⁵*
104 2746 277 2781 Armatae.
291 2748 347 2782 At..
339 2746 526 2812 ,fatitudin-
539 2741 627 2778 Aut.

103 2821 105 2823 Ι
125 2777 230 2817 uitat
256 2782 334 2811 lilim
381 2778 698 2819 tumemus-‚quum
716 2780 834 2813 mauu

863 285 946 307 cerna
960 278 1068 315 ardens,
1080 283 1108 311 et
1123 286 1176 310 non
1192 279 1379 310 marcescens!

1146 335 1310 362 EPlSTOLA
1325 335 1372 363 xl.

1053 386 1150 407 ιειιιοιι
1170 386 1312 414 autumni
1331 386 1468 407 setsmm.

917 423 1032 454 Domino
1046 432 1117 457 meo,
1130 430 1156 452 et
1167 425 1304 487 Deliagivo
1322 425 1458 454 Brattliotti
1476 427 1605 461 episeopo

1211 467 1231 486 si
1253 468 1325 489 orus.

901 501 926 530 l.
942 502 1008 536 Quia
1020 507 1046 530 te
1060 501 1220 530 incolumem
1233 505 1356 539 cognovi,
1372 505 1471 540 gratias
1481 505 1589 534 Christo
1601 507 1658 542 θεὴ

864 551 890 576 et
904 548 1003 575 utinam
1018 547 1100 584 576
1114 548 1192 584 cujus
1203 550 1317 584 cognovi
1329 550 1443 578 salutem
1455 550 1482 578 in
1498 551 1549 581 boc
1563 559 1661 586 corpo-

864 601 895 622 re
906 594 1052 629 aspicerem
1069 599 1095 622 et
1110 595 1239 623 visionem
1254 597 1260 623 !
1287 596 1356 630 Quid
1376 601 1465 625 autem
1481 597 1547 626 mibi
1571 598 1661 628 evenit

864 647 914 675 pro
928 641 1043 675 peccatis
1060 641 1138 674 meis,
1155 641 1350 677 manifestabo,
1366 643 1428 677 quia
1443 651 1496 671 non
1514 643 1550 671 fui
1564 643 1662 680 dignus

866 689 910 712 tna
926 687 1065 721 perlegere
1093 687 1215 721 eloquia,
1241 689 1330 715 statim
1355 693 1386 716 ut
1409 690 1499 722 accepi
1519 684 1661 724 'pittatium

866 735 951 765 tuum,
968 740 1033 766 puer
1048 733 1137 768 regius
1146 733 1177 764 ad
1196 741 1238 761 me
1254 736 1335 767 venit,
1348 733 1408 762 dedi
1424 735 1590 763 cubiculario
1599 743 1661 764 meo

866 777 932 804 illud
948 779 1080 812 pittatium
1094 788 1100 811 ;
1117 784 1143 806 et
1155 779 1296 807 confestim
1308 781 1441 808 ambulavi
1452 782 1485 809 ad
1499 782 1660 818 principem.

866 828 895 851 ut
909 830 1000 858 postca
1016 826 1182 860 perlegerem
1199 830 1225 853 et
1237 827 1426 854 rescriberem.

903 871 929 897 2.
949 871 1082 899 Reversus
1095 879 1110 898 e
1121 871 1220 907 palatio
1233 872 1302 907 regis
1312 894 1319 906 ,
1336 880 1388 899 ιιοιι
1400 873 1487 900 solum
1503 873 1602 907 scripta
1617 878 1662 901 tua

832 916 855 948 B
869 924 921 944 non
933 917 1033 949 inveni,
1050 917 1097 944 sed
1114 918 1194 944 etiam
1208 918 1337 953 quidquid
1354 918 1427 946 aliud
1455 918 1481 946 in
1497 918 1597 947 chartis
1613 919 1663 948 fuit

834 1602 858 1637 C

869 962 957 996 periit.
973 962 1004 988 lit
1016 962 1126 995 idcirco,
1142 962 1192 989 scit
1207 963 1345 996 Dominus,
1360 963 1415 991 luxi
1428 964 1551 992 meritum
1562 972 1663 998 meum.

869 1008 930 1042 quia
945 1015 997 1035 non
1012 1008 1112 1042 perlegi
1139 1009 1273 1043 eloquium
1291 1014 1377 1043 tuum,
1393 1009 1440 1037 sed
1469 1017 1535 1046 rogo
1548 1014 1576 1038 ut
1590 1018 1664 1047 quat·

869 1060 974 1088 cunque
989 1054 1095 1081 occasio
1109 1055 1224 1087 venerit,
1253 1055 1373 1083 rescribe
1389 1056 1464 1083 milii.
1496 1056 1529 1083 Et
1551 1057 1664 1093 gratiam

870 1099 943 1126 verbi
960 1101 996 1126 tui
1013 1107 1065 1126 nou
1080 1098 1200 1132 auferas,
1216 1105 1244 1126 ut
1267 1100 1338 1134 quod
1356 1109 1388 1127 ex
1416 1108 1476 1128 meo
1489 1101 1590 1129 delicto
1604 1109 1665 1136 pet·-

871 1145 936 1178 didi,
950 1146 1044 1173 iterum
1059 1147 1144 1180 gratia
1170 1150 1212 1172 tua
1230 1147 1367 1181 recipiam.
1382 1146 1414 1173 Et
1438 1155 1516 1174 nianu
1530 1156 1588 1174 sua.
1612 1147 1666 1177 Ora

872 1199 920 1227 pro
934 1191 1020 1224 nobis,
1035 1190 1192 1219 beatissime
1203 1191 1319 1218 domine.

1147 1248 1314 1275 EPlS'l'OLA
1333 1248 1381 1276 xll

1063 1291 1219 1310 unauuoms
1234 1291 1351 1311 eviscovi
1363 1291 1475 1311 isioono.

849 1326 988 1365 ,Domino
1003 1335 1064 1355 meo
1080 1332 1107 1355 et
1118 1336 1181 1355 vere
1197 1329 1319 1362 domino,
1335 1329 1491 1363 Christique
1507 1328 1605 1363 electo,
1621 1329 1668 1358 lsi-

909 1364 975 1390 doro
989 1364 1178 1425 episcolporutn
1193 1371 1309 1398 summo,
1326 1364 1433 1390 Braullo
1456 1370 1551 1391 servus
1566 1364 1669 1393 inutilis

910 1403 1063 1426 sanctorum
1097 1407 1120 1426 ei

911 1446 935 1471 l.
952 1443 1028 1471 Solet
1040 1444 1138 1477 repleri
1161 1444 1253 1471 laetitia
1268 1444 1350 1471 liomo
1374 1444 1486 1472 interior
1496 1451 1527 1472 ac
1542 1444 1670 1479 spiritua-

873 1490 916 1523 lis,
931 1497 992 1518 cum
1006 1490 1180 1524 inquisitione
1203 1490 1322 1524 fungitur
1347 1491 1473 1518 amantis.
1489 1490 1531 1517 Ob
1558 1490 1585 1517 id
1600 1491 1671 1519 velle

873 1542 962 1562 meum
978 1539 1029 1566 est,
1044 1535 1079 1561 mi
1094 1534 1201 1561 domiue
1213 1534 1443 1569 reverentissime,
1460 1535 1511 1562 nisi
1525 1534 1666 1569 culparum

874 1582 991 1609 maceria
1005 1588 1124 1608 mearum
1148 1581 1272 1613 obsistat,
1287 1586 1316 1607 et
1343 1581 1458 1616 benigne
1469 1586 1495 1608 te
1511 1581 1670 1616 inquisitio-

874 1634 935 1654 nem
952 1634 1038 1654 tneum
1061 1626 1197 1660 ampiecti,
1213 1631 1238 1653 et
1253 1626 1421 1660 querelarum
1444 1626 1610 1654 calumniam
1625 1634 1672 1661 pa·

875 1674 973 1700 tienter
985 1672 1116 1706 accipere.
1134 1670 1282 1705 Utrumque
1298 1672 1369 1699 enim
1385 1679 1446 1706 ago,
1459 1676 1486 1698 et
1498 1671 1616 1699 officium
1631 1672 1674 1700 in·

875 1718 1028 1753 quisitionis
1042 1718 1177 1752 persolvo,
1193 1721 1221 1744 et
1235 1717 1281 1744 tibi
1295 1722 1389 1744 contra
1403 1722 1430 1745 te
1445 1725 1587 1745 causarum
1601 1726 1673 1746 men-

876 1773 936 1792 rnm
951 1764 1128 1791 necessitates
1151 1763 1250 1798 dirigo,
1267 1763 1336 1797 quod
1359 1768 1386 1789 ut
1412 1763 1605 1798 benignissime
1624 1769 1672 1793 tuo

876 1809 978 1838 auditui
1005 1809 1142 1842 admittas,
1157 1809 1183 1835 in
1207 1809 1330 1842 ingressu
1346 1807 1426 1843 liujus
1441 1808 1596 1837 dictationis
1611 1817 1674 1844 pot·-

878 1861 954 1890 laque
970 1861 1129 1890 prostratus,
1145 1858 1205 1888 peto
1226 1862 1241 1880 a
1255 1854 1371 1882 culmine
1387 1855 1469 1883 vestri
1487 1855 1674 1889 apostolatum

877 1906 904 1929 et
917 1909 1068 1935 quanquam
1082 1900 1189 1927 vacillet
1211 1899 1353 1927 calunmioe
1381 1899 1510 1935 obiectio,
1522 1901 1565 1928 ubi
1586 1901 1674 1936 laery-

878 1955 980 1974 marum
997 1951 1038 1973 est
1051 1946 1217 1977 intercessio,
1240 1952 1301 1972 cum
1318 1946 1572 1982 lacrymaevnonsint
1599 1949 1675 1981 sign

879 1992 1030 2024 calumniae,
1046 1996 1134 2018 tamen
1149 1991 1213 2022 sint,
1229 1996 1302 2025 opto,
1318 1995 1345 2017 et
1373 1991 1557 2026 lacrymabiles
1570 1993 1675 2019 calum-

880 2039 941 2070 niae,
956 2042 984 2065 et
1002 2036 1206 2064 calumniabiles
1234 2037 1371 2072 lacrymae.
1394 2037 1448 2066 Sed
1472 2042 1614 2072 utrumque
1627 2045 1677 2073 pro

879 2085 1022 2112 licentiosa
1053 2083 1152 2110 amoris
1190 2083 1408 2117 pru-sumptione,
1433 2090 1487 2111 non
1510 2089 1602 2111 atnam
1627 2092 1677 2118 pro

881 2130 1040 2165 arrogantiae
1056 2130 1218 2159 temeritate.
1233 2129 1288 2157 Sed
1301 2130 1356 2164 iant
1380 2137 1488 2158 causam
1504 2131 1639 2159 exordiar.

918 2176 996 2212 577
1011 2175 1039 2201 2.
1063 2175 1225 2210 Septimum,
1242 2175 1267 2201 ni
1282 2174 1369 2206 fallor,
1383 2182 1483 2203 aunum
1494 2180 1615 2210 tempora
1626 2181 1675 2211 gy·

882 2226 942 2247 rant
960 2229 992 2248 ex
1010 2228 1063 2255 quo
1090 2228 1132 2248 nie
1154 2220 1264 2250 memini
1289 2220 1372 2248 libros
1385 2227 1400 2246 a
1415 2226 1441 2248 te
1458 2221 1578 2249 conditos
1592 2221 1678 2256 Origi-

882 2274 945 2293 num
960 2266 1108 2301 postulasse
1120 2285 1127 2298 ,
1150 2270 1178 2294 et
1200 2266 1275 2294 vario
1292 2265 1453 2301 diversoque
1467 2266 1547 2294 modo
1558 2272 1677 2300 praesen-

884 2316 937 2338 tem
954 2318 1002 2338 vos
1016 2319 1058 2338 me
1071 2311 1229 2338 frustratum
1236 2318 1307 2344 esse,
1316 2315 1342 2338 et
1356 2311 1459 2339 absenti
1471 2310 1538 2341 nibil
1554 2310 1615 2338 inde
1630 2317 1677 2341 vos

886 2357 1070 2391 rescripsisse,
1085 2356 1133 2383 sed
1149 2356 1240 2383 subtili
1253 2356 1381 2383 dilutione
1395 2356 1475 2384 modo
1490 2355 1604 2383 necdum
1618 2362 1678 2383 eso·

885 2404 1031 2438 perfectos,
1055 2404 1133 2432 modo
1154 2403 1267 2431 necdum
1281 2403 1407 2436 scriptos,
1422 2401 1503 2429 modo
1515 2408 1590 2429 meas
1604 2401 1677 2430 litte-

885 2457 928 2475 ras
942 2449 1131 2480 intercidisse,
1145 2449 1249 2482 aliaque
1264 2447 1347 2477 multa
1363 2451 1543 2481 opponentes,
1558 2446 1592 2474 ad
1607 2448 1677 2475 banc

886 2503 969 2530 usqne
995 2495 1065 2522 diem
1093 2495 1264 2528 pervenimus
1277 2514 1286 2527 ,
1310 2497 1337 2521 et
1359 2493 1418 2522 sine
1431 2491 1566 2527 petitionis
1580 2493 1677 2523 effectu

886 2572 1042 2600 membrana.
1054 2571 1106 2598 Pro
1118 2577 1182 2597 voce
1211 2569 1325 2596 ittaeium
1337 2568 1431 2597 Riscus
1446 2568 1544 2604 allegat
1556 2572 1678 2601 sanctum

885 2609 973 2642 Augu
964 2609 1073 2635 nuum
1090 2613 1173 2632 serm·
1205 2604 1249 2636 78,
1265 2605 1300 2632 de
1321 2604 1410 2632 verbis
1431 2604 1564 2638 Apostoli,
1577 2611 1638 2640 cap.
1649 2605 1678 2646 '1

883 2644 952 2670 alios
967 2641 1125 2675 Ducaugius.
1143 2640 1268 2668 Fortasse
1282 2647 1335 2667 nan
1355 2640 1469 2669 nubum
1483 2640 1620 2670 aberrabit
1633 2647 1679 2681 qut

884 2678 985 2705 dixerit
998 2684 1090 2703 vocem
1116 2675 1261 2710 Hispanam
1287 2675 1394 2708 pednzo,
1421 2673 1612 2709 fragmentum,
1622 2676 1680 2703 sive

920 2717 989 2740 item
1013 2713 1051 2739 rei
1079 2710 1206 2746 theutes,
1217 2718 1251 2739 ex
1272 2710 1379 2744 piu-cio
1400 2710 1537 2744 wisi-on
1561 2710 1679 2739 mli-re.

911 2755 971 2774 nav.

891 2782 894 2810 i
925 2783 945 2809 t·
947 2790 1013 2815 γιετ.
1039 2788 1086 2809 ιιι.
1108 2780 1141 2808 Ν.
1174 2780 1198 2808 Ι.
1227 2779 1256 2808 ln
1279 2787 1312 2814 ep
1313 2779 1399 2806 istae!-
1424 2778 1609 2814 iuncinum,
1629 2787 1680 2816 pro

889 2790 1114 2851 cliui-tiquam,
1126 2815 1170 2843 liic
1183 2814 1292 2848 etalibi,
1297 2788 1388 2841 ⁹Christ
1390 2814 1533 2849 uquam·-

799 2822 1571 2922 22:⁸5¹?.¹:¹t‘;.··„22“.«222'.;¹’‘2.‘3'¹·¹·““¹¹
1558 2819 1678 2885 ²⁸3⁶*

942 2907 950 2920 ,
976 2896 992 2914 u
