1832 3016
58 143 114 174 317

491 126 724 172 ouAEsrtones
742 134 777 162 tn
799 133 878 162 ver.
899 131 1050 161 rasum.
1066 145 1101 154 -
1120 132 1154 162 m
1172 132 1291 163 tosus.

1652 129 1684 161 37
1689 132 1705 159 8

61 207 127 231 vero
143 200 202 229 suis
223 203 251 228 et
271 196 474 228 conversatione
494 194 606 230 pristina
625 193 786 223 detinentur,
813 191 853 219 in-
867 192 892 222 Α
942 191 1022 228 487
1033 190 1061 218 2.
1078 190 1131 219 Per
1142 190 1214 226 quod
1226 189 1360 218 indicatur
1370 188 1442 224 quod
1455 182 1545 224 plnres
1559 190 1608 224 per
1623 187 1703 216 tidem

66 249 181 278 duentes
195 250 312 274 veterem
326 243 463 272 bominem
478 249 538 270 cum
549 240 654 268 actibus
665 239 731 271 suis,
742 239 854 266 involuti

61 295 174 324 vetustis
188 293 275 326 vitiis,
302 291 372 318 sicut
395 294 423 316 et
437 287 483 316 isti
503 286 598 322 pannis
617 289 646 313 et
666 285 855 313 calceamentis

63 341 199 371 veteribus
212 337 322 367 obtecti.

97 387 125 414 2.
144 387 177 414 Et
191 388 287 419 praeter
301 381 363 414 boc,
379 379 450 414 quod
463 379 489 406 in
504 378 588 406 Deum
604 376 731 408 credunt.
749 380 777 403 et
790 383 854 411 erga

63 439 156 461 servos
171 430 218 459 Dei
231 427 274 456 vel
288 425 416 454 Ecclesiae
428 424 515 453 cultus
533 423 657 451 videntur
671 430 731 450 esse
745 422 833 450 devoti
845 442 854 456 ,

62 478 130 507 nibil
143 475 241 504 babent
261 471 457 501 emendationis
470 470 511 498 vel
535 469 715 497 innovationis
731 469 757 495 in
774 467 855 495 mori-

61 523 123 551 bus.
139 520 218 549 'rates
233 519 311 554 igitttr
324 516 512 545 tantummodo
522 515 598 551 quasi
611 514 745 549 quoddam
762 514 855 541 salutis

61 570 165 604 tignum
175 567 246 594 intra
258 565 406 593 Ecclesiam
415 563 600 598 temporaliter
611 562 773 596 praeterunt;
786 561 855 588 inter

61 613 196 643 Israelitas
219 616 308 640 autem
320 631 328 645 ,
357 611 383 638 id
398 614 451 642 est.
467 610 537 637 inter
551 613 659 636 sanctos
681 608 727 635 Dei
743 614 854 642 regnum

59 664 189 689 eternum
202 658 246 687 vel
261 657 413 686 libertatem
429 656 540 684 minime
553 658 763 689 consequuntur.

361 700 476 729 CAPUT
496 698 554 726 xtl.

299 741 339 768 De
351 741 440 776 proelio
456 740 482 766 in
498 737 614 766 Gabaon.

94 790 121 818 t.
135 788 211 824 Quod
225 791 315 815 autem
340 787 367 814 in
392 785 512 818 Gabaon,
535 786 668 818 pugnante
681 782 745 809 Jesu
766 781 853 814 Nave,

59 834 167 863 stetisse
181 832 338 869 perhibetur
350 831 390 858 sol
404 835 431 858 et
446 831 518 861 luna,
535 829 620 856 donee
635 827 742 855 Israelis
754 826 855 854 inimici

908 237 971 265 Jesu
998 237 1098 264 Cin-isti
1127 236 1257 272 promissa
1283 235 1404 264 coelestia
1430 239 1522 263 essent
1552 234 1703 270 percepturi

908 292 987 319 titiam
999 285 1043 319 qui
1058 292 1105 320 per
1116 284 1201 318 legem
1211 282 1302 318 adepti
1316 286 1388 310 sunt.
1403 282 1470 310 Nam
1482 281 1535 310 ittae
1549 281 1608 308 duae
1620 282 1704 311 sentis

908 332 994 358 tribus
1009 330 1100 364 procul
1113 330 1195 357 dubio
1211 329 1327 364 priorem
1345 328 1475 363 populum
1489 327 1702 360 adumbrabant;

907 377 956 405 sed
971 377 1032 405 idco
1046 377 1106 403 dum
1129 377 1211 404 semis
1236 376 1373 407 dicuntur,
1400 374 1463 409 quia
1480 374 1506 401 lii
1521 375 1565 409 qtti
1595 375 1621 402 in
1646 374 1705 409 lege

907 424 1022 458 agebant
1036 422 1208 456 contigerunt
1230 420 1395 453 agnitionem
1409 418 1564 451 Trinitatis,
1581 419 1628 447 sed
1645 427 1705 454 pet·-

908 471 1005 498 l'ectam
1021 469 1080 504 ejus
1095 467 1235 495 scientiam
1261 474 1315 494 non
1332 466 1500 497 imbuerunt,
1526 465 1595 492 sicut
1612 470 1641 493 et
1656 466 1704 494 Ee-

908 517 1074 545 clesiasticus
1101 515 1168 542 liber
1182 513 1315 549 loquitur.
1329 512 1422 540 dicens
1443 520 1450 539 z
1469 512 1520 545 Qui
1534 520 1586 538 non
1601 513 1704 547 perfecit

907 565 989 600 primo
1012 564 1076 591 scire
1098 562 1261 597 sapientiam,
1287 565 1312 588 et
1333 560 1463 594 infirmior
1475 568 1527 587 non
1546 560 1704 596 investigavit

907 613 980 640 illam
996 611 1089 646 (Eccli.
1102 609 1188 645 xxiv).

944 659 970 686 3.
987 658 1036 685 llic
1051 661 1140 684 autem
1161 662 1256 682 novem
1273 653 1354 681 semis
1371 653 1456 680 tribus
1471 660 1531 687 quae
1551 659 1599 688 per
1611 652 1703 681 Jesum

908 703 1146 740 repromissionem
1163 705 1243 728 terrae
1269 704 1369 727 sanctae
1396 698 1562 734 suscipiunt,
1583 703 1612 726 ut
1635 706 1705 734 prae·

907 751 1007 778 dictum
1019 754 1068 782 est,
1083 749 1195 783 liguram
1207 746 1268 774 novi
1282 745 1371 781 populi
1385 749 1538 777 tenuerunt,
1551 744 1595 780 qui
1610 752 1624 772 a
1640 745 1705 773 Jesu

909 798 1022 825 Domino
1046 800 1139 824 nostro
1154 802 1201 829 per
1218 794 1297 821 tidem
1310 797 1337 820 et
1352 793 1466 828 gratiam
1489 796 1598 819 aeternae
1612 799 1704 827 repro-

909 842 1045 871 missionis
1072 839 1256 868 ltoereditatem
1272 843 1333 874 post
1362 838 1499 865 lavacrum
1510 858 1518 871 ,
1544 836 1620 871 quasi
1645 840 1705 871 post

57 882 225 914 deleremur’
241 879 348 907 diceme
360 878 444 914 &83
458 875 595 911 Semnum
614 884 620 901 ³
638 874 715 902 *Ἥρω
730 874 768 901 ⁸⁰¹
779 882 856 909 ”per
870 891 895 921 Β
908 888 1031 918 Jordanis
1057 886 1216 919 transitum,
1232 883 1364 918 suscepit.
1391 882 1444 910 Sed
1461 881 1571 917 proinde
1587 885 1614 909 et
1638 881 1704 916 ipsae

58 929 172 961 Gabaon,
185 932 207 954 et
221 927 283 955 luna
296 933 371 961 super
391 924 485 951 vallem
500 922 606 959 Ajalon,·
622 925 648 948 et
660 920 758 955 adjecit
780 919 853 947 Scri-

57 979 147 1011 ptura,
155 971 472 1005 etdittit:Quiannnquam
484 970 519 996 sic
530 968 627 996 audivit
639 966 706 994 Deus
714 966 851 993 hominem.

95 1022 124 1049 2.
140 1019 219 1048 lesus
234 1019 314 1054 igitur
327 1021 417 1045 noster
430 1016 515 1043 solem
531 1019 605 1042 stare
627 1014 707 1047 tecit,
724 1020 776 1039 non
791 1017 854 1039 tnnc

58 1068 146 1097 solum
159 1087 167 1100 ,
191 1065 238 1093 sed
254 1065 337 1093 multo
351 1064 435 1098 magis
451 1062 530 1090 modo
541 1062 566 1089 in
581 1061 696 1088 adventu
712 1067 771 1091 suo.
789 1058 852 1086 dum

59 1120 110 1142 nos
126 1112 224 1140 bellum
249 1111 366 1146 gerimus
387 1109 516 1137 adversus
537 1108 660 1135 vitiorum
688 1110 800 1141 gentes,
824 1108 852 1131 et

59 1159 234 1187 colluctamur
248 1157 377 1185 adversus
402 1155 534 1191 principes
549 1158 575 1182 et
591 1157 747 1188 potestates,
762 1156 789 1179 et
813 1158 856 1178 re-

59 1209 148 1233 etores
162 1204 256 1231 barum
273 1203 453 1234 tenebrarum,
467 1202 595 1228 adversus
607 1198 753 1234 spiritualia
763 1197 856 1231 nequ}-

60 1250 105 1279 tire
127 1251 154 1278 in
181 1249 347 1278 coelestibus.
372 1248 418 1276 Sol
442 1246 518 1274 nobis
544 1245 652 1281 justitia:
676 1244 856 1272 indesinenter

59 1297 172 1329 assistit,
187 1295 342 1323 necdeserit
360 1301 475 1329 unquam
490 1300 549 1324 nos,
563 1299 611 1319 nec
626 1291 732 1318 festinat
744 1296 854 1317 occum-

58 1341 136 1375 bere,
149 1341 210 1377 quia
226 1342 282 1376 ipsc
297 1340 362 1367 dixit
376 1347 383 1366 :
400 1338 466 1366 Ecce
485 1346 530 1373 eqo
545 1337 672 1364 vobiscum
697 1344 753 1363 sum
775 1335 856 1362 omni-

60 1388 107 1415 aas
121 1388 209 1415 diebus
220 1394 297 1421 usque
307 1385 341 1412 ad
358 1384 599 1412 comuntntatt'onem
613 1382 711 1410 saecnli.

95 1435 122 1461 3.
138 1434 260 1468 Quinque
275 1437 364 1459 autem
380 1439 456 1466 reges
465 1431 583 1466 quinque
598 1436 694 1456 sensus
706 1436 854 1463 corporeos

60 1479 179 1509 indicant
192 1500 200 1513 ,
221 1479 267 1515 qui
288 1478 461 1510 Gabaonitas‚
478 1477 503 1505 id
520 1481 576 1508 est,
593 1475 716 1503 carnales
733 1474 854 1503 homines

60 1530 223 1561 expugnant.
252 1525 283 1553 tii
311 1525 343 1552 ad
366 1524 522 1559 speluncam
547 1522 714 1555 confugiunt,
742 1528 803 1548 cum
825 1527 855 1547 se

62 1573 175 1603 let-renis
190 1574 216 1600 in
226 1579 339 1607 corpore
351 1570 538 1606 positiactibus
548 1571 680 1603 mergunt.
692 1567 742 1600 Qui
755 1572 853 1598 tamen,
868 1582 892 1614 c

62 1624 197 1657 pugnante
213 1619 285 1652 iesu,
302 1618 327 1645 id
339 1622 389 1650 est,
403 1615 593 1652 praedieatione
604 1612 760 1647 evangelica
775 1619 854 1646 supe-

62 1670 165 1698 rantur,
191 1671 216 1692 at
228 1685 236 1697 ,
263 1663 431 1699 ingrediente
446 1662 529 1690 verbo
545 1660 591 1688 Dei
607 1660 634 1687 in
656 1659 749 1691 nobis,
764 1658 791 1685 id
804 1662 855 1691 est,

62 1711 131 1742 intra
148 1712 304 1746 speluncam
327 1709 448 1745 corporis
470 1707 567 1741 nostri,
586 1712 680 1733 omnes
702 1703 801 1740 pariter
816 1703 856 1730 in-

63 1758 240 1786 terstciuntur.

357 1795 470 1824 CAPUT
490 1793 560 1821 xlll.

164 1843 202 1871 De
214 1842 345 1870 exstinctis
367 1840 482 1876 qentibus
499 1843 521 1865 et
534 1842 608 1864 tarroe
619 1836 751 1863 divisione.

99 1890 124 1918 1.
140 1888 285 1917 Exstinctis
309 1887 423 1919 deinde,
440 1885 482 1912 vel
496 1883 589 1919 eiectis
612 1881 747 1917 gentibus,
774 1879 856 1906 Josue

63 1939 136 1964 torte
161 1934 256 1962 dividit
273 1933 377 1968 populis
402 1937 502 1959 terram
527 1926 755 1963 repromissionis.
773 1924 857 1959 Ejecit

65 1990 127 2017 ergo
153 1987 180 2008 et
200 1980 323 2008 Chri-tus
344 1987 359 2006 a
375 1979 442 2007 facie
458 1976 575 2004 lideliutn
600 1981 709 2001 suornm
726 1972 856 2007 quodam-

65 2028 145 2057 modo
157 2031 258 2061 gentes,
274 2025 411 2060 gentilium
436 2030 558 2051 errorum
574 2020 710 2054 ntalignos
727 2021 855 2052 spiritus,

66 2078 92 2101 et
118 2077 189 2100 sorte
209 2071 298 2099 divisit
320 2075 417 2098 terram
442 2069 468 2095 in
494 2067 570 2094 nobis
595 2075 601 2092 :
628 2063 718 2092 omnia
741 2067 858 2095 operans

65 2125 133 2147 tinus
147 2114 226 2153 etque
250 2116 320 2144 idem
334 2116 461 2151 Spiritus,
478 2121 509 2140 ac
522 2111 643 2140 dividens
659 2110 730 2137 dona
750 2106 858 2143 propria

66 2163 220 2198 unicuique,
237 2165 316 2197 prout
330 2160 398 2187 volt.

355 2197 469 2226 CAPUT
490 2195 559 2224 xlv.

324 2240 364 2267 De
379 2239 500 2266 divisione
514 2241 598 2264 terroe.

102 2289 127 2318 1.
144 2288 269 2317 Reiertttr
283 2291 371 2314 autem
387 2286 413 2312 itt
431 2284 472 2311 liis
486 2281 583 2310 divinis
598 2277 712 2311 eloquiis
728 2276 813 2311 prima
829 2279 856 2302 et
870 2271 896 2303 Ι)

67 2335 183 2364 tectttttia
211 2333 373 2362 baereditatis
400 2331 469 2358 sacta
495 2327 589 2356 divisio
618 2324 715 2361 (Num.
751 2320 856 2356 xxxiv).

69 2381 156 2411 Prima
177 2379 282 2415 quidem
296 2387 343 2414 per
357 2378 464 2414 Moysen
477 2385 484 2409 ;
500 2373 617 2402 secunda
636 2378 709 2402 tero,
725 2376 784 2404 qum
806 2367 859 2395 [οι-

70 2426 121 2454 ιίοι·
135 2430 186 2459 est,
211 2432 257 2459 per
283 2424 386 2452 lesum.
410 2422 462 2451 Sed
484 2421 590 2456 Moyses
610 2423 684 2445 trans
711 2414 857 2443 Jordanem

69 2472 172 2500 duabus
184 2475 285 2498 tautum
299 2475 326 2498 et
339 2468 420 2497 semis
433 2467 552 2495 tribubus
565 2486 572 2498 ,
586 2464 690 2494 Ruben‚
706 2461 818 2492 scilicet,
830 2464 858 2487 et

69 2518 138 2551 Gad,
165 2522 191 2545 et
201 2516 316 2544 dimidiae
332 2514 412 2543 tribui
426 2514 564 2544 narrasse.
593 2508 790 2546 possessionem
811 2505 860 2534 de·

69 2564 168 2596 cretit3
183 2561 273 2589 caetui
286 2567 350 2590 vero
362 2566 454 2588 omnes
468 2566 514 2594 per
529 2557 622 2587 lesum
632 2554 791 2590 suscipiunt.

106 2631 135 2659 Ξ.
150 2630 224 2664 Alb„
242 2627 288 2656 Vel
313 2626 425 2655 ecclesioe
438 2623 547 2653 euentus
560 2622 679 2651 videntur
693 2628 747 2648 me
765 2618 858 2647 devoti.

72 2667 171 2732 „Ext-
185 2709 233 2730 ιιι.
244 2699 277 2727 N.
291 2698 316 2726 1.
329 2697 368 2724 Ex
383 2694 475 2723 bomil-
491 2694 536 2723 11.
546 2694 643 2723 enm„

105 2739 171 2768 cn.
186 2745 240 2765 xiv.
256 2734 289 2763 tt.
316 2733 341 2761 1.
358 2730 455 2760 Totum
468 2734 547 2766 caput
560 2736 594 2758 ex
608 2729 684 2757 bom.
699 2726 732 2759 5.
748 2730 776 2754 et
785 2725 860 2753 bont.

73 2773 312 2844 *affixionem
321 2800 465 2832 Trinitatis.
482 2799 535 2834 Al„
550 2797 716 2836 manitionem
735 2795 859 2826 veritatis.

70 2845 259 2915 A*invidam
271 2874 352 2913 panto
365 2870 444 2904 alitor
457 2871 526 2902 banc
540 2868 702 2901 seutentiam
713 2862 859 2905 exprimit:

907 943 1003 965 novem
1025 934 1107 962 semis
1123 933 1207 960 tribus
1219 932 1354 963 dicuntur,
1369 937 1429 965 quoe
1445 929 1495 956 sub
1508 928 1571 956 Jesu
1591 927 1704 956 ltaeredi-

907 988 962 1011 tate
978 982 1124 1016 potiuntur,
1139 984 1167 1007 et
1186 985 1239 1006 non
1262 978 1372 1012 integrae
1385 976 1478 1004 decem
1490 996 1498 1008 ,
1512 976 1557 1010 qui
1573 982 1702 1003 numerus

908 1033 1108 1057 consummatus
1133 1026 1233 1053 dicitur
1251 1029 1278 1052 et
1299 1023 1444 1059 pet-iectus,
1461 1023 1523 1058 quia
1538 1029 1588 1050 nec
1602 1022 1629 1049 in
1646 1022 1704 1056 ipso

908 1075 1022 1102 adventu
1038 1072 1154 1103 Domini,
1171 1071 1212 1098 vel
1229 1069 1414 1098 incarnatione
1429 1069 1497 1103 ejus,
1515 1073 1611 1095 cuncta
1626 1067 1704 1095 nobis

908 1128 956 1155 per
967 1119 1142 1153 semetipsum
1155 1117 1272 1152 perfecte
1284 1114 1439 1142 annuntiata
1451 1118 1524 1140 sunt.

945 1166 970 1193 4.
989 1165 1066 1194 Unde
1080 1165 1175 1198 etipse
1189 1162 1258 1190 dixit
1270 1160 1407 1195 discipulis
1425 1168 1432 1187 ι
1449 1158 1534 1185 Mutia
1550 1158 1637 1185 adhue
1651 1157 1704 1184 lta-

909 1215 955 1240 ὀρθ
964 1220 1022 1248 quae
1037 1211 1106 1238 vobis
1115 1211 1215 1244 loquar,
1227 1208 1271 1234 sed
1283 1215 1334 1233 non
1343 1205 1447 1240 potestis
1460 1205 1506 1232 itta
1517 1203 1607 1230 audire
1617 1203 1702 1235 modo,

912 1260 1002 1288 Veniet
1013 1264 1098 1286 antem
1113 1256 1228 1292 Spiritus
1243 1253 1368 1284 veritatis,
1384 1252 1428 1285 qni
1449 1259 1463 1276 a
1480 1249 1559 1276 Patre
1572 1249 1703 1284 procedit,

909 1307 953 1334 ille
965 1307 996 1333 de
1009 1313 1064 1332 meo
1077 1303 1200 1337 accipiet,
1218 1306 1241 1328 et
1256 1298 1416 1326 annuntiabit
1429 1296 1498 1324 vobis
1512 1296 1597 1322 onmia
1611 1293 1702 1330 (Ioan-

908 1352 975 1386 xvt).
994 1350 1126 1379 Perfectio
1140 1349 1229 1382 itaque
1242 1354 1274 1373 ac
1284 1351 1388 1372 summa
1398 1348 1554 1370 cunctorum
1570 1342 1701 1368 bonorum

908 1400 936 1426 in
950 1398 1050 1433 Spiritu
1065 1399 1158 1423 sancto
1170 1393 1304 1424 consistit,
1317 1390 1433 1424 alioquin
1450 1388 1514 1415 nibil
1531 1388 1601 1415 ineo
1615 1387 1703 1422 perie-

907 1450 980 1475 ctum
996 1442 1129 1479 putabitur
1145 1440 1188 1468 cui
1204 1439 1321 1474 Spiritus
1335 1440 1445 1464 sanctus
1460 1435 1546 1464 deest.

1209 1483 1321 1512 CAPUT
1341 1482 1398 1510 XV.

998 1534 1073 1569 Quod
1088 1532 1180 1560 Levitae
1195 1539 1246 1557 non
1265 1529 1407 1563 acceperint
1429 1527 1612 1554 ltoerednatem.

946 1582 972 1609 1.
987 1582 1041 1609 (tur
1056 1587 1119 1606 vero
1144 1577 1242 1605 Levita:
1261 1582 1312 1602 non
1334 1577 1497 1604 acceierunt
1521 1572 1704 1599 tiaerednwem

910 1631 1007 1659 terraess'
1023 1627 1121 1662 Utique
1135 1624 1196 1655 onia
1213 1621 1341 1649 Dominus
1368 1624 1459 1647 noster
1480 1619 1559 1646 ,lesus
1582 1618 1706 1646 Christus

909 1679 966 1713 ipse
981 1680 1022 1703 est
1037 1673 1178 1701 ltoeretiitas
1199 1677 1304 1701 eorum,
1319 1669 1388 1695 sient
1410 1667 1539 1700 seriptum
1555 1670 1597 1693 est
1615 1686 1621 1694 .
1648 1664 1704 1699 qu

909 1722 1045 1750 ltoereditas
1060 1726 1158 1750 eorum,
1173 1721 1196 1744 et
1208 1715 1333 1752 possessio
1346 1722 1395 1740 non
1407 1712 1511 1739 dabitur
1524 1711 1558 1739 et's
1573 1712 1598 1738 in
1611 1710 1705 1739 Israel.

910 1768 966 1804 qu
981 1767 1046 1794 enim
1058 1773 1114 1792 sum
1130 1761 1255 1798 possessio
1266 1767 1364 1787 eorum.
1377 1757 1542 1785 Clericurnm
1558 1756 1629 1784 enini
1646 1757 1704 1783 liae-

909 1814 1009 1843 reditas
1023 1811 1106 1847 m
1120 1814 1148 1837 et
1160 1807 1294 1843 possessio
1311 1805 1345 1832 ob
1359 1805 1409 1831 ltoc
1423 1811 1452 1830 sc
1463 1803 1515 1831 dici
1529 1802 1611 1830 voluit
1623 1801 1705 1838 Deus,

909 1861 969 1896 quia
999 1857 1114 1886 ministri
1131 1855 1221 1882 altaris
1248 1852 1331 1887 ipsius
1346 1850 1432 1878 effecti
1463 1854 1526 1877 sunt
1539 1868 1546 1881 ‚
1573 1852 1601 1876 et
1628 1855 1704 1881 sors,

908 1911 1016 1942 proptor
1030 1902 1099 1938 quod
1111 1906 1138 1928 et
1150 1901 1233 1927 clerus
1243 1906 1299 1925 sors
1313 1898 1517 1931 interpretator.

944 1952 971 1978 Ξ.
988 1950 1058 1984 Ergo
1075 1946 1180 1975 Domini
1195 1943 1379 1972 naerednatem
1392 1942 1489 1969 merito
1504 1940 1633 1975 possidet,
1645 1939 1703 1974 qui,

910 2003 938 2025 ut
953 1998 1054 2030 :ubsque
1069 1992 1260 2028 impedimento
1269 1988 1405 2016 deservire
1421 1987 1475 2014 Dco
1491 1987 1587 2016 valent,
1602 1992 1705 2020 paoper-

909 2045 1004 2080 spiritu
1020 2049 1080 2070 esse
1104 2038 1259 2071 contendit,
1278 2041 1307 2063 ut
1332 2041 1450 2069 congrue
1476 2033 1539 2059 illu-t
1555 2031 1703 2058 Psalnnstae

910 2091 1000 2118 dicere
1016 2087 1102 2123 possit
1118 2094 1124 2113 z
1138 2084 1264 2111 Dominus
1280 2089 1340 2117 pars
1356 2079 1512 2107 hoeredt'tatis
1529 2085 1590 2105 meoe
1608 2081 1630 2105 et
1645 2077 1706 2104 cali-

910 2137 945 2164 cis
959 2135 1008 2162 mei
1023 2132 1135 2171 (Psalm.
1149 2130 1207 2166 xv.)

1209 2173 1323 2202 CAPUT
1341 2171 1411 2200 xvt.

912 2227 986 2262 Quod
1002 2221 1148 2253 habitacula
1171 2220 1316 2248 Lettitarum
1342 2227 1386 2254 pet·
1401 2224 1488 2244 omnes
1513 2215 1593 2243 tribus
1618 2214 1706 2240 decer·

1251 2259 1357 2282 nttntttr.

949 2313 976 2340 1.
991 2308 1067 2345 Quod
1082 2314 1145 2334 vero
1160 2302 1309 2333 habitacula
1326 2301 1426 2329 Levitis
1441 2308 1455 2327 a
1470 2299 1535 2327 Jesu
1548 2305 1595 2333 per
1609 2304 1705 2324 ornnes

915 2359 999 2388 tribus
1013 2357 1203 2384 decernuntur,
1219 2350 1384 2385 significatur
1395 2353 1423 2375 ut
1443 2347 1469 2374 ln
1485 2348 1529 2382 qui
1545 2346 1571 2373 in
1587 2344 1703 2372 Ecclesia

913 2404 976 2437 Dei,
987 2401 1106 2430 scientiae
1125 2404 1235 2433 operam
1250 2396 1361 2426 dantes,
1376 2392 1505 2420 doctrinae
1522 2390 1634 2424 gratiani
1659 2389 1706 2415 ad-

914 2450 1086 2480 ministrant,
1101 2451 1208 2474 rursum
1233 2443 1268 2470 ab
1291 2439 1415 2468 omnibus
1436 2437 1532 2472 quibus
1548 2435 1704 2469 dispensant

912 2498 1003 2527 divina
1017 2499 1125 2524 terrena
1138 2488 1269 2520 subsidia,
1285 2494 1345 2522 quae
1360 2492 1413 2512 non
1428 2483 1540 2514 babent,
1556 2480 1705 2513 recipiant,

914 2549 943 2573 ut
956 2540 1098 2577 impleatur
1112 2535 1178 2565 illud
1191 2533 1264 2571 quod
1274 2530 1419 2567 Apostolus
1436 2529 1573 2564 praecepit,
1590 2525 1684 2553 dicens
1698 2534 1706 2552 ;

913 2611 1004 2640 Adhuc
1018 2606 1100 2635 nautia
1113 2603 1204 2634 habeo,
1218 2604 1270 2628 etc.
1286 2598 1371 2627 Διιιν.
1681 2624 1684 2629 Δ

947 2647 1012 2673 Cn.
1030 2650 1076 2674 ιν,
1091 2640 1124 2667 Ὶ.
1138 2639 1164 2666 1.
1179 2638 1217 2665 Ex
1230 2636 1305 2664 bom.
1319 2634 1351 2662 2¹
1369 2632 1396 2660 in
1412 2637 1473 2666 cap.
1489 2636 1551 2657 xxvi
1569 2627 1661 2660 Num..
1677 2630 1704 2654 et

912 2683 986 2711 bom.
1001 2679 1031 2707 17
1047 2678 1073 2705 in
1087 2676 1150 2703 lesu
1161 2673 1227 2701 Nnv.
1239 2670 1335 2699 Gaui..

950 2715 1018 2744 ibid.
1032 2712 1100 2740 eod.
1126 2709 1239 2738 Alborn.
1252 2713 1261 2734 t
1274 2704 1431 2732 clericorum
1444 2702 1511 2729 enim
1531 2699 1704 2727 hoereditataent

915 2754 946 2781 oo
971 2750 1020 2777 hoc
1034 2756 1061 2775 se
1082 2745 1133 2773 dici
1150 2743 1241 2771 votuit.
1267 2740 1368 2769 Deinde
1384 2738 1453 2766 alii:
1479 2735 1592 2763 Ninintri
1616 2733 1707 2762 attari·

914 2773 1566 2852 ''mit'st'v‘‚f‘s5025052'5‘s’tf’t‘ste¹325·⁶⁴:1³3:
