<?xml version="1.0" encoding="UTF-8"?>
<!DOCTYPE html PUBLIC "-//W3C//DTD XHTML 1.0 Transitional//EN"
    "http://www.w3.org/TR/xhtml1/DTD/xhtml1-transitional.dtd">
<html xmlns="http://www.w3.org/1999/xhtml" xml:lang="en" lang="en">
 <head>
  <title>
</title>
<meta http-equiv="Content-Type" content="text/html;charset=utf-8" />
  <meta name='ocr-system' content='tesseract 3.04.00' />
  <meta name='ocr-capabilities' content='ocr_page ocr_carea ocr_par ocr_line ocrx_word'/>
</head>
<body>
  <div class='ocr_page' id='page_1' title='image "./patrologiae83unknuoft_0105.png"; bbox 0 0 1832 3016; ppageno 0'>
   <div class='ocr_carea' id='block_1_1' title="bbox 0 97 30 2788">
    <p class='ocr_par' dir='ltr' id='par_1_1' title="bbox 0 97 30 2788">
     <span class='ocr_line' id='line_1_1' title="bbox 0 97 17 307; baseline 0 -87"><span class='ocrx_word' id='word_1_1' title='bbox 0 97 17 307; x_wconf 95' lang='lat' dir='ltr'><strong>    </strong></span> 
     </span>
     <span class='ocr_line' id='line_1_2' title="bbox 0 307 16 402; baseline 0 0"><span class='ocrx_word' id='word_1_2' title='bbox 0 307 16 402; x_wconf 95' lang='lat' dir='ltr'><strong>  </strong></span> 
     </span>
     <span class='ocr_line' id='line_1_3' title="bbox 0 402 17 582; baseline 0 -91"><span class='ocrx_word' id='word_1_3' title='bbox 0 402 17 582; x_wconf 95' lang='lat' dir='ltr'><strong>    </strong></span> 
     </span>
     <span class='ocr_line' id='line_1_4' title="bbox 0 582 18 697; baseline 0 -72"><span class='ocrx_word' id='word_1_4' title='bbox 0 582 18 697; x_wconf 95' lang='lat' dir='ltr'><strong>  </strong></span> 
     </span>
     <span class='ocr_line' id='line_1_5' title="bbox 0 697 18 757; baseline 0 2259"><span class='ocrx_word' id='word_1_5' title='bbox 0 697 18 757; x_wconf 95' lang='lat' dir='ltr'><strong> </strong></span> 
     </span>
     <span class='ocr_line' id='line_1_6' title="bbox 0 757 18 858; baseline 0 0"><span class='ocrx_word' id='word_1_6' title='bbox 0 757 18 858; x_wconf 95' lang='lat' dir='ltr'><strong>  </strong></span> 
     </span>
     <span class='ocr_line' id='line_1_7' title="bbox 0 858 18 905; baseline 0 2111"><span class='ocrx_word' id='word_1_7' title='bbox 0 858 18 905; x_wconf 95' lang='lat' dir='ltr'><strong> </strong></span> 
     </span>
     <span class='ocr_line' id='line_1_8' title="bbox 0 905 19 1110; baseline 0 -23"><span class='ocrx_word' id='word_1_8' title='bbox 0 905 19 1110; x_wconf 95' lang='lat' dir='ltr'><strong>     </strong></span> 
     </span>
     <span class='ocr_line' id='line_1_9' title="bbox 0 1110 19 1227; baseline 0 0"><span class='ocrx_word' id='word_1_9' title='bbox 0 1110 19 1227; x_wconf 95' lang='lat' dir='ltr'><strong>  </strong></span> 
     </span>
     <span class='ocr_line' id='line_1_10' title="bbox 0 1227 21 1428; baseline 0 -64"><span class='ocrx_word' id='word_1_10' title='bbox 0 1227 21 1428; x_wconf 95' lang='lat' dir='ltr'><strong>     </strong></span> 
     </span>
     <span class='ocr_line' id='line_1_11' title="bbox 0 1428 22 1592; baseline 0 0"><span class='ocrx_word' id='word_1_11' title='bbox 0 1428 22 1592; x_wconf 95' lang='lat' dir='ltr'><strong>   </strong></span> 
     </span>
     <span class='ocr_line' id='line_1_12' title="bbox 0 1592 23 1824; baseline 0 -44"><span class='ocrx_word' id='word_1_12' title='bbox 0 1592 23 1824; x_wconf 95' lang='lat' dir='ltr'><strong>   </strong></span> 
     </span>
     <span class='ocr_line' id='line_1_13' title="bbox 0 1824 24 1960; baseline 0 -88"><span class='ocrx_word' id='word_1_13' title='bbox 0 1824 24 1960; x_wconf 95' lang='lat' dir='ltr'><strong>   </strong></span> 
     </span>
     <span class='ocr_line' id='line_1_14' title="bbox 0 1960 25 2009; baseline 0 1007"><span class='ocrx_word' id='word_1_14' title='bbox 0 1960 25 2009; x_wconf 95' lang='lat' dir='ltr'><strong> </strong></span> 
     </span>
     <span class='ocr_line' id='line_1_15' title="bbox 0 2009 26 2209; baseline 0 -21"><span class='ocrx_word' id='word_1_15' title='bbox 0 2009 26 2209; x_wconf 95' lang='lat' dir='ltr'><strong>     </strong></span> 
     </span>
     <span class='ocr_line' id='line_1_16' title="bbox 0 2209 27 2332; baseline 0 0"><span class='ocrx_word' id='word_1_16' title='bbox 0 2209 27 2332; x_wconf 95' lang='lat' dir='ltr'><strong>  </strong></span> 
     </span>
     <span class='ocr_line' id='line_1_17' title="bbox 0 2332 29 2563; baseline 0 -26"><span class='ocrx_word' id='word_1_17' title='bbox 0 2332 29 2563; x_wconf 95' lang='lat' dir='ltr'><strong>     </strong></span> 
     </span>
     <span class='ocr_line' id='line_1_18' title="bbox 0 2563 30 2788; baseline 0 -75"><span class='ocrx_word' id='word_1_18' title='bbox 0 2563 30 2788; x_wconf 95' lang='lat' dir='ltr'><strong>    </strong></span> 
     </span>
    </p>
   </div>
   <div class='ocr_carea' id='block_1_2' title="bbox 25 112 86 143">
    <p class='ocr_par' dir='ltr' id='par_1_2' title="bbox 25 112 86 143">
     <span class='ocr_line' id='line_1_19' title="bbox 25 112 86 143; baseline 0.082 -5"><span class='ocrx_word' id='word_1_19' title='bbox 25 112 86 143; x_wconf 68' lang='lat' dir='ltr'><strong>nst</strong></span> 
     </span>
    </p>
   </div>
   <div class='ocr_carea' id='block_1_3' title="bbox 26 219 840 841">
    <p class='ocr_par' dir='ltr' id='par_1_3' title="bbox 26 219 106 241">
     <span class='ocr_line' id='line_1_20' title="bbox 26 219 106 241; baseline -0.025 0"><span class='ocrx_word' id='word_1_20' title='bbox 26 219 106 241; x_wconf 67' lang='grc'>1111111.</span> 
     </span>
    </p>

    <p class='ocr_par' dir='ltr' id='par_1_4' title="bbox 38 252 836 609">
     <span class='ocr_line' id='line_1_21' title="bbox 73 252 834 289; baseline -0.011 -2"><span class='ocrx_word' id='word_1_21' title='bbox 73 259 118 287; x_wconf 79' lang='lat'><strong>95.</strong></span> <span class='ocrx_word' id='word_1_22' title='bbox 130 258 202 287; x_wconf 87' lang='lat' dir='ltr'><strong>idem</strong></span> <span class='ocrx_word' id='word_1_23' title='bbox 213 258 292 286; x_wconf 83' lang='lat' dir='ltr'><strong>etiam</strong></span> <span class='ocrx_word' id='word_1_24' title='bbox 302 262 427 284; x_wconf 88' lang='lat' dir='ltr'><strong>numerus</strong></span> <span class='ocrx_word' id='word_1_25' title='bbox 433 254 599 289; x_wconf 69' lang='lat' dir='ltr'><strong>septuaginta</strong></span> <span class='ocrx_word' id='word_1_26' title='bbox 611 253 679 281; x_wconf 87' lang='lat' dir='ltr'><strong>duos</strong></span> <span class='ocrx_word' id='word_1_27' title='bbox 687 252 834 288; x_wconf 85' lang='lat' dir='ltr'><strong>discipulos</strong></span> 
     </span>
     <span class='ocr_line' id='line_1_22' title="bbox 38 299 835 341; baseline -0.009 -9"><span class='ocrx_word' id='word_1_28' title='bbox 38 305 167 339; x_wconf 72' lang='lat' dir='ltr'>ostendit,</span> <span class='ocrx_word' id='word_1_29' title='bbox 185 311 250 341; x_wconf 86' lang='lat' dir='ltr'><strong>quos</strong></span> <span class='ocrx_word' id='word_1_30' title='bbox 261 301 388 331; x_wconf 79' lang='lat' dir='ltr'>Dominus</span> <span class='ocrx_word' id='word_1_31' title='bbox 401 300 478 328; x_wconf 86' lang='lat' dir='ltr'><strong>binos</strong></span> <span class='ocrx_word' id='word_1_32' title='bbox 492 306 554 327; x_wconf 89' lang='lat' dir='ltr'><strong>ante</strong></span> <span class='ocrx_word' id='word_1_33' title='bbox 567 299 660 330; x_wconf 82' lang='lat' dir='ltr'><strong>t&#39;acietn</strong></span> <span class='ocrx_word' id='word_1_34' title='bbox 675 307 751 330; x_wconf 83' lang='lat' dir='ltr'><strong>snam</strong></span> <span class='ocrx_word' id='word_1_35' title='bbox 767 306 835 333; x_wconf 77' lang='lat' dir='ltr'><strong>prte-</strong></span> 
     </span>
     <span class='ocr_line' id='line_1_23' title="bbox 39 344 835 383; baseline -0.01 -5"><span class='ocrx_word' id='word_1_36' title='bbox 39 350 122 383; x_wconf 83' lang='lat' dir='ltr'><strong>misit,</strong></span> <span class='ocrx_word' id='word_1_37' title='bbox 138 349 253 382; x_wconf 79' lang='lat' dir='ltr'><strong>ternario</strong></span> <span class='ocrx_word' id='word_1_38' title='bbox 268 354 379 374; x_wconf 89' lang='lat' dir='ltr'><strong>numero</strong></span> <span class='ocrx_word' id='word_1_39' title='bbox 399 346 426 374; x_wconf 91' lang='lat' dir='ltr'><strong>in</strong></span> <span class='ocrx_word' id='word_1_40' title='bbox 450 354 479 374; x_wconf 80' lang='lat' dir='ltr'><strong>se</strong></span> <span class='ocrx_word' id='word_1_41' title='bbox 502 345 687 380; x_wconf 81' lang='lat' dir='ltr'><strong>multiplicato.</strong></span> <span class='ocrx_word' id='word_1_42' title='bbox 714 344 835 379; x_wconf 85' lang='lat' dir='ltr'><strong>Denique</strong></span> 
     </span>
     <span class='ocr_line' id='line_1_24' title="bbox 40 390 836 429; baseline -0.005 -8"><span class='ocrx_word' id='word_1_43' title='bbox 40 398 80 422; x_wconf 90' lang='lat' dir='ltr'><strong>ter</strong></span> <span class='ocrx_word' id='word_1_44' title='bbox 95 394 175 423; x_wconf 85' lang='lat' dir='ltr'><strong>vicies</strong></span> <span class='ocrx_word' id='word_1_45' title='bbox 185 392 305 429; x_wconf 73' lang='lat' dir='ltr'>quaterni</span> <span class='ocrx_word' id='word_1_46' title='bbox 321 392 486 427; x_wconf 67' lang='lat' dir='ltr'><strong>septuaginta</strong></span> <span class='ocrx_word' id='word_1_47' title='bbox 501 391 555 421; x_wconf 90' lang='lat' dir='ltr'><strong>duo</strong></span> <span class='ocrx_word' id='word_1_48' title='bbox 569 391 677 418; x_wconf 77' lang='lat' dir='ltr'><strong>iaciunt.</strong></span> <span class='ocrx_word' id='word_1_49' title='bbox 691 390 757 417; x_wconf 76' lang='lat' dir='ltr'><strong>Nam</strong></span> <span class='ocrx_word' id='word_1_50' title='bbox 772 395 799 417; x_wconf 86' lang='lat' dir='ltr'><strong>et</strong></span> <span class='ocrx_word' id='word_1_51' title='bbox 813 390 836 417; x_wconf 82' lang='lat' dir='ltr'><strong>si</strong></span> 
     </span>
     <span class='ocr_line' id='line_1_25' title="bbox 40 442 835 475; baseline -0.008 -6"><span class='ocrx_word' id='word_1_52' title='bbox 40 442 127 469; x_wconf 79' lang='lat' dir='ltr'><strong>sexies</strong></span> <span class='ocrx_word' id='word_1_53' title='bbox 138 444 258 475; x_wconf 69' lang='lat' dir='ltr'><strong>quartum</strong></span> <span class='ocrx_word' id='word_1_54' title='bbox 274 447 414 467; x_wconf 87' lang='lat' dir='ltr'><strong>nnmerum</strong></span> <span class='ocrx_word' id='word_1_55' title='bbox 430 443 570 473; x_wconf 82' lang='lat' dir='ltr'><strong>supputes,</strong></span> <span class='ocrx_word' id='word_1_56' title='bbox 585 443 613 466; x_wconf 87' lang='lat' dir='ltr'><strong>et</strong></span> <span class='ocrx_word' id='word_1_57' title='bbox 627 442 743 473; x_wconf 85' lang='lat' dir='ltr'><strong>quatuor</strong></span> <span class='ocrx_word' id='word_1_58' title='bbox 758 445 835 471; x_wconf 86' lang='lat' dir='ltr'><strong>prae-</strong></span> 
     </span>
     <span class='ocr_line' id='line_1_26' title="bbox 41 483 835 519; baseline -0.005 -5"><span class='ocrx_word' id='word_1_59' title='bbox 41 487 109 518; x_wconf 75' lang='lat' dir='ltr'><strong>ferre</strong></span> <span class='ocrx_word' id='word_1_60' title='bbox 123 486 252 513; x_wconf 87' lang='lat' dir='ltr'><strong>elementa</strong></span> <span class='ocrx_word' id='word_1_61' title='bbox 274 485 374 517; x_wconf 81' lang='lat' dir='ltr'><strong>mundi,</strong></span> <span class='ocrx_word' id='word_1_62' title='bbox 392 485 416 512; x_wconf 92' lang='lat' dir='ltr'><strong>in</strong></span> <span class='ocrx_word' id='word_1_63' title='bbox 432 485 527 519; x_wconf 83' lang='lat' dir='ltr'><strong>quibus</strong></span> <span class='ocrx_word' id='word_1_64' title='bbox 542 488 638 511; x_wconf 84' lang='lat' dir='ltr'><strong>cuncta</strong></span> <span class='ocrx_word' id='word_1_65' title='bbox 660 483 813 511; x_wconf 70' lang='lat' dir='ltr'><strong>subsistunt</strong></span> <span class='ocrx_word' id='word_1_66' title='bbox 827 503 835 515; x_wconf 92' lang='lat'>,</span> 
     </span>
     <span class='ocr_line' id='line_1_27' title="bbox 41 530 836 565; baseline 0 -7"><span class='ocrx_word' id='word_1_67' title='bbox 41 536 67 559; x_wconf 91' lang='lat' dir='ltr'><strong>et</strong></span> <span class='ocrx_word' id='word_1_68' title='bbox 82 532 123 565; x_wconf 84' lang='lat' dir='ltr'><strong>qui</strong></span> <span class='ocrx_word' id='word_1_69' title='bbox 139 530 240 558; x_wconf 89' lang='lat' dir='ltr'><strong>suntin</strong></span> <span class='ocrx_word' id='word_1_70' title='bbox 253 530 378 565; x_wconf 80' lang='lat' dir='ltr'><strong>operibus</strong></span> <span class='ocrx_word' id='word_1_71' title='bbox 389 531 478 558; x_wconf 88' lang='lat' dir='ltr'><strong>mundi</strong></span> <span class='ocrx_word' id='word_1_72' title='bbox 495 530 585 565; x_wconf 83' lang='lat' dir='ltr'><strong>hujus,</strong></span> <span class='ocrx_word' id='word_1_73' title='bbox 602 530 629 558; x_wconf 89' lang='lat' dir='ltr'><strong>iu</strong></span> <span class='ocrx_word' id='word_1_74' title='bbox 644 538 697 565; x_wconf 88' lang='lat' dir='ltr'><strong>quo</strong></span> <span class='ocrx_word' id='word_1_75' title='bbox 708 530 765 564; x_wconf 83' lang='lat' dir='ltr'><strong>ipsa</strong></span> <span class='ocrx_word' id='word_1_76' title='bbox 777 530 836 558; x_wconf 84' lang='lat' dir='ltr'><strong>ele-</strong></span> 
     </span>
     <span class='ocr_line' id='line_1_28' title="bbox 45 577 305 609; baseline 0 -5"><span class='ocrx_word' id='word_1_77' title='bbox 45 583 131 609; x_wconf 82' lang='lat' dir='ltr'><strong>menta</strong></span> <span class='ocrx_word' id='word_1_78' title='bbox 147 577 305 605; x_wconf 79' lang='lat' dir='ltr'><strong>subsistunt.</strong></span> 
     </span>
    </p>

    <p class='ocr_par' dir='ltr' id='par_1_5' title="bbox 279 622 595 695">
     <span class='ocr_line' id='line_1_29' title="bbox 327 622 549 650; baseline 0.009 -2"><span class='ocrx_word' id='word_1_79' title='bbox 327 622 440 650; x_wconf 79' lang='lat' dir='ltr'>CAPUT</span> <span class='ocrx_word' id='word_1_80' title='bbox 467 622 549 650; x_wconf 78' lang='lat' dir='ltr'><strong>xxtt.</strong></span> 
     </span>
     <span class='ocr_line' id='line_1_30' title="bbox 279 668 595 695; baseline -0.003 0"><span class='ocrx_word' id='word_1_81' title='bbox 279 668 317 695; x_wconf 84' lang='lat' dir='ltr'><strong>De</strong></span> <span class='ocrx_word' id='word_1_82' title='bbox 333 669 468 695; x_wconf 81' lang='lat' dir='ltr'><strong>tricenario</strong></span> <span class='ocrx_word' id='word_1_83' title='bbox 480 676 595 695; x_wconf 84' lang='lat' dir='ltr'><strong>numero.</strong></span> 
     </span>
    </p>

    <p class='ocr_par' dir='ltr' id='par_1_6' title="bbox 43 712 840 841">
     <span class='ocr_line' id='line_1_31' title="bbox 78 712 840 742; baseline -0.001 -1"><span class='ocrx_word' id='word_1_84' title='bbox 78 715 122 742; x_wconf 81' lang='lat' dir='ltr'><strong>9t.</strong></span> <span class='ocrx_word' id='word_1_85' title='bbox 146 714 311 741; x_wconf 75' lang='lat' dir='ltr'><strong>Tricenarius</strong></span> <span class='ocrx_word' id='word_1_86' title='bbox 337 721 466 740; x_wconf 88' lang='lat' dir='ltr'><strong>numerus</strong></span> <span class='ocrx_word' id='word_1_87' title='bbox 488 721 520 740; x_wconf 82' lang='lat' dir='ltr'><strong>cx</strong></span> <span class='ocrx_word' id='word_1_88' title='bbox 544 713 656 741; x_wconf 77' lang='lat' dir='ltr'><strong>denario</strong></span> <span class='ocrx_word' id='word_1_89' title='bbox 680 712 840 740; x_wconf 76' lang='lat' dir='ltr'><strong>triformiter</strong></span> 
     </span>
     <span class='ocr_line' id='line_1_32' title="bbox 43 760 840 796; baseline -0.001 -9"><span class='ocrx_word' id='word_1_90' title='bbox 43 761 128 796; x_wconf 74' lang='lat' dir='ltr'><strong>posito</strong></span> <span class='ocrx_word' id='word_1_91' title='bbox 141 766 351 788; x_wconf 86' lang='lat' dir='ltr'><strong>consummatur.</strong></span> <span class='ocrx_word' id='word_1_92' title='bbox 379 760 463 788; x_wconf 64' lang='lat' dir='ltr'><strong>Habet</strong></span> <span class='ocrx_word' id='word_1_93' title='bbox 483 761 552 789; x_wconf 69' lang='lat' dir='ltr'><strong>enin)</strong></span> <span class='ocrx_word' id='word_1_94' title='bbox 569 760 706 787; x_wconf 87' lang='lat' dir='ltr'><strong>denarium</strong></span> <span class='ocrx_word' id='word_1_95' title='bbox 723 765 762 787; x_wconf 80' lang='lat' dir='ltr'><strong>tcr</strong></span> <span class='ocrx_word' id='word_1_96' title='bbox 779 767 840 794; x_wconf 92' lang='lat' dir='ltr'><strong>pro-</strong></span> 
     </span>
     <span class='ocr_line' id='line_1_33' title="bbox 45 806 840 841; baseline -0.001 -8"><span class='ocrx_word' id='word_1_97' title='bbox 45 812 100 840; x_wconf 63' lang='lat' dir='ltr'><strong>pter</strong></span> <span class='ocrx_word' id='word_1_98' title='bbox 127 806 243 839; x_wconf 84' lang='lat' dir='ltr'><strong>Patrem,</strong></span> <span class='ocrx_word' id='word_1_99' title='bbox 272 811 298 834; x_wconf 85' lang='lat' dir='ltr'><strong>ct</strong></span> <span class='ocrx_word' id='word_1_100' title='bbox 321 806 427 838; x_wconf 74' lang='lat' dir='ltr'><strong>Filium,</strong></span> <span class='ocrx_word' id='word_1_101' title='bbox 453 811 480 834; x_wconf 87' lang='lat' dir='ltr'><strong>et</strong></span> <span class='ocrx_word' id='word_1_102' title='bbox 504 806 632 841; x_wconf 86' lang='lat' dir='ltr'><strong>Spiritum</strong></span> <span class='ocrx_word' id='word_1_103' title='bbox 656 810 791 839; x_wconf 85' lang='lat' dir='ltr'><strong>sanctum,</strong></span> <span class='ocrx_word' id='word_1_104' title='bbox 813 811 840 832; x_wconf 86' lang='lat' dir='ltr'><strong>et</strong></span> 
     </span>
    </p>
   </div>
   <div class='ocr_carea' id='block_1_4' title="bbox 43 895 855 2408">
    <p class='ocr_par' dir='ltr' id='par_1_7' title="bbox 43 895 841 1070">
     <span class='ocr_line' id='line_1_34' title="bbox 46 895 838 926; baseline 0.003 -3"><span class='ocrx_word' id='word_1_105' title='bbox 46 895 105 923; x_wconf 84' lang='lat' dir='ltr'><strong>dem</strong></span> <span class='ocrx_word' id='word_1_106' title='bbox 122 896 259 923; x_wconf 81' lang='lat' dir='ltr'><strong>Trinitatis</strong></span> <span class='ocrx_word' id='word_1_107' title='bbox 266 896 298 923; x_wconf 87' lang='lat' dir='ltr'><strong>ad</strong></span> <span class='ocrx_word' id='word_1_108' title='bbox 308 897 540 924; x_wconf 73' lang='lat' dir='ltr'><strong>conservationem</strong></span> <span class='ocrx_word' id='word_1_109' title='bbox 555 897 615 923; x_wconf 73' lang='lat' dir='ltr'><strong>vitm</strong></span> <span class='ocrx_word' id='word_1_110' title='bbox 628 904 755 924; x_wconf 85' lang='lat' dir='ltr'><strong>concessa</strong></span> <span class='ocrx_word' id='word_1_111' title='bbox 766 903 838 926; x_wconf 88' lang='lat' dir='ltr'><strong>sunt.</strong></span> 
     </span>
     <span class='ocr_line' id='line_1_35' title="bbox 43 943 840 979; baseline -0.001 -8"><span class='ocrx_word' id='word_1_112' title='bbox 43 943 110 971; x_wconf 82' lang='lat' dir='ltr'><strong>ilinc</strong></span> <span class='ocrx_word' id='word_1_113' title='bbox 125 949 164 970; x_wconf 83' lang='lat' dir='ltr'><strong>est</strong></span> <span class='ocrx_word' id='word_1_114' title='bbox 179 943 248 977; x_wconf 87' lang='lat' dir='ltr'><strong>qnod</strong></span> <span class='ocrx_word' id='word_1_115' title='bbox 265 951 334 970; x_wconf 85' lang='lat' dir='ltr'><strong>arcae</strong></span> <span class='ocrx_word' id='word_1_116' title='bbox 354 944 467 970; x_wconf 81' lang='lat' dir='ltr'><strong>altitudo</strong></span> <span class='ocrx_word' id='word_1_117' title='bbox 494 945 600 979; x_wconf 79' lang='lat' dir='ltr'><strong>triginta</strong></span> <span class='ocrx_word' id='word_1_118' title='bbox 613 944 708 971; x_wconf 88' lang='lat' dir='ltr'><strong>cubitis</strong></span> <span class='ocrx_word' id='word_1_119' title='bbox 720 944 840 978; x_wconf 81' lang='lat' dir='ltr'><strong>erigitur,</strong></span> 
     </span>
     <span class='ocr_line' id='line_1_36' title="bbox 44 989 841 1024; baseline 0.003 -9"><span class='ocrx_word' id='word_1_120' title='bbox 44 991 103 1024; x_wconf 81' lang='lat' dir='ltr'><strong>quia</strong></span> <span class='ocrx_word' id='word_1_121' title='bbox 123 989 239 1016; x_wconf 76' lang='lat' dir='ltr'><strong>Ecclesia</strong></span> <span class='ocrx_word' id='word_1_122' title='bbox 252 989 375 1024; x_wconf 84' lang='lat' dir='ltr'><strong>Decalogi</strong></span> <span class='ocrx_word' id='word_1_123' title='bbox 393 990 517 1017; x_wconf 77' lang='lat' dir='ltr'><strong>mandato</strong></span> <span class='ocrx_word' id='word_1_124' title='bbox 533 990 584 1017; x_wconf 81' lang='lat' dir='ltr'><strong>tide</strong></span> <span class='ocrx_word' id='word_1_125' title='bbox 606 990 744 1017; x_wconf 77' lang='lat' dir='ltr'><strong>Trinitatis</strong></span> <span class='ocrx_word' id='word_1_126' title='bbox 760 991 841 1024; x_wconf 84' lang='lat' dir='ltr'><strong>perst-</strong></span> 
     </span>
     <span class='ocr_line' id='line_1_37' title="bbox 47 1035 841 1070; baseline 0.001 -8"><span class='ocrx_word' id='word_1_127' title='bbox 47 1036 123 1067; x_wconf 83' lang='lat' dir='ltr'><strong>eitnr,</strong></span> <span class='ocrx_word' id='word_1_128' title='bbox 139 1035 215 1069; x_wconf 80' lang='lat' dir='ltr'><strong>cnjus</strong></span> <span class='ocrx_word' id='word_1_129' title='bbox 230 1035 351 1069; x_wconf 87' lang='lat' dir='ltr'><strong>exempla</strong></span> <span class='ocrx_word' id='word_1_130' title='bbox 368 1035 392 1062; x_wconf 92' lang='lat' dir='ltr'><strong>iu</strong></span> <span class='ocrx_word' id='word_1_131' title='bbox 415 1035 560 1070; x_wconf 85' lang='lat' dir='ltr'><strong>Scripturis</strong></span> <span class='ocrx_word' id='word_1_132' title='bbox 583 1036 642 1062; x_wconf 82' lang='lat' dir='ltr'><strong>talia</strong></span> <span class='ocrx_word' id='word_1_133' title='bbox 660 1037 841 1070; x_wconf 82' lang='lat' dir='ltr'><strong>reperiuntur.</strong></span> 
     </span>
    </p>

    <p class='ocr_par' dir='ltr' id='par_1_8' title="bbox 47 1080 848 1390">
     <span class='ocr_line' id='line_1_38' title="bbox 81 1080 845 1116; baseline 0.005 -9"><span class='ocrx_word' id='word_1_134' title='bbox 81 1080 123 1107; x_wconf 72' lang='lat'><strong>953.</strong></span> <span class='ocrx_word' id='word_1_135' title='bbox 149 1080 175 1107; x_wconf 87' lang='lat' dir='ltr'><strong>ln</strong></span> <span class='ocrx_word' id='word_1_136' title='bbox 189 1081 316 1107; x_wconf 79' lang='lat' dir='ltr'><strong>Zacharia</strong></span> <span class='ocrx_word' id='word_1_137' title='bbox 332 1081 403 1108; x_wconf 88' lang='lat' dir='ltr'><strong>enim</strong></span> <span class='ocrx_word' id='word_1_138' title='bbox 420 1081 549 1109; x_wconf 83' lang='lat' dir='ltr'><strong>Dominus</strong></span> <span class='ocrx_word' id='word_1_139' title='bbox 573 1083 679 1116; x_wconf 83' lang='lat' dir='ltr'><strong>triginta</strong></span> <span class='ocrx_word' id='word_1_140' title='bbox 700 1088 845 1116; x_wconf 82' lang='lat' dir='ltr'><strong>argenteos</strong></span> 
     </span>
     <span class='ocr_line' id='line_1_39' title="bbox 47 1128 845 1164; baseline 0.003 -10"><span class='ocrx_word' id='word_1_141' title='bbox 47 1129 161 1162; x_wconf 74' lang='lat' dir='ltr'><strong>pretium</strong></span> <span class='ocrx_word' id='word_1_142' title='bbox 173 1135 227 1154; x_wconf 71' lang='lat' dir='ltr'><strong>snm</strong></span> <span class='ocrx_word' id='word_1_143' title='bbox 241 1129 334 1155; x_wconf 86' lang='lat' dir='ltr'><strong>mortis</strong></span> <span class='ocrx_word' id='word_1_144' title='bbox 350 1128 466 1162; x_wconf 84' lang='lat' dir='ltr'><strong>accepit,</strong></span> <span class='ocrx_word' id='word_1_145' title='bbox 476 1133 502 1154; x_wconf 88' lang='lat' dir='ltr'><strong>et</strong></span> <span class='ocrx_word' id='word_1_146' title='bbox 515 1129 540 1154; x_wconf 92' lang='lat' dir='ltr'><strong>in</strong></span> <span class='ocrx_word' id='word_1_147' title='bbox 553 1129 698 1164; x_wconf 82' lang='lat' dir='ltr'><strong>Evangelio</strong></span> <span class='ocrx_word' id='word_1_148' title='bbox 709 1128 845 1156; x_wconf 80' lang='lat' dir='ltr'><strong>Christum</strong></span> 
     </span>
     <span class='ocr_line' id='line_1_40' title="bbox 47 1172 846 1209; baseline 0.003 -9"><span class='ocrx_word' id='word_1_149' title='bbox 47 1173 130 1200; x_wconf 73' lang='lat' dir='ltr'><strong>Jntlns</strong></span> <span class='ocrx_word' id='word_1_150' title='bbox 157 1172 266 1199; x_wconf 81' lang='lat' dir='ltr'><strong>totidem</strong></span> <span class='ocrx_word' id='word_1_151' title='bbox 293 1173 429 1207; x_wconf 82' lang='lat' dir='ltr'><strong>argenteis</strong></span> <span class='ocrx_word' id='word_1_152' title='bbox 453 1174 626 1201; x_wconf 81' lang='lat' dir='ltr'><strong>venundavit.</strong></span> <span class='ocrx_word' id='word_1_153' title='bbox 653 1174 711 1208; x_wconf 87' lang='lat' dir='ltr'><strong>lpse</strong></span> <span class='ocrx_word' id='word_1_154' title='bbox 740 1182 846 1209; x_wconf 83' lang='lat' dir='ltr'><strong>quoque</strong></span> 
     </span>
     <span class='ocr_line' id='line_1_41' title="bbox 49 1217 845 1251; baseline 0.003 -6"><span class='ocrx_word' id='word_1_155' title='bbox 49 1217 178 1245; x_wconf 87' lang='lat' dir='ltr'><strong>Dominus</strong></span> <span class='ocrx_word' id='word_1_156' title='bbox 187 1223 213 1243; x_wconf 87' lang='lat' dir='ltr'><strong>ct</strong></span> <span class='ocrx_word' id='word_1_157' title='bbox 225 1218 347 1244; x_wconf 79' lang='lat' dir='ltr'><strong>Salvator</strong></span> <span class='ocrx_word' id='word_1_158' title='bbox 359 1222 449 1245; x_wconf 84' lang='lat' dir='ltr'><strong>noster</strong></span> <span class='ocrx_word' id='word_1_159' title='bbox 460 1218 554 1251; x_wconf 86' lang='lat' dir='ltr'><strong>eadem</strong></span> <span class='ocrx_word' id='word_1_160' title='bbox 567 1223 644 1245; x_wconf 75' lang='lat' dir='ltr'><strong>:etate</strong></span> <span class='ocrx_word' id='word_1_161' title='bbox 660 1218 686 1245; x_wconf 93' lang='lat' dir='ltr'><strong>in</strong></span> <span class='ocrx_word' id='word_1_162' title='bbox 702 1219 845 1247; x_wconf 84' lang='lat' dir='ltr'><strong>Jordanent</strong></span> 
     </span>
     <span class='ocr_line' id='line_1_42' title="bbox 50 1262 847 1300; baseline 0.003 -10"><span class='ocrx_word' id='word_1_163' title='bbox 50 1263 196 1294; x_wconf 84' lang='lat' dir='ltr'><strong>descendit.</strong></span> <span class='ocrx_word' id='word_1_164' title='bbox 220 1268 246 1290; x_wconf 91' lang='lat' dir='ltr'><strong>et</strong></span> <span class='ocrx_word' id='word_1_165' title='bbox 261 1262 359 1289; x_wconf 83' lang='lat' dir='ltr'><strong>mundo</strong></span> <span class='ocrx_word' id='word_1_166' title='bbox 376 1262 549 1297; x_wconf 82' lang='lat' dir='ltr'><strong>Evangelium</strong></span> <span class='ocrx_word' id='word_1_167' title='bbox 571 1263 739 1299; x_wconf 70' lang='lat' dir='ltr'><strong>przcdicavit.</strong></span> <span class='ocrx_word' id='word_1_168' title='bbox 755 1265 847 1300; x_wconf 75' lang='lat' dir='ltr'><strong>Siqui-</strong></span> 
     </span>
     <span class='ocr_line' id='line_1_43' title="bbox 49 1309 848 1346; baseline 0.004 -10"><span class='ocrx_word' id='word_1_169' title='bbox 49 1309 110 1337; x_wconf 87' lang='lat' dir='ltr'><strong>dem</strong></span> <span class='ocrx_word' id='word_1_170' title='bbox 127 1314 153 1337; x_wconf 90' lang='lat' dir='ltr'><strong>et</strong></span> <span class='ocrx_word' id='word_1_171' title='bbox 171 1310 636 1344; x_wconf 76' lang='lat' dir='ltr'><strong>tricesimustructusconjngatorinn</strong></span> <span class='ocrx_word' id='word_1_172' title='bbox 649 1311 727 1338; x_wconf 74' lang='lat' dir='ltr'><strong>datur</strong></span> <span class='ocrx_word' id='word_1_173' title='bbox 740 1316 848 1346; x_wconf 85' lang='lat' dir='ltr'><strong>propter</strong></span> 
     </span>
     <span class='ocr_line' id='line_1_44' title="bbox 50 1355 679 1390; baseline -0.002 -7"><span class='ocrx_word' id='word_1_174' title='bbox 50 1356 137 1383; x_wconf 84' lang='lat' dir='ltr'><strong>carnis</strong></span> <span class='ocrx_word' id='word_1_175' title='bbox 152 1355 316 1388; x_wconf 82' lang='lat' dir='ltr'><strong>conflictum,</strong></span> <span class='ocrx_word' id='word_1_176' title='bbox 334 1363 366 1382; x_wconf 83' lang='lat' dir='ltr'><strong>ne</strong></span> <span class='ocrx_word' id='word_1_177' title='bbox 382 1355 492 1382; x_wconf 78' lang='lat' dir='ltr'><strong>libidine</strong></span> <span class='ocrx_word' id='word_1_178' title='bbox 506 1361 679 1390; x_wconf 79' lang='lat' dir='ltr'><strong>superentur.</strong></span> 
     </span>
    </p>

    <p class='ocr_par' dir='ltr' id='par_1_9' title="bbox 50 1402 850 1574">
     <span class='ocr_line' id='line_1_45' title="bbox 85 1402 849 1437; baseline 0.003 -8"><span class='ocrx_word' id='word_1_179' title='bbox 85 1403 129 1429; x_wconf 87' lang='grc'><strong>96.</strong></span> <span class='ocrx_word' id='word_1_180' title='bbox 151 1403 255 1430; x_wconf 80' lang='lat' dir='ltr'><strong>Menses</strong></span> <span class='ocrx_word' id='word_1_181' title='bbox 270 1410 375 1437; x_wconf 85' lang='lat' dir='ltr'><strong>quoqne</strong></span> <span class='ocrx_word' id='word_1_182' title='bbox 387 1402 495 1429; x_wconf 87' lang='lat' dir='ltr'><strong>tricenis</strong></span> <span class='ocrx_word' id='word_1_183' title='bbox 512 1403 605 1430; x_wconf 86' lang='lat' dir='ltr'><strong>diebus</strong></span> <span class='ocrx_word' id='word_1_184' title='bbox 620 1403 782 1436; x_wconf 85' lang='lat' dir='ltr'><strong>consistunt;</strong></span> <span class='ocrx_word' id='word_1_185' title='bbox 800 1404 849 1431; x_wconf 89' lang='lat' dir='ltr'><strong>ho·</strong></span> 
     </span>
     <span class='ocr_line' id='line_1_46' title="bbox 50 1447 849 1485; baseline 0 -9"><span class='ocrx_word' id='word_1_186' title='bbox 50 1457 138 1484; x_wconf 78' lang='lat' dir='ltr'><strong>raequc</strong></span> <span class='ocrx_word' id='word_1_187' title='bbox 148 1449 258 1476; x_wconf 85' lang='lat' dir='ltr'><strong>totidem</strong></span> <span class='ocrx_word' id='word_1_188' title='bbox 273 1447 355 1484; x_wconf 63' lang='grc'><strong>244,</strong></span> <span class='ocrx_word' id='word_1_189' title='bbox 369 1449 510 1475; x_wconf 87' lang='lat' dir='ltr'><strong>momentis</strong></span> <span class='ocrx_word' id='word_1_190' title='bbox 525 1448 713 1482; x_wconf 80' lang='lat' dir='ltr'><strong>coniiciuntur,</strong></span> <span class='ocrx_word' id='word_1_191' title='bbox 729 1454 808 1485; x_wconf 86' lang='lat' dir='ltr'><strong>atque</strong></span> <span class='ocrx_word' id='word_1_192' title='bbox 822 1450 849 1477; x_wconf 89' lang='lat' dir='ltr'><strong>in</strong></span> 
     </span>
     <span class='ocr_line' id='line_1_47' title="bbox 51 1495 850 1529; baseline 0.003 -8"><span class='ocrx_word' id='word_1_193' title='bbox 51 1495 168 1522; x_wconf 88' lang='lat' dir='ltr'><strong>omnium</strong></span> <span class='ocrx_word' id='word_1_194' title='bbox 192 1499 283 1521; x_wconf 77' lang='lat' dir='ltr'><strong>rerunt</strong></span> <span class='ocrx_word' id='word_1_195' title='bbox 307 1501 535 1528; x_wconf 84' lang='lat' dir='ltr'><strong>personarumque</strong></span> <span class='ocrx_word' id='word_1_196' title='bbox 567 1495 725 1529; x_wconf 84' lang='lat' dir='ltr'><strong>repetitione</strong></span> <span class='ocrx_word' id='word_1_197' title='bbox 752 1495 850 1523; x_wconf 87' lang='lat' dir='ltr'><strong>tricen-</strong></span> 
     </span>
     <span class='ocr_line' id='line_1_48' title="bbox 50 1538 594 1574; baseline -0.002 -7"><span class='ocrx_word' id='word_1_198' title='bbox 50 1541 122 1567; x_wconf 85' lang='lat' dir='ltr'><strong>nalis</strong></span> <span class='ocrx_word' id='word_1_199' title='bbox 136 1547 265 1567; x_wconf 87' lang='lat' dir='ltr'><strong>annorum</strong></span> <span class='ocrx_word' id='word_1_200' title='bbox 281 1539 397 1574; x_wconf 73' lang='lat' dir='ltr'><strong>obiectio</strong></span> <span class='ocrx_word' id='word_1_201' title='bbox 411 1540 492 1566; x_wconf 85' lang='lat' dir='ltr'><strong>linem</strong></span> <span class='ocrx_word' id='word_1_202' title='bbox 510 1538 594 1573; x_wconf 84' lang='lat' dir='ltr'><strong>ponit.</strong></span> 
     </span>
    </p>

    <p class='ocr_par' dir='ltr' id='par_1_10' title="bbox 198 1584 648 1667">
     <span class='ocr_line' id='line_1_49' title="bbox 330 1584 559 1611; baseline 0 0"><span class='ocrx_word' id='word_1_203' title='bbox 330 1584 444 1611; x_wconf 76' lang='lat' dir='ltr'>CAPUT</span> <span class='ocrx_word' id='word_1_204' title='bbox 465 1584 559 1611; x_wconf 88' lang='lat' dir='ltr'><strong>xxttt.</strong></span> 
     </span>
     <span class='ocr_line' id='line_1_50' title="bbox 198 1630 648 1667; baseline 0 -11"><span class='ocrx_word' id='word_1_205' title='bbox 198 1662 209 1667; x_wconf 67' lang='lat'><strong>-</strong></span> <span class='ocrx_word' id='word_1_206' title='bbox 247 1630 286 1656; x_wconf 87' lang='lat' dir='ltr'><strong>De</strong></span> <span class='ocrx_word' id='word_1_207' title='bbox 304 1630 511 1666; x_wconf 69' lang='lat' dir='ltr'><strong>wadraqenario</strong></span> <span class='ocrx_word' id='word_1_208' title='bbox 532 1638 648 1657; x_wconf 83' lang='lat' dir='ltr'><strong>numero.</strong></span> 
     </span>
    </p>

    <p class='ocr_par' dir='ltr' id='par_1_11' title="bbox 51 1677 852 2171">
     <span class='ocr_line' id='line_1_51' title="bbox 87 1677 846 1712; baseline 0.003 -8"><span class='ocrx_word' id='word_1_209' title='bbox 87 1677 132 1705; x_wconf 82' lang='grc'><strong>97.</strong></span> <span class='ocrx_word' id='word_1_210' title='bbox 155 1677 383 1712; x_wconf 77' lang='lat' dir='ltr'><strong>Quadraqenarius</strong></span> <span class='ocrx_word' id='word_1_211' title='bbox 396 1684 522 1704; x_wconf 89' lang='lat' dir='ltr'><strong>numerus</strong></span> <span class='ocrx_word' id='word_1_212' title='bbox 539 1677 731 1712; x_wconf 83' lang='lat' dir='ltr'><strong>plenitudinem</strong></span> <span class='ocrx_word' id='word_1_213' title='bbox 747 1678 846 1707; x_wconf 85' lang='lat' dir='ltr'><strong>indicat</strong></span> 
     </span>
     <span class='ocr_line' id='line_1_52' title="bbox 51 1723 848 1761; baseline 0.004 -11"><span class='ocrx_word' id='word_1_214' title='bbox 51 1725 213 1759; x_wconf 80' lang='lat' dir='ltr'><strong>temporum,</strong></span> <span class='ocrx_word' id='word_1_215' title='bbox 229 1728 354 1758; x_wconf 81' lang='lat' dir='ltr'><strong>tanquam</strong></span> <span class='ocrx_word' id='word_1_216' title='bbox 370 1731 402 1751; x_wconf 92' lang='lat' dir='ltr'><strong>eo</strong></span> <span class='ocrx_word' id='word_1_217' title='bbox 415 1723 513 1750; x_wconf 83' lang='lat' dir='ltr'><strong>saecula</strong></span> <span class='ocrx_word' id='word_1_218' title='bbox 524 1728 755 1758; x_wconf 73' lang='lat' dir='ltr'><strong>consummantur,</strong></span> <span class='ocrx_word' id='word_1_219' title='bbox 771 1726 848 1761; x_wconf 78' lang='lat' dir='ltr'><strong>cnjus</strong></span> 
     </span>
     <span class='ocr_line' id='line_1_53' title="bbox 54 1770 849 1806; baseline 0.004 -9"><span class='ocrx_word' id='word_1_220' title='bbox 54 1770 156 1797; x_wconf 88' lang='lat' dir='ltr'><strong>numeri</strong></span> <span class='ocrx_word' id='word_1_221' title='bbox 174 1775 235 1804; x_wconf 79' lang='lat' dir='ltr'><strong>typo</strong></span> <span class='ocrx_word' id='word_1_222' title='bbox 247 1774 273 1796; x_wconf 91' lang='lat' dir='ltr'><strong>et</strong></span> <span class='ocrx_word' id='word_1_223' title='bbox 283 1770 337 1803; x_wconf 85' lang='lat' dir='ltr'><strong>lex,</strong></span> <span class='ocrx_word' id='word_1_224' title='bbox 348 1774 374 1797; x_wconf 91' lang='lat' dir='ltr'><strong>et</strong></span> <span class='ocrx_word' id='word_1_225' title='bbox 386 1770 533 1805; x_wconf 81' lang='lat' dir='ltr'><strong>prophetoe,</strong></span> <span class='ocrx_word' id='word_1_226' title='bbox 550 1775 575 1797; x_wconf 92' lang='lat' dir='ltr'><strong>et</strong></span> <span class='ocrx_word' id='word_1_227' title='bbox 590 1771 731 1806; x_wconf 84' lang='lat' dir='ltr'><strong>Evangelia</strong></span> <span class='ocrx_word' id='word_1_228' title='bbox 759 1781 849 1800; x_wconf 86' lang='lat' dir='ltr'><strong>mons-</strong></span> 
     </span>
     <span class='ocr_line' id='line_1_54' title="bbox 55 1814 849 1853; baseline 0.008 -12"><span class='ocrx_word' id='word_1_229' title='bbox 55 1819 170 1847; x_wconf 71' lang='lat' dir='ltr'><strong>trantur3</strong></span> <span class='ocrx_word' id='word_1_230' title='bbox 188 1814 364 1850; x_wconf 80' lang='lat' dir='ltr'><strong>quadragenis</strong></span> <span class='ocrx_word' id='word_1_231' title='bbox 373 1815 444 1842; x_wconf 89' lang='lat' dir='ltr'><strong>enim</strong></span> <span class='ocrx_word' id='word_1_232' title='bbox 453 1815 547 1843; x_wconf 90' lang='lat' dir='ltr'><strong>diebus</strong></span> <span class='ocrx_word' id='word_1_233' title='bbox 564 1816 679 1852; x_wconf 83' lang='lat' dir='ltr'><strong>Moyses,</strong></span> <span class='ocrx_word' id='word_1_234' title='bbox 692 1823 718 1845; x_wconf 91' lang='lat' dir='ltr'><strong>et</strong></span> <span class='ocrx_word' id='word_1_235' title='bbox 730 1818 814 1853; x_wconf 87' lang='lat' dir='ltr'><strong>Elias,</strong></span> <span class='ocrx_word' id='word_1_236' title='bbox 823 1825 849 1847; x_wconf 91' lang='lat' dir='ltr'><strong>et</strong></span> 
     </span>
     <span class='ocr_line' id='line_1_55' title="bbox 54 1861 850 1898; baseline 0.004 -10"><span class='ocrx_word' id='word_1_237' title='bbox 54 1861 182 1888; x_wconf 75' lang='lat' dir='ltr'><strong>Dominus</strong></span> <span class='ocrx_word' id='word_1_238' title='bbox 197 1861 388 1896; x_wconf 74' lang='lat' dir='ltr'><strong>jejunaverunt</strong></span> <span class='ocrx_word' id='word_1_239' title='bbox 400 1883 407 1895; x_wconf 93' lang='lat'>‚</span> <span class='ocrx_word' id='word_1_240' title='bbox 425 1861 575 1895; x_wconf 75' lang='lat' dir='ltr'><strong>praebentes</strong></span> <span class='ocrx_word' id='word_1_241' title='bbox 589 1863 665 1890; x_wconf 90' lang='lat' dir='ltr'><strong>nobis</strong></span> <span class='ocrx_word' id='word_1_242' title='bbox 677 1864 850 1898; x_wconf 76' lang='lat' dir='ltr'><strong>significatio-</strong></span> 
     </span>
     <span class='ocr_line' id='line_1_56' title="bbox 55 1906 850 1942; baseline 0.005 -8"><span class='ocrx_word' id='word_1_243' title='bbox 55 1915 126 1940; x_wconf 83' lang='lat' dir='ltr'><strong>nem,</strong></span> <span class='ocrx_word' id='word_1_244' title='bbox 141 1914 167 1934; x_wconf 86' lang='lat' dir='ltr'><strong>ut</strong></span> <span class='ocrx_word' id='word_1_245' title='bbox 177 1908 292 1942; x_wconf 89' lang='lat' dir='ltr'><strong>quaudiu</strong></span> <span class='ocrx_word' id='word_1_246' title='bbox 307 1906 333 1933; x_wconf 93' lang='lat' dir='ltr'><strong>in</strong></span> <span class='ocrx_word' id='word_1_247' title='bbox 346 1907 397 1934; x_wconf 88' lang='lat' dir='ltr'><strong>hoc</strong></span> <span class='ocrx_word' id='word_1_248' title='bbox 417 1907 516 1934; x_wconf 84' lang='lat' dir='ltr'><strong>saeculo</strong></span> <span class='ocrx_word' id='word_1_249' title='bbox 532 1909 712 1942; x_wconf 86' lang='lat' dir='ltr'><strong>consistimus,</strong></span> <span class='ocrx_word' id='word_1_250' title='bbox 725 1912 850 1939; x_wconf 80' lang='lat' dir='ltr'><strong>acunctis</strong></span> 
     </span>
     <span class='ocr_line' id='line_1_57' title="bbox 55 1952 851 1990; baseline 0.006 -11"><span class='ocrx_word' id='word_1_251' title='bbox 55 1952 191 1980; x_wconf 85' lang='lat' dir='ltr'><strong>illecebris</strong></span> <span class='ocrx_word' id='word_1_252' title='bbox 223 1953 372 1979; x_wconf 82' lang='lat' dir='ltr'><strong>carnalium</strong></span> <span class='ocrx_word' id='word_1_253' title='bbox 400 1952 525 1980; x_wconf 88' lang='lat' dir='ltr'><strong>vitiorum</strong></span> <span class='ocrx_word' id='word_1_254' title='bbox 560 1955 741 1990; x_wconf 88' lang='lat' dir='ltr'><strong>nosmetipsos</strong></span> <span class='ocrx_word' id='word_1_255' title='bbox 768 1957 851 1984; x_wconf 84' lang='lat' dir='ltr'><strong>absti-</strong></span> 
     </span>
     <span class='ocr_line' id='line_1_58' title="bbox 56 2000 852 2038; baseline 0.006 -13"><span class='ocrx_word' id='word_1_256' title='bbox 56 2003 320 2033; x_wconf 78' lang='lat' dir='ltr'><strong>neamus‚manentcs</strong></span> <span class='ocrx_word' id='word_1_257' title='bbox 331 2000 380 2026; x_wconf 89' lang='lat' dir='ltr'><strong>suh</strong></span> <span class='ocrx_word' id='word_1_258' title='bbox 391 2001 594 2028; x_wconf 88' lang='lat' dir='ltr'><strong>conservatione</strong></span> <span class='ocrx_word' id='word_1_259' title='bbox 601 2001 725 2038; x_wconf 79' lang='lat' dir='ltr'><strong>Decalogi</strong></span> <span class='ocrx_word' id='word_1_260' title='bbox 735 2011 852 2037; x_wconf 70' lang='lat' dir='ltr'><strong>prtecep-</strong></span> 
     </span>
     <span class='ocr_line' id='line_1_59' title="bbox 58 2045 852 2083; baseline 0.005 -11"><span class='ocrx_word' id='word_1_261' title='bbox 58 2049 162 2077; x_wconf 83' lang='lat' dir='ltr'><strong>torum.</strong></span> <span class='ocrx_word' id='word_1_262' title='bbox 186 2045 230 2079; x_wconf 87' lang='lat' dir='ltr'><strong>qui</strong></span> <span class='ocrx_word' id='word_1_263' title='bbox 253 2052 301 2078; x_wconf 90' lang='lat' dir='ltr'><strong>per</strong></span> <span class='ocrx_word' id='word_1_264' title='bbox 323 2045 403 2072; x_wconf 81' lang='lat' dir='ltr'><strong>iidem</strong></span> <span class='ocrx_word' id='word_1_265' title='bbox 419 2046 445 2072; x_wconf 89' lang='lat' dir='ltr'><strong>in</strong></span> <span class='ocrx_word' id='word_1_266' title='bbox 462 2051 575 2081; x_wconf 86' lang='lat' dir='ltr'><strong>quatuor</strong></span> <span class='ocrx_word' id='word_1_267' title='bbox 590 2048 680 2074; x_wconf 89' lang='lat' dir='ltr'><strong>mundi</strong></span> <span class='ocrx_word' id='word_1_268' title='bbox 697 2053 786 2083; x_wconf 83' lang='lat' dir='ltr'><strong>partes</strong></span> <span class='ocrx_word' id='word_1_269' title='bbox 802 2050 852 2076; x_wconf 81' lang='lat' dir='ltr'><strong>dis-</strong></span> 
     </span>
     <span class='ocr_line' id='line_1_60' title="bbox 57 2091 852 2130; baseline 0.009 -13"><span class='ocrx_word' id='word_1_270' title='bbox 57 2091 185 2122; x_wconf 78' lang='lat' dir='ltr'><strong>iunditnr,</strong></span> <span class='ocrx_word' id='word_1_271' title='bbox 210 2096 237 2117; x_wconf 91' lang='lat' dir='ltr'><strong>ut</strong></span> <span class='ocrx_word' id='word_1_272' title='bbox 260 2091 350 2118; x_wconf 85' lang='lat' dir='ltr'><strong>decies</strong></span> <span class='ocrx_word' id='word_1_273' title='bbox 375 2096 468 2126; x_wconf 83' lang='lat' dir='ltr'><strong>quater</strong></span> <span class='ocrx_word' id='word_1_274' title='bbox 493 2093 571 2121; x_wconf 87' lang='lat' dir='ltr'><strong>ducta</strong></span> <span class='ocrx_word' id='word_1_275' title='bbox 595 2095 767 2130; x_wconf 81' lang='lat' dir='ltr'><strong>quadraginta</strong></span> <span class='ocrx_word' id='word_1_276' title='bbox 795 2097 852 2124; x_wconf 87' lang='lat' dir='ltr'><strong>dies</strong></span> 
     </span>
     <span class='ocr_line' id='line_1_61' title="bbox 58 2136 230 2171; baseline -0.006 -7"><span class='ocrx_word' id='word_1_277' title='bbox 58 2136 230 2171; x_wconf 72' lang='lat' dir='ltr'><strong>impleantur.</strong></span> 
     </span>
    </p>

    <p class='ocr_par' dir='ltr' id='par_1_12' title="bbox 58 2182 855 2408">
     <span class='ocr_line' id='line_1_62' title="bbox 93 2182 852 2223; baseline 0.009 -13"><span class='ocrx_word' id='word_1_278' title='bbox 93 2182 138 2210; x_wconf 82' lang='grc'><strong>98.</strong></span> <span class='ocrx_word' id='word_1_279' title='bbox 160 2182 216 2210; x_wconf 87' lang='lat' dir='ltr'><strong>lloc</strong></span> <span class='ocrx_word' id='word_1_280' title='bbox 236 2182 456 2217; x_wconf 78' lang='lat' dir='ltr'><strong>significaverunt</strong></span> <span class='ocrx_word' id='word_1_281' title='bbox 478 2185 654 2220; x_wconf 82' lang='lat' dir='ltr'><strong>quadraginta</strong></span> <span class='ocrx_word' id='word_1_282' title='bbox 669 2187 727 2216; x_wconf 90' lang='lat' dir='ltr'><strong>dies</strong></span> <span class='ocrx_word' id='word_1_283' title='bbox 742 2189 852 2223; x_wconf 85' lang='lat' dir='ltr'><strong>diluvii,</strong></span> 
     </span>
     <span class='ocr_line' id='line_1_63' title="bbox 59 2229 851 2270; baseline 0.009 -15"><span class='ocrx_word' id='word_1_284' title='bbox 59 2229 190 2262; x_wconf 72' lang='lat' dir='ltr'><strong>procellas</strong></span> <span class='ocrx_word' id='word_1_285' title='bbox 205 2229 320 2262; x_wconf 76' lang='lat' dir='ltr'><strong>scilieet,</strong></span> <span class='ocrx_word' id='word_1_286' title='bbox 339 2234 367 2256; x_wconf 83' lang='lat' dir='ltr'><strong>et</strong></span> <span class='ocrx_word' id='word_1_287' title='bbox 383 2230 503 2258; x_wconf 86' lang='lat' dir='ltr'><strong>turbines</strong></span> <span class='ocrx_word' id='word_1_288' title='bbox 517 2231 607 2258; x_wconf 86' lang='lat' dir='ltr'><strong>saeeuli</strong></span> <span class='ocrx_word' id='word_1_289' title='bbox 624 2232 714 2268; x_wconf 73' lang='lat' dir='ltr'><strong>huJus,</strong></span> <span class='ocrx_word' id='word_1_290' title='bbox 730 2242 789 2269; x_wconf 70' lang='lat' dir='ltr'><strong>quae</strong></span> <span class='ocrx_word' id='word_1_291' title='bbox 805 2243 851 2270; x_wconf 89' lang='lat' dir='ltr'><strong>pa-</strong></span> 
     </span>
     <span class='ocr_line' id='line_1_64' title="bbox 58 2272 853 2312; baseline 0.011 -12"><span class='ocrx_word' id='word_1_292' title='bbox 58 2272 125 2300; x_wconf 86' lang='lat' dir='ltr'><strong>titur</strong></span> <span class='ocrx_word' id='word_1_293' title='bbox 138 2273 269 2301; x_wconf 80' lang='lat' dir='ltr'><strong>Ecclesia.</strong></span> <span class='ocrx_word' id='word_1_294' title='bbox 286 2274 341 2302; x_wconf 73' lang='lat' dir='ltr'><strong>tt==c</strong></span> <span class='ocrx_word' id='word_1_295' title='bbox 357 2275 435 2302; x_wconf 87' lang='lat' dir='ltr'><strong>etiam</strong></span> <span class='ocrx_word' id='word_1_296' title='bbox 452 2279 480 2303; x_wconf 87' lang='lat' dir='ltr'><strong>et</strong></span> <span class='ocrx_word' id='word_1_297' title='bbox 492 2277 664 2312; x_wconf 82' lang='lat' dir='ltr'><strong>quadraginta</strong></span> <span class='ocrx_word' id='word_1_298' title='bbox 678 2280 739 2307; x_wconf 82' lang='lat' dir='ltr'><strong>anni</strong></span> <span class='ocrx_word' id='word_1_299' title='bbox 755 2282 780 2308; x_wconf 93' lang='lat' dir='ltr'><strong>in</strong></span> <span class='ocrx_word' id='word_1_300' title='bbox 793 2289 853 2309; x_wconf 86' lang='lat' dir='ltr'><strong>ere-</strong></span> 
     </span>
     <span class='ocr_line' id='line_1_65' title="bbox 61 2320 855 2357; baseline 0.013 -11"><span class='ocrx_word' id='word_1_301' title='bbox 61 2326 116 2352; x_wconf 84' lang='lat' dir='ltr'><strong>mo.</strong></span> <span class='ocrx_word' id='word_1_302' title='bbox 143 2320 238 2354; x_wconf 83' lang='lat' dir='ltr'><strong>quihus</strong></span> <span class='ocrx_word' id='word_1_303' title='bbox 261 2320 426 2356; x_wconf 79' lang='lat' dir='ltr'><strong>significatur</strong></span> <span class='ocrx_word' id='word_1_304' title='bbox 450 2322 613 2351; x_wconf 89' lang='lat' dir='ltr'><strong>laboriosum</strong></span> <span class='ocrx_word' id='word_1_305' title='bbox 637 2332 686 2353; x_wconf 86' lang='lat' dir='ltr'><strong>nos</strong></span> <span class='ocrx_word' id='word_1_306' title='bbox 708 2326 735 2354; x_wconf 92' lang='lat' dir='ltr'><strong>in</strong></span> <span class='ocrx_word' id='word_1_307' title='bbox 756 2329 855 2357; x_wconf 81' lang='lat' dir='ltr'><strong>saeculo</strong></span> 
     </span>
     <span class='ocr_line' id='line_1_66' title="bbox 62 2364 854 2408; baseline 0.013 -16"><span class='ocrx_word' id='word_1_308' title='bbox 62 2364 159 2393; x_wconf 87' lang='lat' dir='ltr'><strong>hahere</strong></span> <span class='ocrx_word' id='word_1_309' title='bbox 173 2374 296 2399; x_wconf 79' lang='lat' dir='ltr'><strong>cursum,</strong></span> <span class='ocrx_word' id='word_1_310' title='bbox 315 2367 379 2395; x_wconf 84' lang='lat' dir='ltr'><strong>dum</strong></span> <span class='ocrx_word' id='word_1_311' title='bbox 399 2367 434 2395; x_wconf 81' lang='lat' dir='ltr'><strong>ad</strong></span> <span class='ocrx_word' id='word_1_312' title='bbox 448 2368 609 2402; x_wconf 83' lang='lat' dir='ltr'><strong>promissum</strong></span> <span class='ocrx_word' id='word_1_313' title='bbox 629 2371 748 2400; x_wconf 83' lang='lat' dir='ltr'><strong>coelestis</strong></span> <span class='ocrx_word' id='word_1_314' title='bbox 761 2375 854 2408; x_wconf 70' lang='lat' dir='ltr'><strong>pati-tas</strong></span> 
     </span>
    </p>
   </div>
   <div class='ocr_carea' id='block_1_5' title="bbox 66 2444 858 2728">
    <p class='ocr_par' dir='ltr' id='par_1_13' title="bbox 66 2444 855 2518">
     <span class='ocr_line' id='line_1_67' title="bbox 99 2444 855 2489; baseline 0.013 -17"><span class='ocrx_word' id='word_1_315' title='bbox 99 2444 144 2473; x_wconf 75' lang='lat'><strong>95.</strong></span> <span class='ocrx_word' id='word_1_316' title='bbox 164 2445 306 2488; x_wconf 32' lang='lat' dir='ltr'><strong>Samni-tes²</strong></span> <span class='ocrx_word' id='word_1_317' title='bbox 317 2452 342 2475; x_wconf 78' lang='lat' dir='ltr'><strong>et</strong></span> <span class='ocrx_word' id='word_1_318' title='bbox 355 2452 476 2483; x_wconf 78' lang='lat' dir='ltr'><strong>quatuor.</strong></span> <span class='ocrx_word' id='word_1_319' title='bbox 490 2453 542 2476; x_wconf 87' lang='lat' dir='ltr'><strong>etc.</strong></span> <span class='ocrx_word' id='word_1_320' title='bbox 557 2449 616 2477; x_wconf 90' lang='lat' dir='ltr'><strong>Non</strong></span> <span class='ocrx_word' id='word_1_321' title='bbox 628 2450 693 2478; x_wconf 88' lang='lat' dir='ltr'><strong>satis</strong></span> <span class='ocrx_word' id='word_1_322' title='bbox 706 2453 855 2489; x_wconf 84' lang='lat' dir='ltr'><strong>percipitur</strong></span> 
     </span>
     <span class='ocr_line' id='line_1_68' title="bbox 66 2480 601 2518; baseline 0.011 -12"><span class='ocrx_word' id='word_1_323' title='bbox 66 2487 171 2510; x_wconf 82' lang='lat' dir='ltr'><strong>sensus.</strong></span> <span class='ocrx_word' id='word_1_324' title='bbox 187 2480 214 2508; x_wconf 77' lang='lat' dir='ltr'><strong>e&#39;t</strong></span> <span class='ocrx_word' id='word_1_325' title='bbox 229 2482 337 2517; x_wconf 79' lang='lat' dir='ltr'><strong>ahquid,</strong></span> <span class='ocrx_word' id='word_1_326' title='bbox 353 2484 498 2518; x_wconf 71' lang='lat' dir='ltr'><strong>mopinot,</strong></span> <span class='ocrx_word' id='word_1_327' title='bbox 516 2484 601 2512; x_wconf 82' lang='lat' dir='ltr'><strong>deest.</strong></span> 
     </span>
    </p>

    <p class='ocr_par' dir='ltr' id='par_1_14' title="bbox 101 2515 733 2554">
     <span class='ocr_line' id='line_1_69' title="bbox 101 2515 733 2554; baseline 0.013 -13"><span class='ocrx_word' id='word_1_328' title='bbox 101 2515 146 2542; x_wconf 76' lang='lat'><strong>95.</strong></span> <span class='ocrx_word' id='word_1_329' title='bbox 168 2515 284 2542; x_wconf 85' lang='lat' dir='ltr'><strong>isidorus</strong></span> <span class='ocrx_word' id='word_1_330' title='bbox 299 2516 412 2545; x_wconf 77' lang='lat' dir='ltr'><strong>tortasse</strong></span> <span class='ocrx_word' id='word_1_331' title='bbox 427 2520 544 2554; x_wconf 82' lang='lat' dir='ltr'><strong>scripsit,</strong></span> <span class='ocrx_word' id='word_1_332' title='bbox 560 2522 733 2549; x_wconf 76' lang='lat' dir='ltr'><strong>venumdedit.</strong></span> 
     </span>
    </p>

    <p class='ocr_par' dir='ltr' id='par_1_15' title="bbox 66 2549 856 2728">
     <span class='ocr_line' id='line_1_70' title="bbox 101 2549 855 2590; baseline 0.013 -12"><span class='ocrx_word' id='word_1_333' title='bbox 101 2551 147 2578; x_wconf 84' lang='grc'><strong>96.</strong></span> <span class='ocrx_word' id='word_1_334' title='bbox 168 2549 326 2578; x_wconf 65' lang='lat' dir='ltr'><strong>nannenten:</strong></span> <span class='ocrx_word' id='word_1_335' title='bbox 348 2559 396 2586; x_wconf 80' lang='lat' dir='ltr'><strong>pro</strong></span> <span class='ocrx_word' id='word_1_336' title='bbox 415 2553 511 2586; x_wconf 70' lang='lat' dir='ltr'><strong>exiguo</strong></span> <span class='ocrx_word' id='word_1_337' title='bbox 531 2557 659 2590; x_wconf 83' lang='lat' dir='ltr'><strong>temporis</strong></span> <span class='ocrx_word' id='word_1_338' title='bbox 672 2559 759 2590; x_wconf 75' lang='lat' dir='ltr'><strong>spatio</strong></span> <span class='ocrx_word' id='word_1_339' title='bbox 771 2561 855 2588; x_wconf 86' lang='lat' dir='ltr'><strong>sumi-</strong></span> 
     </span>
     <span class='ocr_line' id='line_1_71' title="bbox 67 2585 855 2629; baseline 0.015 -19"><span class='ocrx_word' id='word_1_340' title='bbox 67 2590 126 2618; x_wconf 68' lang='grc' dir='ltr'><strong>ιυνς</strong></span> <span class='ocrx_word' id='word_1_341' title='bbox 147 2585 194 2612; x_wconf 82' lang='lat' dir='ltr'><strong>sed</strong></span> <span class='ocrx_word' id='word_1_342' title='bbox 209 2586 279 2620; x_wconf 88' lang='lat' dir='ltr'><strong>quod</strong></span> <span class='ocrx_word' id='word_1_343' title='bbox 293 2586 366 2614; x_wconf 76' lang='lat' dir='ltr'><strong>horae</strong></span> <span class='ocrx_word' id='word_1_344' title='bbox 378 2587 560 2617; x_wconf 76' lang='lat' dir='ltr'><strong>dividerentur</strong></span> <span class='ocrx_word' id='word_1_345' title='bbox 578 2591 604 2618; x_wconf 89' lang='lat' dir='ltr'><strong>in</strong></span> <span class='ocrx_word' id='word_1_346' title='bbox 628 2592 735 2628; x_wconf 74' lang='lat' dir='ltr'><strong>triginta</strong></span> <span class='ocrx_word' id='word_1_347' title='bbox 751 2599 855 2629; x_wconf 82' lang='lat' dir='ltr'><strong>partes,</strong></span> 
     </span>
     <span class='ocr_line' id='line_1_72' title="bbox 67 2625 856 2659; baseline 0.018 -15"><span class='ocrx_word' id='word_1_348' title='bbox 67 2628 127 2656; x_wconf 64' lang='lat' dir='ltr'><strong>quas</strong></span> <span class='ocrx_word' id='word_1_349' title='bbox 141 2625 270 2647; x_wconf 79' lang='lat' dir='ltr'><strong>momenta</strong></span> <span class='ocrx_word' id='word_1_350' title='bbox 288 2626 458 2655; x_wconf 80' lang='lat' dir='ltr'><strong>vocarentur,</strong></span> <span class='ocrx_word' id='word_1_351' title='bbox 473 2625 564 2652; x_wconf 85' lang='lat' dir='ltr'><strong>nescio</strong></span> <span class='ocrx_word' id='word_1_352' title='bbox 592 2633 626 2654; x_wconf 77' lang='lat' dir='ltr'><strong>an</strong></span> <span class='ocrx_word' id='word_1_353' title='bbox 641 2627 704 2655; x_wconf 82' lang='lat' dir='ltr'><strong>alibi</strong></span> <span class='ocrx_word' id='word_1_354' title='bbox 726 2630 778 2656; x_wconf 79' lang='lat' dir='ltr'><strong>scri</strong></span> <span class='ocrx_word' id='word_1_355' title='bbox 801 2634 856 2659; x_wconf 86' lang='lat' dir='ltr'><strong>tum</strong></span> 
     </span>
     <span class='ocr_line' id='line_1_73' title="bbox 66 2638 855 2728; baseline 0.013 -10"><span class='ocrx_word' id='word_1_356' title='bbox 66 2638 855 2728; x_wconf 47' lang='lat' dir='ltr'><strong>{assata-tstat„:retractassent{tta„5232”</strong></span> 
     </span>
    </p>

    <p class='ocr_par' dir='ltr' id='par_1_16' title="bbox 467 2711 858 2724">
     <span class='ocr_line' id='line_1_74' title="bbox 467 2711 858 2724; baseline 0.013 -7"><span class='ocrx_word' id='word_1_357' title='bbox 467 2711 477 2724; x_wconf 88' lang='lat'><strong>‚</strong></span> <span class='ocrx_word' id='word_1_358' title='bbox 845 2714 858 2722; x_wconf 91' lang='lat'><em>.</em></span> 
     </span>
    </p>
   </div>
   <div class='ocr_carea' id='block_1_6' title="bbox 52 2761 859 2874">
    <p class='ocr_par' dir='ltr' id='par_1_17' title="bbox 52 2761 859 2874">
     <span class='ocr_line' id='line_1_75' title="bbox 68 2761 859 2797; baseline 0.001 -7"><span class='ocrx_word' id='word_1_359' title='bbox 68 2769 96 2790; x_wconf 78' lang='lat' dir='ltr'><strong>e.</strong></span> <span class='ocrx_word' id='word_1_360' title='bbox 109 2761 138 2796; x_wconf 77' lang='lat'><strong>³,</strong></span> <span class='ocrx_word' id='word_1_361' title='bbox 149 2761 192 2789; x_wconf 84' lang='lat' dir='ltr'><strong>uhi</strong></span> <span class='ocrx_word' id='word_1_362' title='bbox 208 2766 351 2797; x_wconf 69' lang='lat' dir='ltr'><strong>usurpatur</strong></span> <span class='ocrx_word' id='word_1_363' title='bbox 363 2761 417 2789; x_wconf 82' lang='lat' dir='ltr'><strong>hoe</strong></span> <span class='ocrx_word' id='word_1_364' title='bbox 427 2762 515 2797; x_wconf 83' lang='lat' dir='ltr'><strong>ipsum</strong></span> <span class='ocrx_word' id='word_1_365' title='bbox 529 2762 640 2792; x_wconf 73' lang='lat' dir='ltr'><strong>verbum</strong></span> <span class='ocrx_word' id='word_1_366' title='bbox 651 2766 799 2796; x_wconf 74' lang='lat' dir='ltr'><strong>tricennalis</strong></span> <span class='ocrx_word' id='word_1_367' title='bbox 813 2769 859 2797; x_wconf 73' lang='lat' dir='ltr'><strong>ob-</strong></span> 
     </span>
     <span class='ocr_line' id='line_1_76' title="bbox 52 2796 857 2874; baseline 0.01 -49"><span class='ocrx_word' id='word_1_368' title='bbox 52 2796 154 2874; x_wconf 45' lang='lat' dir='ltr'><strong>&amp;a</strong></span> <span class='ocrx_word' id='word_1_369' title='bbox 167 2801 197 2826; x_wconf 84' lang='lat' dir='ltr'><strong>ut</strong></span> <span class='ocrx_word' id='word_1_370' title='bbox 208 2796 292 2825; x_wconf 83' lang='lat' dir='ltr'><strong>videri</strong></span> <span class='ocrx_word' id='word_1_371' title='bbox 314 2800 403 2833; x_wconf 81' lang='lat' dir='ltr'><strong>potest</strong></span> <span class='ocrx_word' id='word_1_372' title='bbox 415 2797 443 2825; x_wconf 88' lang='lat' dir='ltr'><strong>in</strong></span> <span class='ocrx_word' id='word_1_373' title='bbox 455 2797 573 2833; x_wconf 79' lang='lat' dir='ltr'><strong>append.</strong></span> <span class='ocrx_word' id='word_1_374' title='bbox 587 2797 605 2826; x_wconf 71' lang='grc' dir='ltr'><strong>Δ</strong></span> <span class='ocrx_word' id='word_1_375' title='bbox 616 2799 651 2828; x_wconf 77' lang='lat' dir='ltr'><strong>nd</strong></span> <span class='ocrx_word' id='word_1_376' title='bbox 666 2804 731 2830; x_wconf 81' lang='lat' dir='ltr'><strong>tom.</strong></span> <span class='ocrx_word' id='word_1_377' title='bbox 749 2801 782 2838; x_wconf 88' lang='lat' dir='ltr'><strong>tt,</strong></span> <span class='ocrx_word' id='word_1_378' title='bbox 796 2810 857 2840; x_wconf 70' lang='lat' dir='ltr'><strong>pag.</strong></span> 
     </span>
    </p>
   </div>
   <div class='ocr_carea' id='block_1_7' title="bbox 26 98 1686 199">
    <p class='ocr_par' dir='ltr' id='par_1_18' title="bbox 26 98 1686 199">
     <span class='ocr_line' id='line_1_77' title="bbox 315 98 1423 142; baseline -0.01 -5"><span class='ocrx_word' id='word_1_379' title='bbox 315 108 418 142; x_wconf 71' lang='lat' dir='ltr'><strong>ussit</strong></span> <span class='ocrx_word' id='word_1_380' title='bbox 436 104 657 136; x_wconf 72' lang='lat' dir='ltr'><strong>Nuuttttmttttt</strong></span> <span class='ocrx_word' id='word_1_381' title='bbox 676 101 736 139; x_wconf 80' lang='lat' dir='ltr'><strong>Qut</strong></span> <span class='ocrx_word' id='word_1_382' title='bbox 757 103 790 133; x_wconf 70' lang='lat' dir='ltr'><strong>tu</strong></span> <span class='ocrx_word' id='word_1_383' title='bbox 809 101 956 133; x_wconf 63' lang='lat' dir='ltr'><strong>ssscrts</strong></span> <span class='ocrx_word' id='word_1_384' title='bbox 974 100 1180 130; x_wconf 75' lang='lat' dir='ltr'><strong>sotttt’wttts</strong></span> <span class='ocrx_word' id='word_1_385' title='bbox 1199 98 1423 131; x_wconf 68' lang='lat' dir='ltr'><strong>OCCURRUHT.</strong></span> 
     </span>
     <span class='ocr_line' id='line_1_78' title="bbox 26 156 1686 199; baseline -0.005 -6"><span class='ocrx_word' id='word_1_386' title='bbox 26 175 85 195; x_wconf 75' lang='lat' dir='ltr'><strong>tnos</strong></span> <span class='ocrx_word' id='word_1_387' title='bbox 99 166 197 194; x_wconf 80' lang='lat' dir='ltr'><strong>dehere</strong></span> <span class='ocrx_word' id='word_1_388' title='bbox 210 165 236 193; x_wconf 88' lang='lat' dir='ltr'><strong>in</strong></span> <span class='ocrx_word' id='word_1_389' title='bbox 253 165 372 199; x_wconf 80' lang='lat' dir='ltr'><strong>Patrem,</strong></span> <span class='ocrx_word' id='word_1_390' title='bbox 386 168 414 191; x_wconf 85' lang='lat' dir='ltr'><strong>et</strong></span> <span class='ocrx_word' id='word_1_391' title='bbox 429 162 536 196; x_wconf 79' lang='lat' dir='ltr'><strong>Filium.</strong></span> <span class='ocrx_word' id='word_1_392' title='bbox 552 166 580 189; x_wconf 84' lang='lat' dir='ltr'><strong>et</strong></span> <span class='ocrx_word' id='word_1_393' title='bbox 600 161 731 196; x_wconf 88' lang='lat' dir='ltr'><strong>Spiritum</strong></span> <span class='ocrx_word' id='word_1_394' title='bbox 753 167 831 187; x_wconf 84' lang='lat' dir='ltr'><strong>sanc.-</strong></span> <span class='ocrx_word' id='word_1_395' title='bbox 845 161 870 195; x_wconf 64' lang='lat' dir='ltr'>A</span> <span class='ocrx_word' id='word_1_396' title='bbox 886 159 1077 194; x_wconf 73' lang='lat' dir='ltr'><strong>praetendimus</strong></span> <span class='ocrx_word' id='word_1_397' title='bbox 1093 166 1213 193; x_wconf 82' lang='lat' dir='ltr'><strong>regnum.</strong></span> <span class='ocrx_word' id='word_1_398' title='bbox 1240 157 1306 185; x_wconf 83' lang='lat' dir='ltr'><strong>Nam</strong></span> <span class='ocrx_word' id='word_1_399' title='bbox 1323 157 1398 190; x_wconf 83' lang='lat' dir='ltr'><strong>illud,</strong></span> <span class='ocrx_word' id='word_1_400' title='bbox 1422 156 1493 192; x_wconf 89' lang='lat' dir='ltr'><strong>quod</strong></span> <span class='ocrx_word' id='word_1_401' title='bbox 1509 156 1686 192; x_wconf 77' lang='lat' dir='ltr'><strong>quadraginta</strong></span> 
     </span>
    </p>
   </div>
   <div class='ocr_carea' id='block_1_8' title="bbox 68 2725 863 2768">
    <p class='ocr_par' dir='ltr' id='par_1_19' title="bbox 68 2725 863 2768">
     <span class='ocr_line' id='line_1_79' title="bbox 68 2725 863 2768; baseline 0.01 -15"><span class='ocrx_word' id='word_1_402' title='bbox 68 2725 132 2754; x_wconf 80' lang='lat' dir='ltr'><strong>cilio</strong></span> <span class='ocrx_word' id='word_1_403' title='bbox 157 2725 309 2761; x_wconf 77' lang='lat' dir='ltr'><strong>tttspatensi</strong></span> <span class='ocrx_word' id='word_1_404' title='bbox 334 2733 368 2760; x_wconf 83' lang='grc' dir='ltr'>,ιι,</span> <span class='ocrx_word' id='word_1_405' title='bbox 396 2726 440 2754; x_wconf 83' lang='lat' dir='ltr'><strong>oui</strong></span> <span class='ocrx_word' id='word_1_406' title='bbox 464 2733 573 2756; x_wconf 70' lang='lat' dir='ltr'><strong>unctus</strong></span> <span class='ocrx_word' id='word_1_407' title='bbox 597 2729 713 2758; x_wconf 81' lang='lat' dir='ltr'><strong>isidorus</strong></span> <span class='ocrx_word' id='word_1_408' title='bbox 743 2734 863 2768; x_wconf 51' lang='lat' dir='ltr'><strong>matun„</strong></span> 
     </span>
    </p>
   </div>
   <div class='ocr_carea' id='block_1_9' title="bbox 1628 98 1685 127">
    <p class='ocr_par' dir='ltr' id='par_1_20' title="bbox 1628 98 1685 127">
     <span class='ocr_line' id='line_1_80' title="bbox 1628 98 1685 127; baseline -0.018 0"><span class='ocrx_word' id='word_1_409' title='bbox 1628 98 1685 127; x_wconf 66' lang='lat' dir='ltr'><strong>1⁴]ss</strong></span> 
     </span>
    </p>
   </div>
   <div class='ocr_carea' id='block_1_10' title="bbox 887 205 1720 836">
    <p class='ocr_par' dir='ltr' id='par_1_21' title="bbox 887 205 1690 382">
     <span class='ocr_line' id='line_1_81' title="bbox 887 205 1686 240; baseline -0.003 -7"><span class='ocrx_word' id='word_1_410' title='bbox 887 206 983 233; x_wconf 83' lang='lat' dir='ltr'><strong>diebus</strong></span> <span class='ocrx_word' id='word_1_411' title='bbox 999 206 1128 234; x_wconf 82' lang='lat' dir='ltr'><strong>Dominus</strong></span> <span class='ocrx_word' id='word_1_412' title='bbox 1145 210 1261 234; x_wconf 86' lang='lat' dir='ltr'><strong>tentatur</strong></span> <span class='ocrx_word' id='word_1_413' title='bbox 1277 207 1302 232; x_wconf 93' lang='lat' dir='ltr'><strong>in</strong></span> <span class='ocrx_word' id='word_1_414' title='bbox 1320 213 1421 239; x_wconf 87' lang='lat' dir='ltr'><strong>eremo,</strong></span> <span class='ocrx_word' id='word_1_415' title='bbox 1435 205 1460 233; x_wconf 91' lang='lat' dir='ltr'><strong>id</strong></span> <span class='ocrx_word' id='word_1_416' title='bbox 1477 205 1606 237; x_wconf 83' lang='lat' dir='ltr'><strong>declarat,</strong></span> <span class='ocrx_word' id='word_1_417' title='bbox 1622 205 1686 240; x_wconf 89' lang='lat' dir='ltr'><strong>quia</strong></span> 
     </span>
     <span class='ocr_line' id='line_1_82' title="bbox 887 252 1686 288; baseline -0.004 -8"><span class='ocrx_word' id='word_1_418' title='bbox 887 254 1004 288; x_wconf 71' lang='lat' dir='ltr'><strong>quandiu</strong></span> <span class='ocrx_word' id='word_1_419' title='bbox 1018 254 1043 280; x_wconf 94' lang='lat' dir='ltr'><strong>in</strong></span> <span class='ocrx_word' id='word_1_420' title='bbox 1056 253 1106 280; x_wconf 88' lang='lat' dir='ltr'><strong>hoe</strong></span> <span class='ocrx_word' id='word_1_421' title='bbox 1118 261 1230 288; x_wconf 83' lang='lat' dir='ltr'><strong>corpore</strong></span> <span class='ocrx_word' id='word_1_422' title='bbox 1244 260 1348 286; x_wconf 86' lang='lat' dir='ltr'><strong>sumus,</strong></span> <span class='ocrx_word' id='word_1_423' title='bbox 1362 252 1522 279; x_wconf 86' lang='lat' dir='ltr'><strong>tentationes</strong></span> <span class='ocrx_word' id='word_1_424' title='bbox 1538 257 1686 286; x_wconf 81' lang='lat' dir='ltr'><strong>portamus.</strong></span> 
     </span>
     <span class='ocr_line' id='line_1_83' title="bbox 888 298 1690 332; baseline -0.004 -6"><span class='ocrx_word' id='word_1_425' title='bbox 888 300 1006 326; x_wconf 78' lang='lat' dir='ltr'><strong>&#39;I&#39;entatt&#39;o</strong></span> <span class='ocrx_word' id='word_1_426' title='bbox 1022 305 1057 326; x_wconf 81' lang='lat' dir='ltr'><strong>est</strong></span> <span class='ocrx_word' id='word_1_427' title='bbox 1073 300 1140 326; x_wconf 83' lang='lat' dir='ltr'><strong>enim</strong></span> <span class='ocrx_word' id='word_1_428' title='bbox 1151 321 1159 332; x_wconf 94' lang='lat'>‚</span> <span class='ocrx_word' id='word_1_429' title='bbox 1177 304 1204 326; x_wconf 87' lang='lat' dir='ltr'><strong>ut</strong></span> <span class='ocrx_word' id='word_1_430' title='bbox 1217 301 1254 326; x_wconf 86' lang='lat' dir='ltr'><strong>ait</strong></span> <span class='ocrx_word' id='word_1_431' title='bbox 1269 298 1319 326; x_wconf 89' lang='lat' dir='ltr'><strong>Job</strong></span> <span class='ocrx_word' id='word_1_432' title='bbox 1329 319 1336 330; x_wconf 88' lang='lat'>‚</span> <span class='ocrx_word' id='word_1_433' title='bbox 1356 299 1408 325; x_wconf 78' lang='lat' dir='ltr'><strong>vita</strong></span> <span class='ocrx_word' id='word_1_434' title='bbox 1423 298 1535 324; x_wconf 80' lang='lat' dir='ltr'><strong>humana</strong></span> <span class='ocrx_word' id='word_1_435' title='bbox 1548 306 1625 332; x_wconf 75' lang='lat' dir='ltr'><strong>snper</strong></span> <span class='ocrx_word' id='word_1_436' title='bbox 1638 301 1690 324; x_wconf 85' lang='lat' dir='ltr'><strong>ter-</strong></span> 
     </span>
     <span class='ocr_line' id='line_1_84' title="bbox 888 346 1145 382; baseline 0 -10"><span class='ocrx_word' id='word_1_437' title='bbox 888 355 943 373; x_wconf 83' lang='lat' dir='ltr'><strong>ram</strong></span> <span class='ocrx_word' id='word_1_438' title='bbox 956 346 1028 382; x_wconf 78' lang='lat' dir='ltr'><strong>(Job.</strong></span> <span class='ocrx_word' id='word_1_439' title='bbox 1043 353 1091 378; x_wconf 83' lang='lat' dir='ltr'><strong>vtt,</strong></span> <span class='ocrx_word' id='word_1_440' title='bbox 1106 346 1145 380; x_wconf 89' lang='lat' dir='ltr'><strong>t).</strong></span> 
     </span>
    </p>

    <p class='ocr_par' dir='ltr' id='par_1_22' title="bbox 889 388 1720 607">
     <span class='ocr_line' id='line_1_85' title="bbox 924 388 1690 425; baseline -0.004 -6"><span class='ocrx_word' id='word_1_441' title='bbox 924 393 968 420; x_wconf 75' lang='lat'><strong>99.</strong></span> <span class='ocrx_word' id='word_1_442' title='bbox 991 393 1059 419; x_wconf 88' lang='lat' dir='ltr'><strong>ilinc</strong></span> <span class='ocrx_word' id='word_1_443' title='bbox 1081 395 1123 419; x_wconf 85' lang='lat' dir='ltr'><strong>est</strong></span> <span class='ocrx_word' id='word_1_444' title='bbox 1148 390 1218 425; x_wconf 91' lang='lat' dir='ltr'><strong>quod</strong></span> <span class='ocrx_word' id='word_1_445' title='bbox 1246 389 1371 416; x_wconf 79' lang='lat' dir='ltr'><strong>Ezechiel</strong></span> <span class='ocrx_word' id='word_1_446' title='bbox 1396 388 1572 424; x_wconf 82' lang='lat' dir='ltr'><strong>qnadraginta</strong></span> <span class='ocrx_word' id='word_1_447' title='bbox 1595 389 1690 416; x_wconf 84' lang='lat' dir='ltr'><strong>diebus</strong></span> 
     </span>
     <span class='ocr_line' id='line_1_86' title="bbox 889 434 1689 471; baseline -0.006 -5"><span class='ocrx_word' id='word_1_448' title='bbox 889 439 953 466; x_wconf 88' lang='lat' dir='ltr'><strong>sotis</strong></span> <span class='ocrx_word' id='word_1_449' title='bbox 980 441 1088 471; x_wconf 83' lang='lat' dir='ltr'><strong>peccata</strong></span> <span class='ocrx_word' id='word_1_450' title='bbox 1114 435 1216 462; x_wconf 73' lang='lat' dir='ltr'><strong>Juttaeae</strong></span> <span class='ocrx_word' id='word_1_451' title='bbox 1233 435 1424 469; x_wconf 85' lang='lat' dir='ltr'><strong>pronuntiavit,</strong></span> <span class='ocrx_word' id='word_1_452' title='bbox 1449 434 1511 468; x_wconf 86' lang='lat' dir='ltr'><strong>quia</strong></span> <span class='ocrx_word' id='word_1_453' title='bbox 1534 437 1637 460; x_wconf 83' lang='lat' dir='ltr'><strong>tantum</strong></span> <span class='ocrx_word' id='word_1_454' title='bbox 1663 434 1689 461; x_wconf 92' lang='lat' dir='ltr'><strong>in</strong></span> 
     </span>
     <span class='ocr_line' id='line_1_87' title="bbox 890 479 1692 514; baseline -0.005 -3"><span class='ocrx_word' id='word_1_455' title='bbox 890 484 941 511; x_wconf 92' lang='lat' dir='ltr'><strong>hoc</strong></span> <span class='ocrx_word' id='word_1_456' title='bbox 956 483 1058 510; x_wconf 92' lang='lat' dir='ltr'><strong>mundo</strong></span> <span class='ocrx_word' id='word_1_457' title='bbox 1074 483 1175 509; x_wconf 75' lang='lat' dir='ltr'><strong>licitum</strong></span> <span class='ocrx_word' id='word_1_458' title='bbox 1192 485 1232 508; x_wconf 87' lang='lat' dir='ltr'><strong>est</strong></span> <span class='ocrx_word' id='word_1_459' title='bbox 1246 481 1415 507; x_wconf 80' lang='lat' dir='ltr'><strong>remissionis</strong></span> <span class='ocrx_word' id='word_1_460' title='bbox 1430 480 1544 506; x_wconf 78' lang='lat' dir='ltr'><strong>fructum</strong></span> <span class='ocrx_word' id='word_1_461' title='bbox 1562 479 1692 514; x_wconf 79' lang='lat' dir='ltr'><strong>consequi</strong></span> 
     </span>
     <span class='ocr_line' id='line_1_88' title="bbox 890 526 1720 566; baseline -0.006 -9"><span class='ocrx_word' id='word_1_462' title='bbox 890 530 1084 565; x_wconf 84' lang='lat' dir='ltr'><strong>poenitentiam.</strong></span> <span class='ocrx_word' id='word_1_463' title='bbox 1103 528 1130 554; x_wconf 93' lang='lat' dir='ltr'><strong>ln</strong></span> <span class='ocrx_word' id='word_1_464' title='bbox 1143 527 1232 555; x_wconf 78' lang='lat' dir='ltr'><strong>futuro</strong></span> <span class='ocrx_word' id='word_1_465' title='bbox 1245 531 1334 554; x_wconf 80' lang='lat' dir='ltr'><strong>antem</strong></span> <span class='ocrx_word' id='word_1_466' title='bbox 1347 526 1412 553; x_wconf 88' lang='lat' dir='ltr'><strong>nihil</strong></span> <span class='ocrx_word' id='word_1_467' title='bbox 1425 531 1533 561; x_wconf 74' lang='lat' dir='ltr'><strong>proestat</strong></span> <span class='ocrx_word' id='word_1_468' title='bbox 1545 526 1691 560; x_wconf 82' lang='lat' dir='ltr'><strong>consessio,</strong></span> <span class='ocrx_word' id='word_1_469' title='bbox 1714 537 1720 566; x_wconf 50' lang='grc' dir='ltr'>ι</span> 
     </span>
     <span class='ocr_line' id='line_1_89' title="bbox 890 568 1720 607; baseline -0.005 -4"><span class='ocrx_word' id='word_1_470' title='bbox 890 575 937 604; x_wconf 88' lang='lat' dir='ltr'><strong>sed</strong></span> <span class='ocrx_word' id='word_1_471' title='bbox 952 575 1008 602; x_wconf 90' lang='lat' dir='ltr'><strong>sola</strong></span> <span class='ocrx_word' id='word_1_472' title='bbox 1025 579 1177 602; x_wconf 86' lang='lat' dir='ltr'><strong>sauctorum</strong></span> <span class='ocrx_word' id='word_1_473' title='bbox 1194 579 1220 601; x_wconf 89' lang='lat' dir='ltr'><strong>ct</strong></span> <span class='ocrx_word' id='word_1_474' title='bbox 1236 574 1340 607; x_wconf 86' lang='lat' dir='ltr'><strong>piorum</strong></span> <span class='ocrx_word' id='word_1_475' title='bbox 1364 573 1451 600; x_wconf 81' lang='lat' dir='ltr'><strong>sutura</strong></span> <span class='ocrx_word' id='word_1_476' title='bbox 1477 577 1517 600; x_wconf 84' lang='lat' dir='ltr'><strong>est</strong></span> <span class='ocrx_word' id='word_1_477' title='bbox 1537 572 1690 600; x_wconf 84' lang='lat' dir='ltr'><strong>retributio.</strong></span> <span class='ocrx_word' id='word_1_478' title='bbox 1714 568 1720 582; x_wconf 68' lang='lat'>³</span> 
     </span>
    </p>

    <p class='ocr_par' dir='ltr' id='par_1_23' title="bbox 1053 617 1532 698">
     <span class='ocr_line' id='line_1_90' title="bbox 1178 617 1409 645; baseline -0.004 0"><span class='ocrx_word' id='word_1_479' title='bbox 1178 618 1292 645; x_wconf 77' lang='lat' dir='ltr'>CAPUT</span> <span class='ocrx_word' id='word_1_480' title='bbox 1314 617 1409 644; x_wconf 77' lang='lat' dir='ltr'><strong>xxtv.</strong></span> 
     </span>
     <span class='ocr_line' id='line_1_91' title="bbox 1053 664 1532 698; baseline -0.004 -8"><span class='ocrx_word' id='word_1_481' title='bbox 1053 664 1092 691; x_wconf 81' lang='lat' dir='ltr'><strong>De</strong></span> <span class='ocrx_word' id='word_1_482' title='bbox 1107 664 1305 698; x_wconf 76' lang='lat' dir='ltr'><strong>qnadraqesimo</strong></span> <span class='ocrx_word' id='word_1_483' title='bbox 1319 668 1392 689; x_wconf 73' lang='lat' dir='ltr'><strong>sexto</strong></span> <span class='ocrx_word' id='word_1_484' title='bbox 1413 670 1532 689; x_wconf 81' lang='lat' dir='ltr'><strong>numero.</strong></span> 
     </span>
    </p>

    <p class='ocr_par' dir='ltr' id='par_1_24' title="bbox 893 709 1696 836">
     <span class='ocr_line' id='line_1_92' title="bbox 928 709 1696 747; baseline -0.003 -9"><span class='ocrx_word' id='word_1_485' title='bbox 928 712 1008 747; x_wconf 61' lang='lat'><strong>245</strong></span> <span class='ocrx_word' id='word_1_486' title='bbox 1029 711 1091 738; x_wconf 86' lang='grc'>100.</span> <span class='ocrx_word' id='word_1_487' title='bbox 1115 710 1309 745; x_wconf 64' lang='lat' dir='ltr'><strong>Quadraginta,</strong></span> <span class='ocrx_word' id='word_1_488' title='bbox 1339 709 1453 742; x_wconf 84' lang='lat' dir='ltr'><strong>scilicet,</strong></span> <span class='ocrx_word' id='word_1_489' title='bbox 1470 713 1497 736; x_wconf 90' lang='lat' dir='ltr'><strong>et</strong></span> <span class='ocrx_word' id='word_1_490' title='bbox 1511 717 1557 736; x_wconf 78' lang='lat' dir='ltr'><strong>seoe</strong></span> <span class='ocrx_word' id='word_1_491' title='bbox 1570 716 1696 736; x_wconf 88' lang='lat' dir='ltr'><strong>numero-</strong></span> 
     </span>
     <span class='ocr_line' id='line_1_93' title="bbox 893 754 1696 791; baseline -0.004 -6"><span class='ocrx_word' id='word_1_492' title='bbox 893 766 952 786; x_wconf 91' lang='lat' dir='ltr'><strong>rum</strong></span> <span class='ocrx_word' id='word_1_493' title='bbox 978 758 1046 784; x_wconf 91' lang='lat' dir='ltr'><strong>ratio</strong></span> <span class='ocrx_word' id='word_1_494' title='bbox 1070 757 1096 784; x_wconf 92' lang='lat' dir='ltr'><strong>iu</strong></span> <span class='ocrx_word' id='word_1_495' title='bbox 1113 756 1261 791; x_wconf 81' lang='lat' dir='ltr'><strong>Evangelio</strong></span> <span class='ocrx_word' id='word_1_496' title='bbox 1285 763 1333 791; x_wconf 91' lang='lat' dir='ltr'><strong>pro</strong></span> <span class='ocrx_word' id='word_1_497' title='bbox 1349 755 1449 790; x_wconf 85' lang='lat' dir='ltr'><strong>templo</strong></span> <span class='ocrx_word' id='word_1_498' title='bbox 1463 754 1627 788; x_wconf 59' lang='lat' dir='ltr'><strong>:edificatum</strong></span> <span class='ocrx_word' id='word_1_499' title='bbox 1651 755 1696 790; x_wconf 92' lang='lat' dir='ltr'><strong>qui</strong></span> 
     </span>
     <span class='ocr_line' id='line_1_94' title="bbox 894 802 1696 836; baseline -0.001 -6"><span class='ocrx_word' id='word_1_500' title='bbox 894 803 1012 831; x_wconf 80' lang='lat' dir='ltr'><strong>refertur</strong></span> <span class='ocrx_word' id='word_1_501' title='bbox 1023 803 1055 830; x_wconf 91' lang='lat' dir='ltr'><strong>ad</strong></span> <span class='ocrx_word' id='word_1_502' title='bbox 1068 802 1196 830; x_wconf 79' lang='lat' dir='ltr'><strong>fabricam</strong></span> <span class='ocrx_word' id='word_1_503' title='bbox 1209 802 1339 829; x_wconf 90' lang='lat' dir='ltr'><strong>dominici</strong></span> <span class='ocrx_word' id='word_1_504' title='bbox 1350 802 1482 836; x_wconf 77' lang='lat' dir='ltr'><strong>corporis,</strong></span> <span class='ocrx_word' id='word_1_505' title='bbox 1497 806 1606 836; x_wconf 86' lang='lat' dir='ltr'><strong>propter</strong></span> <span class='ocrx_word' id='word_1_506' title='bbox 1616 809 1696 835; x_wconf 82' lang='lat' dir='ltr'><strong>quam</strong></span> 
     </span>
    </p>
   </div>
   <div class='ocr_carea' id='block_1_11' title="bbox 43 847 1738 886">
    <p class='ocr_par' dir='ltr' id='par_1_25' title="bbox 43 847 1738 886">
     <span class='ocr_line' id='line_1_95' title="bbox 43 847 1738 886; baseline -0.002 -9"><span class='ocrx_word' id='word_1_507' title='bbox 43 856 152 886; x_wconf 77' lang='lat' dir='ltr'><strong>propter</strong></span> <span class='ocrx_word' id='word_1_508' title='bbox 166 851 257 878; x_wconf 88' lang='lat' dir='ltr'><strong>decem</strong></span> <span class='ocrx_word' id='word_1_509' title='bbox 274 855 406 885; x_wconf 74' lang='lat' dir='ltr'><strong>praecepta</strong></span> <span class='ocrx_word' id='word_1_510' title='bbox 422 850 498 884; x_wconf 81' lang='lat' dir='ltr'><strong>legis,</strong></span> <span class='ocrx_word' id='word_1_511' title='bbox 515 858 574 884; x_wconf 61' lang='lat' dir='ltr'><strong>quae</strong></span> <span class='ocrx_word' id='word_1_512' title='bbox 588 851 663 877; x_wconf 90' lang='lat' dir='ltr'><strong>nnbis</strong></span> <span class='ocrx_word' id='word_1_513' title='bbox 679 851 750 877; x_wconf 89' lang='lat' dir='ltr'><strong>dono</strong></span> <span class='ocrx_word' id='word_1_514' title='bbox 765 850 838 885; x_wconf 78' lang='lat' dir='ltr'><strong>ejus·</strong></span> <span class='ocrx_word' id='word_1_515' title='bbox 856 853 880 884; x_wconf 74' lang='grc' dir='ltr'><strong><em>Β</em></strong></span> <span class='ocrx_word' id='word_1_516' title='bbox 895 850 986 884; x_wconf 86' lang='lat' dir='ltr'><strong>templi</strong></span> <span class='ocrx_word' id='word_1_517' title='bbox 999 849 1103 876; x_wconf 85' lang='lat' dir='ltr'><strong>mentio</strong></span> <span class='ocrx_word' id='word_1_518' title='bbox 1115 849 1184 875; x_wconf 83' lang='lat' dir='ltr'><strong>tacta</strong></span> <span class='ocrx_word' id='word_1_519' title='bbox 1198 854 1254 880; x_wconf 64' lang='lat' dir='ltr'><strong>esu</strong></span> <span class='ocrx_word' id='word_1_520' title='bbox 1268 849 1292 874; x_wconf 92' lang='lat' dir='ltr'><strong>in</strong></span> <span class='ocrx_word' id='word_1_521' title='bbox 1307 847 1386 882; x_wconf 84' lang='lat' dir='ltr'><strong>cujus</strong></span> <span class='ocrx_word' id='word_1_522' title='bbox 1402 847 1514 882; x_wconf 79' lang='lat' dir='ltr'><strong>figuram</strong></span> <span class='ocrx_word' id='word_1_523' title='bbox 1531 847 1660 882; x_wconf 84' lang='lat' dir='ltr'><strong>templum</strong></span> <span class='ocrx_word' id='word_1_524' title='bbox 1681 855 1698 875; x_wconf 77' lang='lat' dir='ltr'><strong>a</strong></span> <span class='ocrx_word' id='word_1_525' title='bbox 1733 862 1738 868; x_wconf 89' lang='lat'>·</span> 
     </span>
    </p>
   </div>
   <div class='ocr_carea' id='block_1_12' title="bbox 867 893 1706 2407">
    <p class='ocr_par' dir='ltr' id='par_1_26' title="bbox 893 893 1700 1117">
     <span class='ocr_line' id='line_1_96' title="bbox 893 893 1696 923; baseline 0 0"><span class='ocrx_word' id='word_1_526' title='bbox 893 896 992 923; x_wconf 77' lang='lat' dir='ltr'><strong>Judaeis</strong></span> <span class='ocrx_word' id='word_1_527' title='bbox 1008 895 1175 922; x_wconf 87' lang='lat' dir='ltr'><strong>destructum</strong></span> <span class='ocrx_word' id='word_1_528' title='bbox 1189 894 1279 921; x_wconf 88' lang='lat' dir='ltr'><strong>triduo</strong></span> <span class='ocrx_word' id='word_1_529' title='bbox 1297 894 1444 921; x_wconf 84' lang='lat' dir='ltr'><strong>citaturum</strong></span> <span class='ocrx_word' id='word_1_530' title='bbox 1460 902 1490 921; x_wconf 88' lang='lat' dir='ltr'><strong>se</strong></span> <span class='ocrx_word' id='word_1_531' title='bbox 1504 901 1565 922; x_wconf 85' lang='lat' dir='ltr'><strong>esse</strong></span> <span class='ocrx_word' id='word_1_532' title='bbox 1579 893 1696 923; x_wconf 88' lang='lat' dir='ltr'><strong>dicebat.</strong></span> 
     </span>
     <span class='ocr_line' id='line_1_97' title="bbox 895 941 1700 977; baseline -0.002 -7"><span class='ocrx_word' id='word_1_533' title='bbox 895 944 1030 970; x_wconf 84' lang='lat' dir='ltr'><strong>Numerus</strong></span> <span class='ocrx_word' id='word_1_534' title='bbox 1049 943 1120 969; x_wconf 91' lang='lat' dir='ltr'><strong>enim</strong></span> <span class='ocrx_word' id='word_1_535' title='bbox 1137 943 1195 977; x_wconf 89' lang='lat' dir='ltr'><strong>ipse</strong></span> <span class='ocrx_word' id='word_1_536' title='bbox 1218 942 1341 969; x_wconf 89' lang='lat' dir='ltr'><strong>senarius</strong></span> <span class='ocrx_word' id='word_1_537' title='bbox 1366 941 1560 975; x_wconf 86' lang='lat' dir='ltr'><strong>multiplicatus</strong></span> <span class='ocrx_word' id='word_1_538' title='bbox 1584 948 1700 976; x_wconf 84' lang='lat' dir='ltr'><strong>concep-</strong></span> 
     </span>
     <span class='ocr_line' id='line_1_98' title="bbox 896 987 1697 1023; baseline -0.004 -7"><span class='ocrx_word' id='word_1_539' title='bbox 896 995 951 1016; x_wconf 92' lang='lat' dir='ltr'><strong>tum</strong></span> <span class='ocrx_word' id='word_1_540' title='bbox 973 988 1090 1023; x_wconf 83' lang='lat' dir='ltr'><strong>Virginis</strong></span> <span class='ocrx_word' id='word_1_541' title='bbox 1106 992 1133 1015; x_wconf 89' lang='lat' dir='ltr'><strong>et</strong></span> <span class='ocrx_word' id='word_1_542' title='bbox 1148 993 1255 1023; x_wconf 88' lang='lat' dir='ltr'><strong>partum</strong></span> <span class='ocrx_word' id='word_1_543' title='bbox 1272 987 1401 1015; x_wconf 86' lang='lat' dir='ltr'><strong>ostendit.</strong></span> <span class='ocrx_word' id='word_1_544' title='bbox 1419 988 1550 1014; x_wconf 83' lang='lat' dir='ltr'><strong>Dixerunt</strong></span> <span class='ocrx_word' id='word_1_545' title='bbox 1564 987 1634 1014; x_wconf 86' lang='lat' dir='ltr'><strong>enim</strong></span> <span class='ocrx_word' id='word_1_546' title='bbox 1649 987 1673 1014; x_wconf 94' lang='lat' dir='ltr'><strong>ei</strong></span> <span class='ocrx_word' id='word_1_547' title='bbox 1690 995 1697 1013; x_wconf 87' lang='lat'>:</span> 
     </span>
     <span class='ocr_line' id='line_1_99' title="bbox 898 1034 1699 1070; baseline -0.002 -8"><span class='ocrx_word' id='word_1_548' title='bbox 898 1035 1078 1070; x_wconf 67' lang='lat' dir='ltr'><strong>Quadraginta</strong></span> <span class='ocrx_word' id='word_1_549' title='bbox 1099 1040 1122 1061; x_wconf 87' lang='lat' dir='ltr'><strong>et</strong></span> <span class='ocrx_word' id='word_1_550' title='bbox 1151 1043 1196 1062; x_wconf 78' lang='lat' dir='ltr'><strong>sex</strong></span> <span class='ocrx_word' id='word_1_551' title='bbox 1224 1035 1300 1062; x_wconf 69' lang='lat' dir='ltr'><strong>unitis</strong></span> <span class='ocrx_word' id='word_1_552' title='bbox 1329 1035 1487 1069; x_wconf 68' lang='lat' dir='ltr'><strong>(edificatum</strong></span> <span class='ocrx_word' id='word_1_553' title='bbox 1515 1039 1551 1062; x_wconf 83' lang='lat' dir='ltr'><strong>est</strong></span> <span class='ocrx_word' id='word_1_554' title='bbox 1576 1034 1699 1069; x_wconf 80' lang='lat' dir='ltr'><strong>templum</strong></span> 
     </span>
     <span class='ocr_line' id='line_1_100' title="bbox 898 1081 1107 1117; baseline -0.01 -8"><span class='ocrx_word' id='word_1_555' title='bbox 898 1082 989 1117; x_wconf 77' lang='lat' dir='ltr'><strong>(Joan.</strong></span> <span class='ocrx_word' id='word_1_556' title='bbox 1004 1089 1034 1114; x_wconf 90' lang='lat' dir='ltr'><strong>tt,</strong></span> <span class='ocrx_word' id='word_1_557' title='bbox 1050 1081 1107 1115; x_wconf 74' lang='grc' dir='ltr'>ΞΟ).</span> 
     </span>
    </p>

    <p class='ocr_par' dir='ltr' id='par_1_27' title="bbox 899 1126 1703 1529">
     <span class='ocr_line' id='line_1_101' title="bbox 937 1126 1700 1162; baseline -0.004 -7"><span class='ocrx_word' id='word_1_558' title='bbox 937 1129 1002 1155; x_wconf 85' lang='lat' dir='ltr'><strong>tot.</strong></span> <span class='ocrx_word' id='word_1_559' title='bbox 1016 1128 1182 1162; x_wconf 81' lang='lat' dir='ltr'><strong>Quadragtes</strong></span> <span class='ocrx_word' id='word_1_560' title='bbox 1206 1126 1295 1154; x_wconf 85' lang='lat' dir='ltr'><strong>sexies</strong></span> <span class='ocrx_word' id='word_1_561' title='bbox 1315 1126 1374 1154; x_wconf 78' lang='lat' dir='ltr'><strong>seni</strong></span> <span class='ocrx_word' id='word_1_562' title='bbox 1391 1126 1456 1152; x_wconf 86' lang='lat' dir='ltr'><strong>iiunt</strong></span> <span class='ocrx_word' id='word_1_563' title='bbox 1467 1126 1575 1152; x_wconf 90' lang='lat' dir='ltr'><strong>ducenti</strong></span> <span class='ocrx_word' id='word_1_564' title='bbox 1589 1129 1700 1160; x_wconf 90' lang='lat' dir='ltr'><strong>septua-</strong></span> 
     </span>
     <span class='ocr_line' id='line_1_102' title="bbox 899 1172 1701 1209; baseline -0.004 -9"><span class='ocrx_word' id='word_1_565' title='bbox 899 1175 970 1209; x_wconf 81' lang='lat' dir='ltr'><strong>ginta</strong></span> <span class='ocrx_word' id='word_1_566' title='bbox 984 1181 1042 1206; x_wconf 87' lang='lat' dir='ltr'><strong>sex,</strong></span> <span class='ocrx_word' id='word_1_567' title='bbox 1058 1174 1103 1208; x_wconf 88' lang='lat' dir='ltr'><strong>qui</strong></span> <span class='ocrx_word' id='word_1_568' title='bbox 1120 1180 1248 1200; x_wconf 85' lang='lat' dir='ltr'><strong>numerus</strong></span> <span class='ocrx_word' id='word_1_569' title='bbox 1261 1172 1367 1200; x_wconf 90' lang='lat' dir='ltr'><strong>dierum</strong></span> <span class='ocrx_word' id='word_1_570' title='bbox 1388 1172 1507 1206; x_wconf 89' lang='lat' dir='ltr'><strong>complet</strong></span> <span class='ocrx_word' id='word_1_571' title='bbox 1521 1174 1582 1198; x_wconf 84' lang='lat' dir='ltr'><strong>octo</strong></span> <span class='ocrx_word' id='word_1_572' title='bbox 1593 1178 1701 1198; x_wconf 84' lang='lat' dir='ltr'><strong>menses</strong></span> 
     </span>
     <span class='ocr_line' id='line_1_103' title="bbox 899 1216 1702 1257; baseline -0.005 -11"><span class='ocrx_word' id='word_1_573' title='bbox 899 1219 1001 1257; x_wconf 73' lang='lat' dir='ltr'><strong>[Forte.</strong></span> <span class='ocrx_word' id='word_1_574' title='bbox 1018 1226 1114 1246; x_wconf 85' lang='lat' dir='ltr'><strong>novem</strong></span> <span class='ocrx_word' id='word_1_575' title='bbox 1131 1217 1266 1254; x_wconf 85' lang='lat' dir='ltr'><strong>menses],</strong></span> <span class='ocrx_word' id='word_1_576' title='bbox 1283 1222 1310 1245; x_wconf 87' lang='lat' dir='ltr'><strong>et</strong></span> <span class='ocrx_word' id='word_1_577' title='bbox 1327 1225 1373 1244; x_wconf 89' lang='lat' dir='ltr'><strong>sex</strong></span> <span class='ocrx_word' id='word_1_578' title='bbox 1399 1217 1457 1244; x_wconf 86' lang='lat' dir='ltr'><strong>dies</strong></span> <span class='ocrx_word' id='word_1_579' title='bbox 1470 1237 1477 1249; x_wconf 86' lang='lat'><strong><em>‚</em></strong></span> <span class='ocrx_word' id='word_1_580' title='bbox 1502 1216 1598 1251; x_wconf 87' lang='lat' dir='ltr'><strong>quibus</strong></span> <span class='ocrx_word' id='word_1_581' title='bbox 1626 1216 1702 1243; x_wconf 80' lang='lat' dir='ltr'><strong>temi-</strong></span> 
     </span>
     <span class='ocr_line' id='line_1_104' title="bbox 901 1262 1702 1299; baseline -0.002 -7"><span class='ocrx_word' id='word_1_582' title='bbox 901 1273 994 1292; x_wconf 90' lang='lat' dir='ltr'><strong>narum</strong></span> <span class='ocrx_word' id='word_1_583' title='bbox 1023 1265 1170 1299; x_wconf 80' lang='lat' dir='ltr'><strong>perfectum</strong></span> <span class='ocrx_word' id='word_1_584' title='bbox 1194 1268 1301 1299; x_wconf 84' lang='lat' dir='ltr'><strong>tempus</strong></span> <span class='ocrx_word' id='word_1_585' title='bbox 1317 1262 1438 1299; x_wconf 87' lang='lat' dir='ltr'><strong>pariendi</strong></span> <span class='ocrx_word' id='word_1_586' title='bbox 1454 1263 1630 1297; x_wconf 77' lang='lat' dir='ltr'><strong>comperitur,</strong></span> <span class='ocrx_word' id='word_1_587' title='bbox 1648 1270 1702 1290; x_wconf 90' lang='lat' dir='ltr'><strong>non</strong></span> 
     </span>
     <span class='ocr_line' id='line_1_105' title="bbox 900 1307 1702 1345; baseline -0.001 -10"><span class='ocrx_word' id='word_1_588' title='bbox 900 1314 962 1345; x_wconf 82' lang='lat' dir='ltr'><strong>qnia</strong></span> <span class='ocrx_word' id='word_1_589' title='bbox 989 1314 1081 1344; x_wconf 85' lang='lat' dir='ltr'><strong>partus</strong></span> <span class='ocrx_word' id='word_1_590' title='bbox 1095 1309 1173 1343; x_wconf 84' lang='lat' dir='ltr'><strong>hujus</strong></span> <span class='ocrx_word' id='word_1_591' title='bbox 1189 1309 1294 1336; x_wconf 91' lang='lat' dir='ltr'><strong>numeri</strong></span> <span class='ocrx_word' id='word_1_592' title='bbox 1316 1309 1432 1335; x_wconf 91' lang='lat' dir='ltr'><strong>termino</strong></span> <span class='ocrx_word' id='word_1_593' title='bbox 1454 1308 1632 1342; x_wconf 86' lang='lat' dir='ltr'><strong>compleatur,</strong></span> <span class='ocrx_word' id='word_1_594' title='bbox 1654 1307 1702 1335; x_wconf 85' lang='lat' dir='ltr'><strong>sed</strong></span> 
     </span>
     <span class='ocr_line' id='line_1_106' title="bbox 900 1356 1703 1392; baseline -0.002 -8"><span class='ocrx_word' id='word_1_595' title='bbox 900 1359 962 1392; x_wconf 83' lang='lat' dir='ltr'><strong>quia</strong></span> <span class='ocrx_word' id='word_1_596' title='bbox 980 1358 1006 1384; x_wconf 91' lang='lat' dir='ltr'><strong>iu</strong></span> <span class='ocrx_word' id='word_1_597' title='bbox 1022 1357 1199 1390; x_wconf 89' lang='lat' dir='ltr'><strong>conceptione</strong></span> <span class='ocrx_word' id='word_1_598' title='bbox 1216 1356 1345 1383; x_wconf 86' lang='lat' dir='ltr'><strong>dominici</strong></span> <span class='ocrx_word' id='word_1_599' title='bbox 1357 1356 1480 1389; x_wconf 87' lang='lat' dir='ltr'><strong>corporis</strong></span> <span class='ocrx_word' id='word_1_600' title='bbox 1497 1362 1581 1390; x_wconf 91' lang='lat' dir='ltr'><strong>usque</strong></span> <span class='ocrx_word' id='word_1_601' title='bbox 1593 1356 1625 1382; x_wconf 87' lang='lat' dir='ltr'><strong>ad</strong></span> <span class='ocrx_word' id='word_1_602' title='bbox 1642 1363 1703 1389; x_wconf 84' lang='lat' dir='ltr'><strong>par-</strong></span> 
     </span>
     <span class='ocr_line' id='line_1_107' title="bbox 902 1401 1703 1430; baseline 0 -1"><span class='ocrx_word' id='word_1_603' title='bbox 902 1408 957 1430; x_wconf 90' lang='grc' dir='ltr'>ῑιιιιι</span> <span class='ocrx_word' id='word_1_604' title='bbox 972 1402 1042 1429; x_wconf 92' lang='lat' dir='ltr'><strong>idem</strong></span> <span class='ocrx_word' id='word_1_605' title='bbox 1056 1409 1186 1429; x_wconf 80' lang='lat' dir='ltr'><strong>numerus</strong></span> <span class='ocrx_word' id='word_1_606' title='bbox 1203 1402 1350 1429; x_wconf 82' lang='lat' dir='ltr'><strong>invenitur.</strong></span> <span class='ocrx_word' id='word_1_607' title='bbox 1366 1402 1468 1429; x_wconf 83' lang='lat' dir='ltr'><strong>Octavo</strong></span> <span class='ocrx_word' id='word_1_608' title='bbox 1481 1402 1552 1429; x_wconf 89' lang='lat' dir='ltr'><strong>enim</strong></span> <span class='ocrx_word' id='word_1_609' title='bbox 1568 1401 1703 1429; x_wconf 78' lang='lat' dir='ltr'><strong>Kalendas</strong></span> 
     </span>
     <span class='ocr_line' id='line_1_108' title="bbox 903 1448 1703 1483; baseline 0 -8"><span class='ocrx_word' id='word_1_610' title='bbox 903 1449 1003 1483; x_wconf 81' lang='lat' dir='ltr'><strong>Aprilis</strong></span> <span class='ocrx_word' id='word_1_611' title='bbox 1020 1449 1181 1483; x_wconf 81' lang='lat' dir='ltr'><strong>praetlicatur</strong></span> <span class='ocrx_word' id='word_1_612' title='bbox 1201 1455 1262 1476; x_wconf 89' lang='lat' dir='ltr'><strong>esse</strong></span> <span class='ocrx_word' id='word_1_613' title='bbox 1277 1453 1433 1483; x_wconf 85' lang='lat' dir='ltr'><strong>conceptus,</strong></span> <span class='ocrx_word' id='word_1_614' title='bbox 1457 1452 1486 1476; x_wconf 81' lang='lat' dir='ltr'><strong>et</strong></span> <span class='ocrx_word' id='word_1_615' title='bbox 1497 1452 1592 1476; x_wconf 86' lang='lat' dir='ltr'><strong>octavo</strong></span> <span class='ocrx_word' id='word_1_616' title='bbox 1605 1448 1703 1476; x_wconf 83' lang='lat' dir='ltr'><strong>Kalen-</strong></span> 
     </span>
     <span class='ocr_line' id='line_1_109' title="bbox 902 1494 1416 1529; baseline 0 -7"><span class='ocrx_word' id='word_1_617' title='bbox 902 1495 949 1522; x_wconf 87' lang='lat' dir='ltr'><strong>das</strong></span> <span class='ocrx_word' id='word_1_618' title='bbox 965 1494 1085 1522; x_wconf 78' lang='lat' dir='ltr'><strong>Januarii</strong></span> <span class='ocrx_word' id='word_1_619' title='bbox 1100 1499 1178 1521; x_wconf 91' lang='lat' dir='ltr'><strong>natus</strong></span> <span class='ocrx_word' id='word_1_620' title='bbox 1196 1502 1256 1522; x_wconf 88' lang='lat' dir='ltr'><strong>esse</strong></span> <span class='ocrx_word' id='word_1_621' title='bbox 1278 1495 1416 1529; x_wconf 89' lang='lat' dir='ltr'><strong>probatur.</strong></span> 
     </span>
    </p>

    <p class='ocr_par' dir='ltr' id='par_1_28' title="bbox 900 1540 1706 2032">
     <span class='ocr_line' id='line_1_110' title="bbox 938 1540 1705 1575; baseline 0 -7"><span class='ocrx_word' id='word_1_622' title='bbox 938 1540 1000 1568; x_wconf 75' lang='lat'><strong>102.</strong></span> <span class='ocrx_word' id='word_1_623' title='bbox 1022 1541 1062 1567; x_wconf 83' lang='lat' dir='ltr'><strong>Ab</strong></span> <span class='ocrx_word' id='word_1_624' title='bbox 1086 1540 1131 1567; x_wconf 90' lang='lat' dir='ltr'><strong>illo</strong></span> <span class='ocrx_word' id='word_1_625' title='bbox 1158 1548 1221 1575; x_wconf 81' lang='lat' dir='ltr'><strong>ergo</strong></span> <span class='ocrx_word' id='word_1_626' title='bbox 1248 1541 1292 1567; x_wconf 91' lang='lat' dir='ltr'><strong>die</strong></span> <span class='ocrx_word' id='word_1_627' title='bbox 1314 1548 1400 1575; x_wconf 86' lang='lat' dir='ltr'><strong>usque</strong></span> <span class='ocrx_word' id='word_1_628' title='bbox 1428 1541 1460 1567; x_wconf 81' lang='lat' dir='ltr'><strong>ad</strong></span> <span class='ocrx_word' id='word_1_629' title='bbox 1489 1541 1569 1568; x_wconf 85' lang='lat' dir='ltr'><strong>istum</strong></span> <span class='ocrx_word' id='word_1_630' title='bbox 1593 1541 1705 1568; x_wconf 87' lang='lat' dir='ltr'><strong>ducenti</strong></span> 
     </span>
     <span class='ocr_line' id='line_1_111' title="bbox 900 1586 1704 1622; baseline 0 -8"><span class='ocrx_word' id='word_1_631' title='bbox 900 1589 1069 1622; x_wconf 83' lang='lat' dir='ltr'><strong>septuaginta</strong></span> <span class='ocrx_word' id='word_1_632' title='bbox 1085 1591 1113 1614; x_wconf 86' lang='lat' dir='ltr'><strong>et</strong></span> <span class='ocrx_word' id='word_1_633' title='bbox 1128 1594 1176 1613; x_wconf 83' lang='lat' dir='ltr'><strong>sex</strong></span> <span class='ocrx_word' id='word_1_634' title='bbox 1195 1586 1255 1613; x_wconf 88' lang='lat' dir='ltr'><strong>dies</strong></span> <span class='ocrx_word' id='word_1_635' title='bbox 1271 1587 1456 1620; x_wconf 90' lang='lat' dir='ltr'><strong>inveniuntur,</strong></span> <span class='ocrx_word' id='word_1_636' title='bbox 1482 1588 1577 1622; x_wconf 84' lang='lat' dir='ltr'><strong>quibus</strong></span> <span class='ocrx_word' id='word_1_637' title='bbox 1592 1595 1704 1621; x_wconf 89' lang='lat' dir='ltr'><strong>compu-</strong></span> 
     </span>
     <span class='ocr_line' id='line_1_112' title="bbox 901 1634 1703 1669; baseline 0.002 -9"><span class='ocrx_word' id='word_1_638' title='bbox 901 1634 963 1660; x_wconf 80' lang='lat' dir='ltr'><strong>tatis</strong></span> <span class='ocrx_word' id='word_1_639' title='bbox 991 1642 1038 1667; x_wconf 88' lang='lat' dir='ltr'><strong>per</strong></span> <span class='ocrx_word' id='word_1_640' title='bbox 1063 1634 1198 1661; x_wconf 81' lang='lat' dir='ltr'><strong>senarium</strong></span> <span class='ocrx_word' id='word_1_641' title='bbox 1239 1641 1382 1661; x_wconf 85' lang='lat' dir='ltr'><strong>numerum</strong></span> <span class='ocrx_word' id='word_1_642' title='bbox 1419 1634 1580 1669; x_wconf 86' lang='lat' dir='ltr'><strong>quadragies</strong></span> <span class='ocrx_word' id='word_1_643' title='bbox 1614 1635 1703 1662; x_wconf 81' lang='lat' dir='ltr'><strong>sexies</strong></span> 
     </span>
     <span class='ocr_line' id='line_1_113' title="bbox 900 1680 1702 1715; baseline 0 -8"><span class='ocrx_word' id='word_1_644' title='bbox 900 1680 1072 1715; x_wconf 83' lang='lat' dir='ltr'><strong>adimpletur.</strong></span> <span class='ocrx_word' id='word_1_645' title='bbox 1089 1681 1148 1714; x_wconf 78' lang='lat' dir='ltr'><strong>Quo</strong></span> <span class='ocrx_word' id='word_1_646' title='bbox 1158 1687 1272 1708; x_wconf 89' lang='lat' dir='ltr'><strong>numero</strong></span> <span class='ocrx_word' id='word_1_647' title='bbox 1285 1684 1312 1707; x_wconf 88' lang='lat' dir='ltr'><strong>et</strong></span> <span class='ocrx_word' id='word_1_648' title='bbox 1323 1680 1465 1707; x_wconf 80' lang='lat' dir='ltr'><strong>aediiicatio</strong></span> <span class='ocrx_word' id='word_1_649' title='bbox 1477 1681 1579 1715; x_wconf 86' lang='lat' dir='ltr'><strong>templi,</strong></span> <span class='ocrx_word' id='word_1_650' title='bbox 1597 1685 1623 1707; x_wconf 85' lang='lat' dir='ltr'><strong>et</strong></span> <span class='ocrx_word' id='word_1_651' title='bbox 1640 1688 1702 1714; x_wconf 85' lang='lat' dir='ltr'><strong>per-</strong></span> 
     </span>
     <span class='ocr_line' id='line_1_114' title="bbox 903 1726 1703 1761; baseline -0.001 -7"><span class='ocrx_word' id='word_1_652' title='bbox 903 1727 985 1754; x_wconf 82' lang='lat' dir='ltr'><strong>tectio</strong></span> <span class='ocrx_word' id='word_1_653' title='bbox 1000 1727 1121 1761; x_wconf 83' lang='lat' dir='ltr'><strong>corporis</strong></span> <span class='ocrx_word' id='word_1_654' title='bbox 1136 1727 1299 1759; x_wconf 80' lang='lat' dir='ltr'><strong>declaratur,</strong></span> <span class='ocrx_word' id='word_1_655' title='bbox 1312 1726 1346 1753; x_wconf 82' lang='lat' dir='ltr'><strong>tle</strong></span> <span class='ocrx_word' id='word_1_656' title='bbox 1357 1733 1410 1761; x_wconf 86' lang='lat' dir='ltr'><strong>quo</strong></span> <span class='ocrx_word' id='word_1_657' title='bbox 1422 1727 1576 1760; x_wconf 74' lang='lat' dir='ltr'><strong>specialiter</strong></span> <span class='ocrx_word' id='word_1_658' title='bbox 1588 1727 1703 1761; x_wconf 84' lang='lat' dir='ltr'><strong>dixerat,</strong></span> 
     </span>
     <span class='ocr_line' id='line_1_115' title="bbox 903 1772 1701 1809; baseline 0.001 -9"><span class='ocrx_word' id='word_1_659' title='bbox 903 1773 936 1800; x_wconf 85' lang='lat' dir='ltr'><strong>Et</strong></span> <span class='ocrx_word' id='word_1_660' title='bbox 950 1774 976 1800; x_wconf 80' lang='grc' dir='ltr'><strong>ιἰι</strong></span> <span class='ocrx_word' id='word_1_661' title='bbox 990 1773 1077 1800; x_wconf 78' lang='lat' dir='ltr'><strong>triduo</strong></span> <span class='ocrx_word' id='word_1_662' title='bbox 1091 1773 1219 1800; x_wconf 75' lang='lat' dir='ltr'><strong>suscitabo</strong></span> <span class='ocrx_word' id='word_1_663' title='bbox 1233 1772 1299 1799; x_wconf 75' lang='lat' dir='ltr'><strong>tttud</strong></span> <span class='ocrx_word' id='word_1_664' title='bbox 1309 1773 1400 1808; x_wconf 79' lang='lat' dir='ltr'><strong>(Joart.</strong></span> <span class='ocrx_word' id='word_1_665' title='bbox 1419 1781 1448 1806; x_wconf 89' lang='grc'><strong>11,</strong></span> <span class='ocrx_word' id='word_1_666' title='bbox 1465 1774 1525 1809; x_wconf 80' lang='lat'><strong>2⁰).</strong></span> <span class='ocrx_word' id='word_1_667' title='bbox 1541 1774 1597 1801; x_wconf 84' lang='lat' dir='ltr'><strong>Hoc</strong></span> <span class='ocrx_word' id='word_1_668' title='bbox 1612 1779 1701 1801; x_wconf 88' lang='lat' dir='ltr'><strong>autem</strong></span> 
     </span>
     <span class='ocr_line' id='line_1_116' title="bbox 903 1819 1706 1855; baseline 0.001 -9"><span class='ocrx_word' id='word_1_669' title='bbox 903 1820 1010 1847; x_wconf 85' lang='lat' dir='ltr'><strong>dicebat</strong></span> <span class='ocrx_word' id='word_1_670' title='bbox 1022 1820 1056 1847; x_wconf 91' lang='lat' dir='ltr'><strong>de</strong></span> <span class='ocrx_word' id='word_1_671' title='bbox 1072 1820 1173 1854; x_wconf 88' lang='lat' dir='ltr'><strong>templo</strong></span> <span class='ocrx_word' id='word_1_672' title='bbox 1185 1819 1306 1854; x_wconf 83' lang='lat' dir='ltr'><strong>corporis</strong></span> <span class='ocrx_word' id='word_1_673' title='bbox 1317 1820 1370 1852; x_wconf 85' lang='lat' dir='ltr'><strong>sui,</strong></span> <span class='ocrx_word' id='word_1_674' title='bbox 1382 1819 1466 1854; x_wconf 91' lang='lat' dir='ltr'><strong>quod,</strong></span> <span class='ocrx_word' id='word_1_675' title='bbox 1477 1821 1571 1847; x_wconf 87' lang='lat' dir='ltr'><strong>mortis</strong></span> <span class='ocrx_word' id='word_1_676' title='bbox 1581 1821 1706 1855; x_wconf 83' lang='lat' dir='ltr'><strong>passione</strong></span> 
     </span>
     <span class='ocr_line' id='line_1_117' title="bbox 902 1865 1706 1900; baseline 0.001 -8"><span class='ocrx_word' id='word_1_677' title='bbox 902 1866 1018 1898; x_wconf 84' lang='lat' dir='ltr'><strong>devicta,</strong></span> <span class='ocrx_word' id='word_1_678' title='bbox 1037 1869 1098 1900; x_wconf 83' lang='lat' dir='ltr'><strong>post</strong></span> <span class='ocrx_word' id='word_1_679' title='bbox 1109 1865 1225 1892; x_wconf 88' lang='lat' dir='ltr'><strong>triduum</strong></span> <span class='ocrx_word' id='word_1_680' title='bbox 1241 1865 1428 1893; x_wconf 86' lang='lat' dir='ltr'><strong>suscitaretur.</strong></span> <span class='ocrx_word' id='word_1_681' title='bbox 1445 1865 1519 1893; x_wconf 84' lang='lat' dir='ltr'><strong>Sicut</strong></span> <span class='ocrx_word' id='word_1_682' title='bbox 1533 1873 1580 1900; x_wconf 90' lang='lat' dir='ltr'><strong>per</strong></span> <span class='ocrx_word' id='word_1_683' title='bbox 1591 1865 1706 1900; x_wconf 84' lang='lat' dir='ltr'><strong>quadra-</strong></span> 
     </span>
     <span class='ocr_line' id='line_1_118' title="bbox 903 1911 1705 1946; baseline 0 -7"><span class='ocrx_word' id='word_1_684' title='bbox 903 1913 1042 1946; x_wconf 84' lang='lat' dir='ltr'><strong>genarium</strong></span> <span class='ocrx_word' id='word_1_685' title='bbox 1068 1911 1196 1945; x_wconf 84' lang='lat' dir='ltr'><strong>temporis</strong></span> <span class='ocrx_word' id='word_1_686' title='bbox 1219 1911 1296 1945; x_wconf 88' lang='lat' dir='ltr'><strong>hujus</strong></span> <span class='ocrx_word' id='word_1_687' title='bbox 1323 1911 1410 1946; x_wconf 86' lang='lat' dir='ltr'><strong>labor,</strong></span> <span class='ocrx_word' id='word_1_688' title='bbox 1437 1911 1482 1939; x_wconf 84' lang='lat' dir='ltr'><strong>vel</strong></span> <span class='ocrx_word' id='word_1_689' title='bbox 1507 1912 1649 1945; x_wconf 81' lang='lat' dir='ltr'><strong>terminus,</strong></span> <span class='ocrx_word' id='word_1_690' title='bbox 1669 1912 1705 1939; x_wconf 85' lang='lat' dir='ltr'><strong>ita</strong></span> 
     </span>
     <span class='ocr_line' id='line_1_119' title="bbox 904 1957 1705 1993; baseline 0 -8"><span class='ocrx_word' id='word_1_691' title='bbox 904 1966 952 1993; x_wconf 87' lang='lat' dir='ltr'><strong>per</strong></span> <span class='ocrx_word' id='word_1_692' title='bbox 968 1958 1227 1992; x_wconf 78' lang='lat' dir='ltr'><strong>quinquagenarium</strong></span> <span class='ocrx_word' id='word_1_693' title='bbox 1244 1962 1345 1984; x_wconf 80' lang='lat' dir='ltr'><strong>aeterna</strong></span> <span class='ocrx_word' id='word_1_694' title='bbox 1370 1957 1415 1985; x_wconf 72' lang='lat' dir='ltr'><strong>ill-t</strong></span> <span class='ocrx_word' id='word_1_695' title='bbox 1438 1957 1576 1985; x_wconf 83' lang='lat' dir='ltr'><strong>beatitudo</strong></span> <span class='ocrx_word' id='word_1_696' title='bbox 1602 1958 1705 1992; x_wconf 72' lang='lat' dir='ltr'><strong>signiti-</strong></span> 
     </span>
     <span class='ocr_line' id='line_1_120' title="bbox 905 2008 993 2032; baseline -0.034 0"><span class='ocrx_word' id='word_1_697' title='bbox 905 2008 993 2032; x_wconf 82' lang='lat' dir='ltr'><strong>catur.</strong></span> 
     </span>
    </p>

    <p class='ocr_par' dir='ltr' id='par_1_29' title="bbox 867 2049 1706 2269">
     <span class='ocr_line' id='line_1_121' title="bbox 941 2049 1706 2085; baseline 0.001 -7"><span class='ocrx_word' id='word_1_698' title='bbox 941 2051 1003 2078; x_wconf 79' lang='lat'><strong>105.</strong></span> <span class='ocrx_word' id='word_1_699' title='bbox 1024 2049 1155 2077; x_wconf 81' lang='lat' dir='ltr'><strong>Denarius</strong></span> <span class='ocrx_word' id='word_1_700' title='bbox 1171 2052 1242 2077; x_wconf 85' lang='lat' dir='ltr'><strong>enim</strong></span> <span class='ocrx_word' id='word_1_701' title='bbox 1272 2050 1378 2077; x_wconf 83' lang='lat' dir='ltr'><strong>additus</strong></span> <span class='ocrx_word' id='word_1_702' title='bbox 1403 2050 1437 2077; x_wconf 85' lang='lat' dir='ltr'><strong>ad</strong></span> <span class='ocrx_word' id='word_1_703' title='bbox 1461 2050 1706 2085; x_wconf 77' lang='lat' dir='ltr'><strong>quadragenarium</strong></span> 
     </span>
     <span class='ocr_line' id='line_1_122' title="bbox 906 2095 1706 2124; baseline 0 0"><span class='ocrx_word' id='word_1_704' title='bbox 906 2097 1090 2124; x_wconf 87' lang='lat' dir='ltr'><strong>laborantibus</strong></span> <span class='ocrx_word' id='word_1_705' title='bbox 1113 2097 1138 2123; x_wconf 92' lang='lat' dir='ltr'><strong>in</strong></span> <span class='ocrx_word' id='word_1_706' title='bbox 1167 2096 1218 2123; x_wconf 91' lang='lat' dir='ltr'><strong>hoc</strong></span> <span class='ocrx_word' id='word_1_707' title='bbox 1246 2096 1347 2123; x_wconf 73' lang='lat' dir='ltr'><strong>saeculo</strong></span> <span class='ocrx_word' id='word_1_708' title='bbox 1377 2095 1503 2123; x_wconf 77' lang='lat' dir='ltr'><strong>fidelihus</strong></span> <span class='ocrx_word' id='word_1_709' title='bbox 1530 2103 1634 2123; x_wconf 85' lang='lat' dir='ltr'><strong>merces</strong></span> <span class='ocrx_word' id='word_1_710' title='bbox 1662 2096 1706 2124; x_wconf 80' lang='lat' dir='ltr'><strong>illa</strong></span> 
     </span>
     <span class='ocr_line' id='line_1_123' title="bbox 906 2141 1705 2178; baseline -0.001 -9"><span class='ocrx_word' id='word_1_711' title='bbox 906 2142 1080 2178; x_wconf 85' lang='lat' dir='ltr'><strong>persolvitur,</strong></span> <span class='ocrx_word' id='word_1_712' title='bbox 1106 2149 1184 2176; x_wconf 83' lang='lat' dir='ltr'><strong>quam</strong></span> <span class='ocrx_word' id='word_1_713' title='bbox 1211 2145 1374 2175; x_wconf 87' lang='lat' dir='ltr'><strong>acceperunt</strong></span> <span class='ocrx_word' id='word_1_714' title='bbox 1401 2141 1479 2175; x_wconf 85' lang='lat' dir='ltr'><strong>primi</strong></span> <span class='ocrx_word' id='word_1_715' title='bbox 1510 2145 1538 2168; x_wconf 89' lang='lat' dir='ltr'><strong>et</strong></span> <span class='ocrx_word' id='word_1_716' title='bbox 1566 2141 1705 2169; x_wconf 80' lang='lat' dir='ltr'><strong>novissimi</strong></span> 
     </span>
     <span class='ocr_line' id='line_1_124' title="bbox 907 2188 1704 2224; baseline -0.003 -8"><span class='ocrx_word' id='word_1_717' title='bbox 907 2194 1051 2224; x_wconf 78' lang='lat' dir='ltr'><strong>operantes</strong></span> <span class='ocrx_word' id='word_1_718' title='bbox 1063 2188 1088 2215; x_wconf 93' lang='lat' dir='ltr'><strong>in</strong></span> <span class='ocrx_word' id='word_1_719' title='bbox 1115 2188 1202 2221; x_wconf 85' lang='lat' dir='ltr'><strong>vinea,</strong></span> <span class='ocrx_word' id='word_1_720' title='bbox 1217 2188 1308 2222; x_wconf 86' lang='lat' dir='ltr'><strong>sicque</strong></span> <span class='ocrx_word' id='word_1_721' title='bbox 1329 2188 1574 2223; x_wconf 77' lang='lat' dir='ltr'><strong>quinquagenarius</strong></span> <span class='ocrx_word' id='word_1_722' title='bbox 1600 2189 1625 2216; x_wconf 91' lang='lat' dir='ltr'><strong>in</strong></span> <span class='ocrx_word' id='word_1_723' title='bbox 1660 2188 1704 2215; x_wconf 80' lang='lat' dir='ltr'><strong>illa</strong></span> 
     </span>
     <span class='ocr_line' id='line_1_125' title="bbox 867 2232 1706 2269; baseline -0.002 -6"><span class='ocrx_word' id='word_1_724' title='bbox 867 2232 894 2263; x_wconf 83' lang='grc' dir='ltr'><strong>Ι)</strong></span> <span class='ocrx_word' id='word_1_725' title='bbox 909 2234 1000 2269; x_wconf 81' lang='lat' dir='ltr'><strong>requie</strong></span> <span class='ocrx_word' id='word_1_726' title='bbox 1012 2242 1043 2261; x_wconf 85' lang='lat' dir='ltr'><strong>ac</strong></span> <span class='ocrx_word' id='word_1_727' title='bbox 1057 2234 1148 2261; x_wconf 82' lang='lat' dir='ltr'><strong>laetitia</strong></span> <span class='ocrx_word' id='word_1_728' title='bbox 1164 2235 1340 2268; x_wconf 84' lang='lat' dir='ltr'><strong>sempiterna.</strong></span> <span class='ocrx_word' id='word_1_729' title='bbox 1357 2234 1424 2261; x_wconf 80' lang='lat' dir='ltr'><strong>Hinc</strong></span> <span class='ocrx_word' id='word_1_730' title='bbox 1437 2239 1487 2267; x_wconf 88' lang='lat' dir='ltr'><strong>est,</strong></span> <span class='ocrx_word' id='word_1_731' title='bbox 1504 2234 1575 2269; x_wconf 87' lang='lat' dir='ltr'><strong>quod</strong></span> <span class='ocrx_word' id='word_1_732' title='bbox 1596 2235 1622 2261; x_wconf 91' lang='lat' dir='ltr'><strong>iu</strong></span> <span class='ocrx_word' id='word_1_733' title='bbox 1647 2234 1706 2269; x_wconf 76' lang='lat' dir='ltr'><strong>lege</strong></span> 
     </span>
    </p>

    <p class='ocr_par' dir='ltr' id='par_1_30' title="bbox 909 2279 1706 2315">
     <span class='ocr_line' id='line_1_126' title="bbox 909 2279 1706 2315; baseline -0.003 -8"><span class='ocrx_word' id='word_1_734' title='bbox 909 2279 1131 2315; x_wconf 80' lang='lat' dir='ltr'><strong>quinquagesimo</strong></span> <span class='ocrx_word' id='word_1_735' title='bbox 1146 2286 1217 2306; x_wconf 86' lang='lat' dir='ltr'><strong>anno</strong></span> <span class='ocrx_word' id='word_1_736' title='bbox 1237 2279 1340 2314; x_wconf 75' lang='lat' dir='ltr'><strong>jubilaei</strong></span> <span class='ocrx_word' id='word_1_737' title='bbox 1369 2280 1476 2315; x_wconf 90' lang='lat' dir='ltr'><strong>requies</strong></span> <span class='ocrx_word' id='word_1_738' title='bbox 1497 2279 1644 2314; x_wconf 86' lang='lat' dir='ltr'><strong>colebatur,</strong></span> <span class='ocrx_word' id='word_1_739' title='bbox 1673 2279 1706 2305; x_wconf 87' lang='lat' dir='ltr'><strong>ad</strong></span> 
     </span>
    </p>

    <p class='ocr_par' dir='ltr' id='par_1_31' title="bbox 909 2325 1706 2407">
     <span class='ocr_line' id='line_1_127' title="bbox 910 2325 1706 2362; baseline -0.004 -7"><span class='ocrx_word' id='word_1_740' title='bbox 910 2326 1116 2362; x_wconf 76' lang='lat' dir='ltr'><strong>significandum</strong></span> <span class='ocrx_word' id='word_1_741' title='bbox 1130 2326 1191 2362; x_wconf 91' lang='lat' dir='ltr'><strong>quia</strong></span> <span class='ocrx_word' id='word_1_742' title='bbox 1204 2331 1263 2361; x_wconf 89' lang='lat' dir='ltr'><strong>post</strong></span> <span class='ocrx_word' id='word_1_743' title='bbox 1276 2326 1396 2354; x_wconf 88' lang='lat' dir='ltr'><strong>lahorem</strong></span> <span class='ocrx_word' id='word_1_744' title='bbox 1412 2326 1492 2362; x_wconf 73' lang='lat' dir='ltr'><strong>huius</strong></span> <span class='ocrx_word' id='word_1_745' title='bbox 1505 2325 1597 2353; x_wconf 85' lang='lat' dir='ltr'><strong>muudi</strong></span> <span class='ocrx_word' id='word_1_746' title='bbox 1612 2331 1706 2360; x_wconf 86' lang='lat' dir='ltr'><strong>perve-</strong></span> 
     </span>
     <span class='ocr_line' id='line_1_128' title="bbox 909 2372 1371 2407; baseline -0.009 -4"><span class='ocrx_word' id='word_1_747' title='bbox 909 2376 982 2404; x_wconf 86' lang='lat' dir='ltr'><strong>nitur</strong></span> <span class='ocrx_word' id='word_1_748' title='bbox 992 2373 1027 2401; x_wconf 81' lang='lat' dir='ltr'><strong>ad</strong></span> <span class='ocrx_word' id='word_1_749' title='bbox 1041 2373 1123 2400; x_wconf 83' lang='lat' dir='ltr'><strong>iuturi</strong></span> <span class='ocrx_word' id='word_1_750' title='bbox 1133 2372 1254 2407; x_wconf 78' lang='lat' dir='ltr'><strong>requiem</strong></span> <span class='ocrx_word' id='word_1_751' title='bbox 1267 2372 1371 2400; x_wconf 81' lang='lat' dir='ltr'><strong>saeculi.</strong></span> 
     </span>
    </p>
   </div>
   <div class='ocr_carea' id='block_1_13' title="bbox 860 1534 885 1567">
    <p class='ocr_par' dir='ltr' id='par_1_32' title="bbox 860 1534 885 1567">
     <span class='ocr_line' id='line_1_129' title="bbox 860 1534 885 1567; baseline 0 0"><span class='ocrx_word' id='word_1_752' title='bbox 860 1534 885 1567; x_wconf 83' lang='lat' dir='ltr'>C</span> 
     </span>
    </p>
   </div>
   <div class='ocr_carea' id='block_1_14' title="bbox 905 2449 1707 2867">
    <p class='ocr_par' dir='ltr' id='par_1_33' title="bbox 905 2449 1706 2629">
     <span class='ocr_line' id='line_1_130' title="bbox 946 2449 1706 2487; baseline -0.001 -6"><span class='ocrx_word' id='word_1_753' title='bbox 946 2455 990 2482; x_wconf 67' lang='lat'><strong>97.</strong></span> <span class='ocrx_word' id='word_1_754' title='bbox 1012 2452 1150 2487; x_wconf 85' lang='lat' dir='ltr'><strong>Expositio</strong></span> <span class='ocrx_word' id='word_1_755' title='bbox 1161 2450 1273 2485; x_wconf 80' lang='lat' dir='ltr'><strong>mystica</strong></span> <span class='ocrx_word' id='word_1_756' title='bbox 1290 2449 1393 2476; x_wconf 85' lang='lat' dir='ltr'><strong>numeri</strong></span> <span class='ocrx_word' id='word_1_757' title='bbox 1408 2449 1611 2484; x_wconf 73' lang='lat' dir='ltr'><strong>quadragenarii</strong></span> <span class='ocrx_word' id='word_1_758' title='bbox 1627 2451 1668 2479; x_wconf 91' lang='lat' dir='ltr'><strong>his</strong></span> <span class='ocrx_word' id='word_1_759' title='bbox 1679 2457 1706 2480; x_wconf 86' lang='lat' dir='ltr'><strong>et</strong></span> 
     </span>
     <span class='ocr_line' id='line_1_131' title="bbox 912 2483 1704 2519; baseline -0.004 -2"><span class='ocrx_word' id='word_1_760' title='bbox 912 2488 1045 2517; x_wconf 85' lang='lat' dir='ltr'><strong>similibus</strong></span> <span class='ocrx_word' id='word_1_761' title='bbox 1057 2486 1206 2514; x_wconf 88' lang='lat' dir='ltr'><strong>rationibus</strong></span> <span class='ocrx_word' id='word_1_762' title='bbox 1218 2485 1288 2518; x_wconf 85' lang='lat' dir='ltr'><strong>apud</strong></span> <span class='ocrx_word' id='word_1_763' title='bbox 1303 2485 1486 2511; x_wconf 86' lang='lat' dir='ltr'><strong>sanctissimos</strong></span> <span class='ocrx_word' id='word_1_764' title='bbox 1498 2483 1591 2513; x_wconf 85' lang='lat' dir='ltr'><strong>Patres</strong></span> <span class='ocrx_word' id='word_1_765' title='bbox 1606 2487 1704 2519; x_wconf 81' lang='lat' dir='ltr'><strong>passim</strong></span> 
     </span>
     <span class='ocr_line' id='line_1_132' title="bbox 909 2519 1705 2560; baseline -0.011 -8"><span class='ocrx_word' id='word_1_766' title='bbox 909 2523 1041 2554; x_wconf 85' lang='lat' dir='ltr'><strong>occurrit,</strong></span> <span class='ocrx_word' id='word_1_767' title='bbox 1061 2521 1130 2557; x_wconf 89' lang='lat' dir='ltr'><strong>quod</strong></span> <span class='ocrx_word' id='word_1_768' title='bbox 1153 2521 1196 2548; x_wconf 90' lang='lat' dir='ltr'><strong>hic</strong></span> <span class='ocrx_word' id='word_1_769' title='bbox 1212 2526 1341 2560; x_wconf 72' lang='lat' dir='ltr'><strong>numerus</strong></span> <span class='ocrx_word' id='word_1_770' title='bbox 1353 2519 1528 2554; x_wconf 81' lang='lat' dir='ltr'><strong>quadraginta</strong></span> <span class='ocrx_word' id='word_1_771' title='bbox 1546 2521 1648 2548; x_wconf 78' lang='lat' dir='ltr'><strong>dierum</strong></span> <span class='ocrx_word' id='word_1_772' title='bbox 1662 2523 1705 2557; x_wconf 70' lang='lat' dir='ltr'><strong>je-</strong></span> 
     </span>
     <span class='ocr_line' id='line_1_133' title="bbox 905 2555 1703 2594; baseline -0.003 -7"><span class='ocrx_word' id='word_1_773' title='bbox 905 2560 984 2594; x_wconf 87' lang='lat' dir='ltr'><strong>junio</strong></span> <span class='ocrx_word' id='word_1_774' title='bbox 1012 2556 1209 2593; x_wconf 78' lang='lat' dir='ltr'><strong>quodammodo</strong></span> <span class='ocrx_word' id='word_1_775' title='bbox 1235 2563 1249 2582; x_wconf 93' lang='lat' dir='ltr'><strong>a</strong></span> <span class='ocrx_word' id='word_1_776' title='bbox 1277 2555 1386 2582; x_wconf 79' lang='lat' dir='ltr'><strong>christo</strong></span> <span class='ocrx_word' id='word_1_777' title='bbox 1413 2562 1587 2583; x_wconf 78' lang='lat' dir='ltr'><strong>consecratus</strong></span> <span class='ocrx_word' id='word_1_778' title='bbox 1614 2557 1703 2585; x_wconf 80' lang='lat' dir='ltr'><strong>suerit.</strong></span> 
     </span>
     <span class='ocr_line' id='line_1_134' title="bbox 909 2590 1639 2629; baseline -0.004 -7"><span class='ocrx_word' id='word_1_779' title='bbox 909 2595 972 2627; x_wconf 67' lang='lat' dir='ltr'><strong>Legi</strong></span> <span class='ocrx_word' id='word_1_780' title='bbox 987 2594 1084 2629; x_wconf 85' lang='lat' dir='ltr'><strong>poterit</strong></span> <span class='ocrx_word' id='word_1_781' title='bbox 1102 2601 1107 2618; x_wconf 91' lang='lat'>:</span> <span class='ocrx_word' id='word_1_782' title='bbox 1129 2591 1260 2624; x_wconf 66' lang='lat' dir='ltr'><strong>Tanquam</strong></span> <span class='ocrx_word' id='word_1_783' title='bbox 1271 2598 1300 2616; x_wconf 80' lang='lat' dir='ltr'><strong>eo</strong></span> <span class='ocrx_word' id='word_1_784' title='bbox 1313 2590 1407 2617; x_wconf 76' lang='lat' dir='ltr'><strong>soecuto</strong></span> <span class='ocrx_word' id='word_1_785' title='bbox 1422 2597 1639 2619; x_wconf 76' lang='lat' dir='ltr'><strong>consummentur.</strong></span> 
     </span>
    </p>

    <p class='ocr_par' dir='ltr' id='par_1_34' title="bbox 910 2625 1707 2736">
     <span class='ocr_line' id='line_1_135' title="bbox 947 2625 1704 2662; baseline 0 -6"><span class='ocrx_word' id='word_1_786' title='bbox 947 2631 992 2658; x_wconf 83' lang='lat'><strong>98.</strong></span> <span class='ocrx_word' id='word_1_787' title='bbox 1014 2628 1048 2656; x_wconf 78' lang='lat' dir='ltr'><strong>Et</strong></span> <span class='ocrx_word' id='word_1_788' title='bbox 1067 2627 1238 2662; x_wconf 65' lang='lat' dir='ltr'><strong>quadi-aymus</strong></span> <span class='ocrx_word' id='word_1_789' title='bbox 1255 2625 1328 2652; x_wconf 81' lang='lat' dir='ltr'><strong>anni.</strong></span> <span class='ocrx_word' id='word_1_790' title='bbox 1343 2626 1461 2656; x_wconf 84' lang='lat' dir='ltr'><strong>Scilicet,</strong></span> <span class='ocrx_word' id='word_1_791' title='bbox 1476 2627 1704 2661; x_wconf 78' lang='lat' dir='ltr'><strong>significaverunt.</strong></span> 
     </span>
     <span class='ocr_line' id='line_1_136' title="bbox 910 2659 1707 2696; baseline -0.005 -3"><span class='ocrx_word' id='word_1_792' title='bbox 910 2665 939 2693; x_wconf 87' lang='lat' dir='ltr'><strong>ln</strong></span> <span class='ocrx_word' id='word_1_793' title='bbox 955 2665 1005 2692; x_wconf 70' lang='lat' dir='ltr'><strong>Hs.</strong></span> <span class='ocrx_word' id='word_1_794' title='bbox 1022 2668 1079 2690; x_wconf 85' lang='lat' dir='ltr'><strong>erat</strong></span> <span class='ocrx_word' id='word_1_795' title='bbox 1093 2667 1116 2689; x_wconf 82' lang='lat' dir='ltr'><strong>et</strong></span> <span class='ocrx_word' id='word_1_796' title='bbox 1127 2659 1301 2696; x_wconf 67' lang='lat' dir='ltr'><strong>qundraqtmu</strong></span> <span class='ocrx_word' id='word_1_797' title='bbox 1317 2669 1409 2687; x_wconf 77' lang='grc' dir='ltr'>αιιιιοσ.</span> <span class='ocrx_word' id='word_1_798' title='bbox 1429 2660 1512 2688; x_wconf 72' lang='lat' dir='ltr'><strong>verba</strong></span> <span class='ocrx_word' id='word_1_799' title='bbox 1525 2661 1585 2690; x_wconf 71' lang='lat' dir='ltr'><strong>sobi</strong></span> <span class='ocrx_word' id='word_1_800' title='bbox 1601 2663 1627 2691; x_wconf 90' lang='lat' dir='ltr'><strong>in</strong></span> <span class='ocrx_word' id='word_1_801' title='bbox 1643 2663 1707 2692; x_wconf 80' lang='lat' dir='ltr'><strong>Vul-</strong></span> 
     </span>
     <span class='ocr_line' id='line_1_137' title="bbox 910 2696 1624 2736; baseline -0.003 -8"><span class='ocrx_word' id='word_1_802' title='bbox 910 2705 970 2736; x_wconf 77' lang='lat' dir='ltr'><strong>gata</strong></span> <span class='ocrx_word' id='word_1_803' title='bbox 986 2703 1048 2727; x_wconf 87' lang='lat' dir='ltr'><strong>sunt</strong></span> <span class='ocrx_word' id='word_1_804' title='bbox 1064 2707 1070 2724; x_wconf 91' lang='lat'>:</span> <span class='ocrx_word' id='word_1_805' title='bbox 1088 2697 1183 2724; x_wconf 79' lang='lat' dir='ltr'><strong>Militia</strong></span> <span class='ocrx_word' id='word_1_806' title='bbox 1196 2697 1294 2724; x_wconf 70' lang='lat' dir='ltr'><strong>astutia</strong></span> <span class='ocrx_word' id='word_1_807' title='bbox 1309 2696 1421 2722; x_wconf 77' lang='lat' dir='ltr'><strong>hominis</strong></span> <span class='ocrx_word' id='word_1_808' title='bbox 1430 2704 1508 2732; x_wconf 75' lang='lat' dir='ltr'><strong>super</strong></span> <span class='ocrx_word' id='word_1_809' title='bbox 1521 2702 1624 2726; x_wconf 73' lang='lat' dir='ltr'><strong>terram.</strong></span> 
     </span>
    </p>

    <p class='ocr_par' dir='ltr' id='par_1_35' title="bbox 947 2730 1322 2766">
     <span class='ocr_line' id='line_1_138' title="bbox 947 2730 1322 2766; baseline -0.016 -3"><span class='ocrx_word' id='word_1_810' title='bbox 947 2735 993 2763; x_wconf 82' lang='lat'><strong>99.</strong></span> <span class='ocrx_word' id='word_1_811' title='bbox 1015 2735 1042 2761; x_wconf 88' lang='lat' dir='ltr'><strong>in</strong></span> <span class='ocrx_word' id='word_1_812' title='bbox 1057 2733 1106 2760; x_wconf 83' lang='lat' dir='ltr'><strong>Ms.</strong></span> <span class='ocrx_word' id='word_1_813' title='bbox 1123 2732 1172 2759; x_wconf 79' lang='lat' dir='ltr'><strong>soti</strong></span> <span class='ocrx_word' id='word_1_814' title='bbox 1189 2730 1322 2766; x_wconf 68' lang='lat' dir='ltr'><strong>prosulit.</strong></span> 
     </span>
    </p>

    <p class='ocr_par' dir='ltr' id='par_1_36' title="bbox 947 2766 1597 2802">
     <span class='ocr_line' id='line_1_139' title="bbox 947 2766 1597 2802; baseline -0.002 -5"><span class='ocrx_word' id='word_1_815' title='bbox 947 2771 1010 2798; x_wconf 75' lang='grc'>101).</span> <span class='ocrx_word' id='word_1_816' title='bbox 1027 2769 1108 2796; x_wconf 79' lang='lat' dir='ltr'><strong>Forte</strong></span> <span class='ocrx_word' id='word_1_817' title='bbox 1128 2767 1282 2802; x_wconf 74' lang='lat' dir='ltr'><strong>tegendum,</strong></span> <span class='ocrx_word' id='word_1_818' title='bbox 1302 2766 1388 2793; x_wconf 71' lang='lat' dir='ltr'><strong>triduo</strong></span> <span class='ocrx_word' id='word_1_819' title='bbox 1402 2766 1597 2798; x_wconf 69' lang='lat' dir='ltr'><strong>suscitaturum.</strong></span> 
     </span>
    </p>

    <p class='ocr_par' dir='ltr' id='par_1_37' title="bbox 949 2800 1706 2867">
     <span class='ocr_line' id='line_1_140' title="bbox 949 2800 1706 2867; baseline 0 -36"><span class='ocrx_word' id='word_1_820' title='bbox 949 2803 1062 2867; x_wconf 47' lang='lat' dir='ltr'><strong>iutuitu</strong></span> <span class='ocrx_word' id='word_1_821' title='bbox 1080 2803 1191 2838; x_wconf 65' lang='lat' dir='ltr'><strong>vulgate</strong></span> <span class='ocrx_word' id='word_1_822' title='bbox 1205 2807 1297 2830; x_wconf 75' lang='lat' dir='ltr'><strong>nostra</strong></span> <span class='ocrx_word' id='word_1_823' title='bbox 1311 2809 1320 2829; x_wconf 74' lang='lat' dir='ltr'><em>z</em></span> <span class='ocrx_word' id='word_1_824' title='bbox 1335 2800 1370 2830; x_wconf 81' lang='lat' dir='ltr'><strong>Et</strong></span> <span class='ocrx_word' id='word_1_825' title='bbox 1382 2802 1409 2830; x_wconf 78' lang='lat' dir='ltr'><strong>in</strong></span> <span class='ocrx_word' id='word_1_826' title='bbox 1421 2802 1502 2831; x_wconf 72' lang='lat' dir='ltr'><strong>tribus</strong></span> <span class='ocrx_word' id='word_1_827' title='bbox 1523 2804 1612 2834; x_wconf 67' lang='lat' dir='ltr'><strong>diebus</strong></span> <span class='ocrx_word' id='word_1_828' title='bbox 1624 2805 1706 2834; x_wconf 70' lang='lat' dir='ltr'><strong>mei-</strong></span> 
     </span>
    </p>
   </div>
  </div>
 </body>
</html>
