1832 3016
150 180 202 209 999
452 192 477 208 12,-
523 192 530 200 -
671 174 702 202 S.
725 171 851 201 tstbont
869 171 1095 203 tttSPALENSls
1121 173 1278 217 EPISCQP!
1446 167 1482 198 -r'
1723 176 1794 205 ¹⁰00

151 232 215 273 ipsae
228 239 329 271 septem
352 239 412 261 esse
434 231 571 263 dicuntur,
597 230 645 258 sed
666 229 781 265 amplius
799 236 879 264 quam
894 236 943 257 sex

151 284 239 312 nullus
253 279 409 314 conspicere
425 282 522 313 potest.
547 277 610 304 flaec
632 277 666 304 ab
692 277 796 303 oriente
820 281 942 311 surgunt,

151 334 176 357 et
188 326 416 361 appropinquante
431 324 483 350 diei
506 323 630 350 claritate
650 323 789 350 stellarum
803 322 863 357 eius
877 322 945 350 ordo

151 373 321 402 distenditur.
349 368 470 398 Pleiades
490 375 580 397 autem
605 377 638 397 ex
665 368 818 403 pluralitate
843 373 945 395 vocatae

150 426 221 453 sunt,
247 420 308 454 qnia
328 419 508 454 pluralitatem
531 417 617 444 Graeci
637 416 775 446 τελειότητα
797 415 943 451 appellant.

151 467 205 495 tias
229 465 316 493 Latini
342 464 470 498 Vergilias
490 463 704 498 appellaverunt,
729 470 762 489 eo
784 461 856 496 quod
881 468 945 488 vere

151 514 280 544 oriantur.
305 516 331 538 et
345 518 377 538 eo
393 511 478 545 magis
489 509 595 537 caeteris
610 508 802 544 praedicantur,
817 506 888 541 qnod
903 506 944 533 bis

151 558 334 587 exorientibus
355 561 436 584 aestas
454 556 636 591 significatur,
659 553 842 582 occidentibus
859 553 944 579 biems

151 604 310 637 ostenditur,
325 603 396 638 quod
407 602 465 630 aliis
478 602 583 637 penitus
594 605 699 628 nonest
712 599 837 627 traditum
851 598 944 634 signis.

187 651 213 677 7.
235 649 282 676 His
305 653 394 676 autem
414 648 510 681 stellis,
527 648 561 675 ab
575 655 608 675 eo
629 646 701 682 quod
716 650 818 680 septem
843 649 947 672 suntet

151 695 290 731 splendide
299 696 407 726 micant,
419 694 503 722 sancti
514 701 610 722 ornnes
618 693 767 727 septiformi
781 692 890 727 spiritus
899 691 948 718 vit·-

153 747 209 768 tute
231 742 363 776 fulgentes
385 740 585 775 significantur;
601 739 655 775 40
675 740 709 767 ab
722 747 755 767 eo
775 743 863 766 autem
878 738 948 772 quod

152 787 204 815 sibi
215 787 374 818 vicinantur.
386 787 434 815 sed
450 794 503 813 non
517 793 546 814 se
562 787 730 820 contingunt,
745 785 876 812 enaritate
888 791 950 819 pro-

153 835 250 866 ximos,
263 839 287 861 et
298 839 419 868 tempore
427 834 526 861 divisos
537 833 584 861 Dei
596 833 783 868 praedicatores
794 832 949 859 ostendunt.

190 880 216 907 8.
233 880 315 908 Orion
330 880 406 907 stella
419 880 491 907 esst.
507 879 555 906 llic
564 884 651 906 autem
663 879 744 906 Orion
754 877 951 918 gladiusdrctus

154 930 205 953 est.
234 925 309 953 Unde
323 926 402 953 etiam
418 933 479 953 eum
498 925 585 952 Latini
600 924 723 959 Jugutam
739 929 847 958 vocant,
864 923 948 956 sidus,

155 976 184 998 ut
198 971 312 1003 videtur,
327 975 461 998 armatum
473 975 500 998 et
512 970 649 998 stellarum
665 970 724 997 luce
737 969 867 1001 terribile,
881 969 952 1003 quod

155 1018 280 1053 ignorare
291 1025 392 1052 magnae
406 1017 572 1044 difficultatis
583 1022 633 1050 est,
648 1016 715 1043 adeo
731 1020 760 1043 ut
770 1015 892 1050 quamvis
905 1023 952 1042 ru—

157 1063 206 1090 des
221 1063 324 1095 oculos,
341 1067 429 1090 tamen
445 1071 499 1097 prte
514 1062 624 1097 fulgoris
636 1061 779 1095 splendore
794 1062 821 1088 in
835 1062 953 1096 seipsum

156 1109 252 1144 rapiat.
279 1110 311 1136 ui
325 1110 423 1144 quippe
438 1110 550 1137 Oriones
573 1109 600 1136 in
615 1110 673 1144 ipso
690 1109 810 1143 pondere
825 1107 954 1142 temporis

158 1155 280 1182 biennalis
293 1156 461 1188 exoriuntur,
486 1163 588 1191 suoque
611 1161 670 1182 ortu
684 1155 785 1182 imbres
801 1161 827 1182 et
851 1159 954 1190 tempe·

157 1206 240 1229 states
264 1202 391 1234 excitant,
415 1206 442 1229 et
460 1204 544 1229 maria
559 1207 697 1237 terrasque
713 1201 881 1236 perturbant.

194 1247 220 1274 9.
240 1248 352 1275 Oriones
376 1253 464 1275 autem
489 1249 642 1283 significant
666 1253 808 1284 martyres.
836 1248 902 1275 Nam
918 1248 955 1275 si-

158 1297 203 1320 cut
221 1292 265 1319 isti
292 1298 436 1321 nascuntur
459 1294 486 1321 in
509 1295 578 1322 coelo
605 1301 727 1330 tempore
756 1294 861 1326 hiemis,
878 1294 913 1321 ita
927 1294 955 1320 in

159 1339 279 1367 Ecclesia
304 1345 435 1375 martyres
465 1341 612 1374 procedunt
639 1346 759 1375 tempore
789 1341 954 1375 persecutio·

160 1386 212 1412 nis.
231 1385 439 1413 Procedentibus
451 1386 609 1419 orionibus,
627 1393 701 1413 mare
717 1386 839 1413 turbatur
859 1390 886 1412 et
905 1390 957 1412 ter-

160 1438 190 1458 ra
202 1439 210 1463 3
223 1430 325 1457 obortis
344 1438 408 1458 vero
425 1431 600 1466 martyribus,
622 1437 790 1459 terrenorum
814 1437 841 1459 et
859 1431 956 1465 infide-

160 1477 227 1505 lium
243 1478 323 1505 corda
338 1482 499 1513 tempestate
509 1479 655 1512 jactantur.

197 1525 242 1552 ¹0.
259 1525 375 1557 Lucifer,
389 1525 466 1552 stella
484 1526 581 1557 nitens,
599 1533 658 1559 quae
673 1526 794 1553 ominum
805 1526 921 1553 maxima
930 1530 958 1553 et.

161 1571 258 1599 clarior
270 1579 330 1599 esse
345 1571 457 1598 videtur.
472 1571 538 1598 Nam
552 1572 777 1606 quemadmodum
793 1572 833 1599 sol
844 1576 871 1599 et
881 1571 955 1604 luna.

161 1618 197 1645 ita
219 1618 277 1644 baec
300 1618 421 1644 umbram
435 1617 509 1644 facit.
535 1618 585 1644 ista
610 1618 689 1652 igitur
713 1619 845 1646 orientem
872 1619 956 1646 solent

162 1664 299 1699 praecedit,
312 1668 393 1698 atque
408 1672 485 1690 mane
510 1666 635 1691 nuntians
660 1665 785 1692 tenebras
809 1665 895 1691 noctis
917 1665 958 1691 lu-

163 1710 235 1737 mine
247 1710 288 1736 sui
304 1709 413 1744 fulgoris
427 1710 565 1743 dispersit.
578 1710 659 1744 Cujus
673 1710 758 1744 figura
770 1714 811 1737 est
823 1708 956 1742 Christus,

162 1758 219 1792 qui,
233 1757 306 1784 vetut
321 1756 437 1787 Lucifer,
456 1764 501 1790 per
516 1756 709 1783 incarnationis
725 1757 882 1791 mysterium
897 1764 959 1790 pro-

163 1803 268 1831 ducitur
281 1811 289 1835 ;
304 1810 350 1838 per
366 1810 444 1838 quem
460 1802 506 1830 lux
522 1802 594 1835 fidei,
611 1807 736 1836 tanquam
752 1802 809 1829 dies
822 1806 956 1836 secutura,

164 1854 338 1878 monstratur.

202 1897 245 1924 ff.
255 1896 361 1924 Lucifer
369 1900 458 1923 autem
469 1895 609 1930 bipertitus
621 1902 674 1922 est:
687 1896 726 1924 sic
734 1896 812 1930 nujus
825 1902 886 1930 pars
897 1903 960 1923 san-

165 1949 206 1973 cta
219 1949 271 1978 est,
283 1944 352 1971 sicut
363 1943 492 1970 Dominus
503 1944 529 1970 in
544 1943 704 1978 Apocalypsi
715 1944 747 1970 de
758 1950 788 1970 se
799 1948 825 1969 et
839 1942 958 1969 Ecclesia

165 1993 229 2020 dicit
241 2000 248 2019 ε
260 1991 317 2026 qu
332 1999 387 2018 sitm
399 1998 477 2026 yemis
493 1995 515 2016 et
531 1990 607 2016 radix
619 1990 713 2022 David,
728 1990 813 2017 Stella
823 1989 959 2024 sptemticta

166 2044 189 2066 et
201 2039 336 2065 niatutimt.
353 2037 417 2064 item
432 2046 439 2064 ⁴.
462 2036 512 2069 Qut
528 2037 615 2069 vincit,
626 2037 692 2063 dabo
703 2038 726 2063 ei
740 2037 840 2064 stellam
853 2037 959 2063 matuti-

167 2092 237 2111 nam.
255 2084 320 2111 Pars
334 2088 423 2110 autem
438 2083 488 2109 ali-i
510 2082 637 2117 Luciferi,
654 2083 776 2110 diabolus
796 2090 855 2110 esse
866 2083 960 2117 digno-

167 2130 260 2157 scitur.
277 2129 315 2156 De
331 2136 384 2163 qun
407 2129 534 2163 scriptum
560 2134 601 2155 est
617 2137 623 2154 ε
643 2129 778 2161 Quomodo
792 2130 905 2156 cecidisti
929 2130 961 2157 de

168 2176 240 2206 coelo,
250 2174 303 2209 41
316 2173 429 2208 Lucifer,
442 2174 485 2208 qui
504 2182 577 2200 mane
587 2174 710 2201 oriebaris
720 2175 732 2200 ?
742 2179 769 2201 et
781 2176 826 2208 qui
838 2175 919 2202 etiam
933 2175 960 2202 in

204 2232 231 2258 7.
244 2231 281 2258 At·
294 2238 322 2257 eo
332 2230 399 2264 qnod
407 2234 502 2259 septem
515 2234 583 2256 sinit.
595 2229 693 2259 Clem..
701 2230 801 2256 Strnm.
812 2238 848 2262 vi,
858 2235 959 2265 septem

168 2274 230 2296 esse
239 2266 309 2293 serio
325 2266 450 2295 affirmat,
467 2270 493 2291 et
506 2264 585 2291 Basil.
602 2264 628 2290 in
644 2272 704 2298 cap.
722 2272 750 2291 ιιι
766 2266 826 2292 lsai.
855 2271 959 2298 sentem

169 2303 207 2330 ait
221 2307 360 2336 apparete,
374 2299 496 2334 quamvis
512 2306 606 2333 parvas
621 2303 649 2326 et
658 2299 830 2334 glomeratas,
842 2305 870 2327 et
880 2301 958 2329 ovid.

168 2339 230 2366 ΗΝ.
247 2344 321 2401 Ιῖὶιιεε
331 2374 428 2402 septem
439 2369 486 2394 dici
495 2387 503 2400 ‚
513 2374 559 2393 sex
571 2372 652 2393 tamen
664 2374 720 2394 esse
731 2368 820 2393 solent.

169 2413 227 2442 Cic.
242 2415 391 2441 etanta:

262 2459 306 2484 11ae
318 2461 413 2490 septem
425 2457 499 2488 vulgo
518 2456 678 2488 pet-bibentur
688 2462 757 2480 more
768 2458 868 2480 vetusto

263 2489 349 2515 Stellae
357 2508 364 2520 ,
376 2492 512 2514 cernuntur
523 2493 583 2512 vero
594 2493 638 2512 sex
650 2487 759 2517 undique
771 2493 861 2518 parva.

263 2522 293 2546 At
306 2527 354 2545 non
367 2520 491 2545 interiisse
502 2519 580 2550 putari
592 2518 707 2543 usuvenit
718 2523 800 2546 uuam,

262 2552 313 2577 Sed
325 2552 411 2576 trustra
424 2555 519 2575 temere
529 2555 543 2573 a
555 2549 626 2579 vulgo
635 2549 732 2573 ratione
744 2549 798 2572 siue
811 2546 860 2573 ulla

263 2584 365 2614 Septem
375 2581 465 2609 dicier,
479 2583 506 2605 ut
517 2585 617 2606 veteres
627 2582 738 2604 statuere
751 2581 840 2610 poetae,

264 2613 366 2638 AEtemo
376 2616 476 2636 mineus
486 2617 548 2642 aevo,
564 2611 606 2641 qui
618 2611 717 2634 uomiue
728 2610 831 2640 dignsnl.

263 2644 381 2675 Alcyone,
394 2643 544 2673 uei-opeque
555 2641 657 2669 celeno,
669 2640 839 2672 Taygeteque.

264 2675 362 2700 Electre
371 2693 379 2706 ,
390 2674 545 2705 Stet-opeque
556 2672 628 2697 simul
643 2673 793 2697 sanctissima
806 2671 878 2697 Uala.

209 2707 331 2746 &Drion
349 2717 424 2743 ttetta
445 2721 483 2743 est
495 2715 520 2742 ’ἃ
541 2714 678 2743 Asterisco
690 2714 840 2742 notavimus
862 2714 960 2748 iocum,

173 2760 252 2788 quem
271 2752 347 2780 facile
360 2751 469 2786 explere
489 2751 585 2785 possis,
601 2751 691 2777 velex
711 2750 789 2777 tertio
810 2749 960 2785 etymolog.

173 2788 218 2816 vel
232 2795 265 2815 ex
280 2787 354 2814 Arati
371 2787 516 2822 interprete
530 2793 543 2812 a
562 2792 615 2820 qno
626 2785 744 2812 isidorus
758 2784 816 2812 bae
825 2788 962 2812 mutuatus

175 2827 226 2849 est.
241 2822 287 2849 Sic
297 2821 368 2848 enlm
385 2822 428 2848 ille
441 2830 447 2847 :
465 2821 557 2853 Orion,
577 2820 620 2854 qitt'
636 2824 662 2847 et
681 2820 768 2847 inccta
784 2818 889 2852 dieitur.
903 2823 964 2847 aitte

176 2855 766 2926 &zzmzwffltutgssrsrindssewpssssoagg
776 2862 876 2925 'five-0:30
880 2853 962 2917 ταῖεἷ

142 2933 149 2938 ·
177 2900 276 2962 ιἶνιιιιιι,
289 2933 347 2955 cuin
356 2930 463 2973 maj-t
478 2930 559 2955 urru
569 2926 759 2962 mmet-tim
778 2925 871 2954 Νῆα.
882 2923 963 2955 itm

958 231 982 260 Δ
994 229 1064 258 coelo
1078 238 1158 266 super
1172 231 1266 259 stellas
1276 231 1325 259 Dei
1344 231 1409 259 dicit
1423 239 1454 260 se
1473 232 1567 261 sedem
1590 232 1750 269 positurum,
1764 238 1795 264 et

997 276 1096 305 cadens
1117 277 1151 305 de
1175 278 1244 306 coelo
1263 278 1453 314 confringitur.

1035 322 1079 350 ¹2.
1095 323 1229 359 vesperus
1252 329 1293 353 est
1318 326 1393 353 stella
1420 325 1593 354 occidentalis
1619 331 1726 355 noctem
1743 327 1795 356 du-

999 375 1074 396 cens.
1099 368 1147 396 llic
1160 369 1245 398 solem
1268 371 1434 398 occidentem
1459 372 1598 406 sequitur,
1620 377 1647 400 et
1670 372 1796 401 tenebras

999 413 1173 442 succedentes
1185 415 1322 449 praecedit.
1335 416 1384 443 iiic
1396 420 1485 443 autem
1500 416 1659 445 Anticliristi
1670 417 1797 451 exprimit

1000 465 1103 496 typum,
1117 461 1162 496 qui
1178 465 1303 496 tanquam
1315 469 1411 496 vesper
1421 463 1567 497 consurgit,
1585 467 1613 490 ut
1628 463 1665 490 ait
1679 462 1740 495 Job,
1752 470 1798 490 su-

1001 514 1049 542 per
1060 507 1129 533 filios
1142 512 1232 540 terrae,
1254 512 1285 534 ut
1305 515 1384 535 caecae
1403 508 1490 536 noctis
1505 515 1632 536 successu
1649 508 1797 536 carnalium

1000 552 1082 580 corda
1101 552 1223 580 offuscet.
1244 553 1320 586 Quod
1344 553 1404 580 ideo
1418 558 1528 581 auctore
1544 554 1599 582 Deo
1618 555 1657 588 tit.
1673 555 1734 589 quia
1749 561 1797 589 pro

1002 597 1161 625 infidelitate
1170 598 1342 632 praecedenti,
1357 606 1409 633 qua
1423 604 1569 627 renuerunt
1580 599 1689 628 Christo
1701 599 1796 628 crede·
1813 610 1819 614 ·

1002 651 1043 679 re,
1058 645 1253 673 Antichristum
1267 646 1405 681 suscipere
1422 651 1586 675 meruerunt.

1041 691 1084 719 15.
1099 691 1224 719 Cometes
1247 692 1323 720 stella
1348 697 1389 720 est
1408 700 1467 728 quse
1490 693 1563 721 velut
1583 701 1674 722 comas
1689 694 1797 724 luminis

1004 745 1038 766 ex
1056 745 1085 765 se
1104 738 1200 767 fundit.
1226 738 1288 765 llaec
1298 745 1360 765 cum
1377 739 1505 771 nascitur,
1522 744 1567 767 aut
1582 741 1657 775 regni
1670 741 1797 769 mutatio-

1003 790 1065 811 nem
1091 783 1174 810 fertnr
1194 783 1351 815 ostendere,
1376 789 1421 811 aut
1449 784 1534 813 bella.
1559 789 1605 812 aut
1631 786 1797 820 pestilentias

1004 835 1124 862 surgere.
1150 827 1187 855 De
1201 835 1254 862 qua
1275 828 1436 856 Prudentius
1457 829 1515 856 ait:
1535 828 1628 857 Tristis
1647 836 1744 858 cometa
1757 831 1798 858 in-

1005 874 1118 902 tercedit.
1134 873 1168 902 Et
1182 873 1323 902 Lucanus:

966 921 989 953 B
1077 946 1083 951 .
1111 946 1118 954 .
1137 947 1144 954 .
1163 948 1169 954 .
1187 929 1217 954 Et
1229 931 1302 955 terris
1312 930 1465 956 minitantem
1476 937 1555 962 regna
1566 935 1698 958 cometem.

1005 971 1038 999 Et
1052 971 1178 1006 Virgilius
1191 979 1199 998 :

1156 1037 1162 1043 .
1204 1017 1257 1043 Nec
1267 1019 1314 1043 diri
1326 1019 1400 1044 toties
1412 1025 1498 1044 arsere
1507 1022 1620 1045 cometae.

1005 1060 1172 1088 Genethliaci
1183 1064 1274 1087 autem
1287 1067 1382 1087 omnes
1394 1060 1487 1087 stellas
1498 1062 1628 1088 erraticas
1638 1060 1798 1095 quibusdam

1006 1106 1172 1141 temporibus
1198 1110 1317 1133 cometas
1342 1105 1400 1132 fieri
1425 1105 1531 1139 dicunt,
1558 1110 1585 1133 et
1605 1110 1684 1141 prout
1705 1107 1802 1141 cuique

1005 1158 1067 1180 sunt
1084 1156 1184 1184 motus,
1212 1151 1250 1178 ita
1277 1150 1394 1178 secunda
1421 1151 1465 1178 vel
1489 1151 1603 1179 adversa
1631 1152 1800 1186 portendere.

1043 1197 1087 1225 tt.
1102 1197 1190 1225 Sirius
1204 1197 1281 1224 stella
1296 1201 1348 1229 est,
1359 1204 1439 1231 quam
1450 1197 1529 1231 vulgo
1543 1196 1642 1224 Canem
1654 1198 1799 1232 appellant.

1007 1243 1092 1271 Sirius
1114 1243 1211 1277 quippe
1227 1242 1360 1276 appellata
1384 1246 1492 1276 propter
1510 1241 1625 1269 flammae
1643 1241 1800 1276 candorem,

1006 1289 1077 1323 quod
1099 1287 1230 1322 ejusmodi
1250 1288 1284 1314 sit
1304 1292 1333 1314 ut
1356 1294 1411 1322 prae
1433 1287 1538 1315 caeteris
1558 1287 1647 1315 lucere
1669 1287 1801 1314 videatur.

1007 1332 1070 1360 uec
1093 1333 1184 1360 oriens
1211 1332 1339 1359 mundum
1363 1332 1468 1359 ardoris
1491 1331 1573 1359 nimio
1596 1332 1685 1359 calore
1711 1332 1803 1359 incen-

1007 1378 1057 1411 dit,
1069 1382 1096 1405 et
1108 1382 1174 1405 a2stu
1196 1385 1245 1405 suo
1273 1377 1374 1404 fructus
1389 1377 1487 1405 exurit.
1513 1377 1649 1405 lnterdum
1663 1382 1690 1405 et
1709 1377 1803 1405 morbo

1007 1424 1091 1451 afficit
1116 1431 1239 1457 corpora.
1265 1430 1442 1456 corrumpens
1463 1430 1553 1450 aerem
1569 1423 1706 1458 flagrantia
1722 1423 1800 1458 ignis.

1007 1470 1050 1498 Ab
1071 1469 1121 1496 bac
1141 1470 1212 1496 enim
1237 1469 1315 1495 stella
1338 1468 1396 1495 dies
1420 1467 1593 1496 caniculares
1617 1469 1801 1500 nominantur,

1009 1516 1132 1551 quoniam
1149 1515 1175 1542 bi
1190 1516 1249 1550 plus
1263 1515 1378 1550 flagrant
1388 1514 1528 1543 ardoribus
1539 1522 1619 1550 quam
1632 1516 1713 1544 totius
1724 1519 1800 1543 aesta·

1010 1563 1044 1591 tis
1058 1568 1171 1598 tempus.

1282 1616 1395 1645 CAPUT
1419 1616 1526 1645 XXVlf.

1184 1663 1277 1692 Utrum
1287 1664 1371 1691 sidera
1385 1664 1500 1690 animam
1513 1663 1634 1692 habeant.

1046 1711 1071 1738 ι.
1096 1710 1170 1738 Solet
1183 1715 1271 1737 antem
1291 1709 1386 1744 quaeri,
1400 1715 1430 1737 ut
1449 1711 1485 1737 ait
1506 1715 1615 1737 sanctus
1630 1710 1803 1745 Augustinus.

1012 1762 1100 1785 utrum
1115 1757 1156 1784 sol
1175 1755 1229 1792 42
1243 1760 1271 1783 et
1292 1756 1366 1787 luna,
1382 1760 1409 1783 et
1423 1755 1483 1782 aliae
1505 1755 1602 1789 stellae,
1619 1762 1731 1789 corpora
1746 1755 1804 1783 sota

1009 1804 1075 1837 sint,
1091 1811 1126 1830 an
1142 1803 1260 1830 babeant
1276 1808 1398 1830 rectores
1412 1801 1542 1837 quosdam
1556 1802 1666 1836 spiritus
1680 1809 1753 1829 suos.
1770 1801 1804 1829 Et

1010 1849 1034 1876 si
1050 1849 1162 1881 babent,
1184 1853 1273 1875 utrum
1292 1848 1326 1874 ab
1341 1848 1381 1875 eis
1396 1847 1478 1875 etiam
1491 1847 1609 1875 vitaliter
1622 1847 1798 1882 inspirentur,

1010 1895 1079 1923 sicut
1101 1895 1254 1922 animantur
1273 1901 1353 1921 canes
1377 1901 1425 1928 per
1448 1894 1551 1920 animas
1574 1893 1748 1923 animalium.
1770 1900 1804 1920 an

1011 1941 1067 1968 sola
1084 1941 1142 1968 sine
1158 1940 1211 1967 ulla
1228 1939 1404 1973 permistione
1422 1939 1575 1974 praesentia.
1592 1938 1626 1966 Et
1638 1938 1701 1966 dum
1717 1942 1805 1965 motus

1011 1985 1128 2020 alicujus
1143 1985 1265 2019 corporis
1279 1984 1339 2011 sine
1352 1984 1441 2011 anima
1455 1991 1516 2011 esse
1531 1991 1584 2011 non
1600 1983 1694 2018 possit,
1708 1982 1804 2016 stellae,

1013 2039 1073 2066 quae
1099 2039 1160 2058 cum
1183 2034 1258 2057 tanto
1274 2030 1368 2058 ordine
1392 2037 1423 2057 ac
1448 2034 1521 2056 tanta
1536 2030 1640 2056 ratione
1654 2033 1804 2062 moventur.

1012 2076 1080 2103 utin
1095 2076 1166 2103 nullo
1185 2083 1294 2110 prorsus
1315 2074 1460 2109 aliquando
1483 2081 1578 2102 cursus
1600 2081 1693 2101 earum
1714 2073 1803 2108 impe-

1012 2123 1110 2154 diatur,
1127 2126 1215 2149 utrum
1229 2121 1382 2148 animantes
1395 2121 1459 2153 sint,
1472 2125 1499 2148 et
1511 2119 1683 2148 rationabiles
1694 2119 1806 2147 videan-

1013 2173 1066 2201 tur,
1080 2176 1132 2195 non
1148 2167 1226 2195 facile
1246 2166 1438 2201 comprehendi
1453 2170 1552 2201 potest.

1013 2225 1124 2252 Romani
1133 2225 1254 2260 juqntam
1266 2227 1376 2263 vocam,-
1389 2230 1422 2263 9⁰.
1432 2222 1500 2257 qued
1513 2222 1546 2250 nit
1564 2226 1690 2254 armatus,
1702 2225 1730 2248 ut
1745 2221 1806 2257 ρία-

974 2282 1002 2312 Ῑ)
1015 2258 1610 2332 ὼὙὸἰᾶξειὶιῆἒυἷ’)ηνέὲιῖιῃιιῗιᾝιῖέῖιῖἷιιειιῖιριἀε.
1624 2291 1706 2332 f’ejus
1719 2291 1832 2319 multo-*t

1014 2338 1134 2358 manusc.
1146 2336 1240 2356 omnes
1255 2338 1262 2355 ι
1280 2327 1328 2354 Hic
1342 2331 1427 2354 antem
1442 2325 1522 2353 Onon
1532 2334 1548 2352 a
1559 2326 1645 2360 qtodw
1656 2327 1740 2352 dictus
1754 2322 1832 2357 est.)

1050 2364 1164 2426 11?an
1178 2368 1242 2391 nota
1253 2362 1347 2392 Grialii
1359 2361 1473 2389 fortasse
1485 2361 1625 2396 legendum
1638 2361 1736 2396 jugula
1754 2354 1832 2398 prod

1014 2401 1072 2428 inco
1084 2408 1110 2426 a.
1150 2406 1214 2426 nev-

1052 2435 1096 2461 to.
1117 2433 1219 2467 Lucifer
1229 2432 1303 2459 stella
1318 2431 1411 2458 nitens.
1422 2431 1502 2459 Plura
1515 2431 1559 2459 bic
1574 2431 1698 2467 leguntur
1708 2430 1734 2458 in
1746 2430 1806 2465 qui-

1015 2469 1126 2502 busdam
1138 2468 1247 2500 libris,e
1257 2467 1334 2494 tertio
1344 2466 1534 2501 Etymologiar.
1547 2466 1599 2495 bue
1611 2466 1707 2498 accita.
1718 2472 1788 2502 nequ

1016 2504 1088 2532 enim
1101 2503 1126 2529 in
1141 2502 1331 2530 vetustioribus
1343 2501 1523 2535 reperiuntur.

1052 2539 1095 2566 ¹5.
1112 2537 1236 2565 Cometes.
1254 2537 1375 2564 Totidem
1390 2535 1456 2564 fere.
1472 2544 1502 2564 ιιι
1515 2537 1548 2564 Et
1567 2536 1664 2571 ‹noiog-

1052 2573 1121 2600 fbid.
1148 2571 1289 2599 tnmctdtt.
1310 2572 1346 2599 lta
1365 2572 1471 2606 reposui
1491 2579 1524 2600 ex
1566 2569 1700 2600 rudentio.
1720 2568 1784 2598 Gria

1016 2609 1081 2640 lius.
1096 2608 1247 2640 intercedit,·
1262 2606 1383 2634 nonmdli
1399 2606 1475 2642 Mss.‚
1492 2606 1596 2634 incedit.
1611 2607 1696 2634 Ansv.

1053 2643 1096 2671 tt.
1119 2642 1204 2671 sirtue
1217 2643 1309 2678 quippe
1329 2642 1473 2677 appellatur
1499 2646 1600 2677 propter
1617 2641 1729 2676 flanimae
1745 2646 1775 2666 ca

1017 2679 1103 2706 dorem
1116 2699 1124 2712 ‚
1151 2678 1306 2705 Rectissime
1316 2698 1323 2711 ,
1352 2682 1382 2704 ιιι
1409 2684 1444 2704 ne
1465 2676 1582 2712 suspicio
1614 2674 1723 2710 quidem
1749 2673 1776 2701 ul

1017 2718 1100 2742 restet
1114 2713 1150 2741 de
1162 2713 1350 2741 emendatione
1366 2711 1418 2740 loci
1438 2711 1498 2740 libri
1511 2718 1542 2739 ιιι
1556 2710 1707 2746 myntolog-
1727 2709 1782 2737 An

1016 2749 1148 2783 interpres
1160 2757 1168 2775 ι
1183 2748 1280 2776 Sirium
1293 2752 1380 2775 autem
1392 2746 1494 2775 stellam
1506 2751 1622 2775 vocatam
1637 2748 1730 2782 petam

1017 2790 1072 2819 pter
1082 2786 1194 2819 llammoe
1207 2784 1353 2810 candorem.

1051 2819 1121 2847 thid.
1143 2818 1254 2845 AEntatis
1268 2822 1377 2854 tempu.
1394 2816 1448 2850 At..
1464 2815 1577 2844 AEuatic
1591 2820 1690 2852 impu
1702 2821 1737 2843 xv

1015 2855 1047 2882 de
1061 2854 1147 2887 Iulio,
1163 2858 1188 2882 et
1202 2861 1235 2880 xx
1249 2853 1282 2880 de
1293 2853 1417 2887 Augusto.
1434 2855 1519 2880 Anav-

1051 2889 1117 2917 Ωιι».
1131 2888 1238 2917 xxvii.
1252 2887 1328 2915 -Ν,
1343 2886 1370 2914 1.
1383 2885 1418 2914 tlt
1433 2887 1470 2915 ait
1485 2886 1516 2915 S.
1529 2883 1697 2926 suomi-its.
1712 2883 1752 2915 ΕΙ

1016 2931 1062 2954 mo
1078 2924 1147 2955 libro
1157 2922 1278 2954 secundo
1288 2922 1324 2952 de
1334 2921 1433 2952 Genu.
1443 2921 1478 2951 ιιι
1489 2921 1619 2951 tumui.
