<?xml version="1.0" encoding="UTF-8"?>
<!DOCTYPE html PUBLIC "-//W3C//DTD XHTML 1.0 Transitional//EN"
    "http://www.w3.org/TR/xhtml1/DTD/xhtml1-transitional.dtd">
<html xmlns="http://www.w3.org/1999/xhtml" xml:lang="en" lang="en">
 <head>
  <title>
</title>
<meta http-equiv="Content-Type" content="text/html;charset=utf-8" />
  <meta name='ocr-system' content='tesseract 3.04.00' />
  <meta name='ocr-capabilities' content='ocr_page ocr_carea ocr_par ocr_line ocrx_word'/>
</head>
<body>
  <div class='ocr_page' id='page_1' title='image "./patrologiae83unknuoft/patrologiae83unknuoft_0043.png"; bbox 0 0 1832 3016; ppageno 0'>
   <div class='ocr_carea' id='block_1_1' title="bbox 23 155 1657 253">
    <p class='ocr_par' dir='ltr' id='par_1_1' title="bbox 23 155 1657 253">
     <span class='ocr_line' id='line_1_1' title="bbox 25 155 1657 193; baseline 0.006 -11"><span class='ocrx_word' id='word_1_1' title='bbox 25 160 61 189; x_wconf 77' lang='lat'>73</span> <span class='ocrx_word' id='word_1_2' title='bbox 615 155 918 187; x_wconf 76' lang='lat' dir='ltr'>DlFFERENTlARUM</span> <span class='ocrx_word' id='word_1_3' title='bbox 938 159 1003 186; x_wconf 84' lang='lat' dir='ltr'>LIB.</span> <span class='ocrx_word' id='word_1_4' title='bbox 1023 158 1057 187; x_wconf 87' lang='lat' dir='ltr'>ll.</span> <span class='ocrx_word' id='word_1_5' title='bbox 1621 164 1657 193; x_wconf 72' lang='lat' dir='ltr'>‘tt</span> 
     </span>
     <span class='ocr_line' id='line_1_2' title="bbox 23 213 1654 253; baseline 0.001 -5"><span class='ocrx_word' id='word_1_6' title='bbox 23 219 114 252; x_wconf 81' lang='lat' dir='ltr'>Petra,</span> <span class='ocrx_word' id='word_1_7' title='bbox 136 219 226 253; x_wconf 80' lang='lat' dir='ltr'>Lapis,</span> <span class='ocrx_word' id='word_1_8' title='bbox 247 218 341 248; x_wconf 75' lang='lat' dir='ltr'>Homo.</span> <span class='ocrx_word' id='word_1_9' title='bbox 364 215 429 248; x_wconf 89' lang='lat' dir='ltr'>Leo,</span> <span class='ocrx_word' id='word_1_10' title='bbox 453 213 571 247; x_wconf 84' lang='lat' dir='ltr'>Vitulus,</span> <span class='ocrx_word' id='word_1_11' title='bbox 595 215 704 250; x_wconf 81' lang='lat' dir='ltr'>Aquila,</span> <span class='ocrx_word' id='word_1_12' title='bbox 728 219 754 243; x_wconf 89' lang='lat' dir='ltr'>et</span> <span class='ocrx_word' id='word_1_13' title='bbox 770 215 812 243; x_wconf 86' lang='lat' dir='ltr'>his</span> <span class='ocrx_word' id='word_1_14' title='bbox 827 217 852 246; x_wconf 83' lang='grc' dir='ltr'><strong>Α</strong></span> <span class='ocrx_word' id='word_1_15' title='bbox 865 223 897 243; x_wconf 88' lang='lat' dir='ltr'>ex</span> <span class='ocrx_word' id='word_1_16' title='bbox 911 216 989 243; x_wconf 87' lang='lat' dir='ltr'>virilu</span> <span class='ocrx_word' id='word_1_17' title='bbox 1000 216 1086 248; x_wconf 89' lang='lat' dir='ltr'>coitu,</span> <span class='ocrx_word' id='word_1_18' title='bbox 1108 214 1156 243; x_wconf 90' lang='lat' dir='ltr'>sed</span> <span class='ocrx_word' id='word_1_19' title='bbox 1169 215 1203 243; x_wconf 91' lang='lat' dir='ltr'>de</span> <span class='ocrx_word' id='word_1_20' title='bbox 1217 215 1320 251; x_wconf 85' lang='lat' dir='ltr'>Spiritu</span> <span class='ocrx_word' id='word_1_21' title='bbox 1340 221 1432 246; x_wconf 84' lang='lat' dir='ltr'>sancto</span> <span class='ocrx_word' id='word_1_22' title='bbox 1445 221 1523 247; x_wconf 83' lang='lat' dir='ltr'>natus</span> <span class='ocrx_word' id='word_1_23' title='bbox 1536 223 1586 248; x_wconf 74' lang='lat' dir='ltr'>est.</span> <span class='ocrx_word' id='word_1_24' title='bbox 1601 220 1654 250; x_wconf 83' lang='lat' dir='ltr'>Na-</span> 
     </span>
    </p>
   </div>
   <div class='ocr_carea' id='block_1_2' title="bbox 17 260 812 895">
    <p class='ocr_par' dir='ltr' id='par_1_2' title="bbox 22 260 812 436">
     <span class='ocr_line' id='line_1_3' title="bbox 25 260 812 296; baseline -0.008 -3"><span class='ocrx_word' id='word_1_25' title='bbox 25 266 131 293; x_wconf 75' lang='lat' dir='ltr'>similia.</span> <span class='ocrx_word' id='word_1_26' title='bbox 151 265 221 292; x_wconf 87' lang='lat' dir='ltr'>Deus</span> <span class='ocrx_word' id='word_1_27' title='bbox 233 262 328 291; x_wconf 85' lang='lat' dir='ltr'>dicitur</span> <span class='ocrx_word' id='word_1_28' title='bbox 340 261 400 296; x_wconf 83' lang='lat' dir='ltr'>quia</span> <span class='ocrx_word' id='word_1_29' title='bbox 416 268 449 288; x_wconf 87' lang='lat' dir='ltr'>ex</span> <span class='ocrx_word' id='word_1_30' title='bbox 472 260 525 288; x_wconf 86' lang='lat' dir='ltr'>Deo</span> <span class='ocrx_word' id='word_1_31' title='bbox 539 260 643 296; x_wconf 85' lang='lat' dir='ltr'>genitus</span> <span class='ocrx_word' id='word_1_32' title='bbox 655 264 705 294; x_wconf 88' lang='lat' dir='ltr'>est,</span> <span class='ocrx_word' id='word_1_33' title='bbox 719 260 812 288; x_wconf 88' lang='lat' dir='ltr'>Omni-</span> 
     </span>
     <span class='ocr_line' id='line_1_4' title="bbox 23 307 811 347; baseline -0.006 -8"><span class='ocrx_word' id='word_1_34' title='bbox 23 316 118 347; x_wconf 90' lang='lat' dir='ltr'>potens</span> <span class='ocrx_word' id='word_1_35' title='bbox 129 311 162 339; x_wconf 86' lang='lat' dir='ltr'>ab</span> <span class='ocrx_word' id='word_1_36' title='bbox 179 309 375 343; x_wconf 83' lang='lat' dir='ltr'>omnipotente,</span> <span class='ocrx_word' id='word_1_37' title='bbox 390 307 528 335; x_wconf 75' lang='lat' dir='ltr'>Perfectus</span> <span class='ocrx_word' id='word_1_38' title='bbox 541 315 556 333; x_wconf 82' lang='lat' dir='ltr'>a</span> <span class='ocrx_word' id='word_1_39' title='bbox 572 307 713 335; x_wconf 85' lang='lat' dir='ltr'>Perfecto:</span> <span class='ocrx_word' id='word_1_40' title='bbox 729 307 811 335; x_wconf 84' lang='lat' dir='ltr'>Filius</span> 
     </span>
     <span class='ocr_line' id='line_1_5' title="bbox 23 352 810 390; baseline -0.004 -6"><span class='ocrx_word' id='word_1_41' title='bbox 23 357 69 384; x_wconf 85' lang='lat' dir='ltr'>Dei</span> <span class='ocrx_word' id='word_1_42' title='bbox 81 361 122 384; x_wconf 77' lang='lat' dir='ltr'>est</span> <span class='ocrx_word' id='word_1_43' title='bbox 132 376 141 390; x_wconf 97' lang='lat'>,</span> <span class='ocrx_word' id='word_1_44' title='bbox 152 355 211 390; x_wconf 82' lang='lat' dir='ltr'>quia</span> <span class='ocrx_word' id='word_1_45' title='bbox 221 354 284 381; x_wconf 91' lang='lat' dir='ltr'>dum</span> <span class='ocrx_word' id='word_1_46' title='bbox 300 354 350 380; x_wconf 85' lang='lat' dir='ltr'>hoc</span> <span class='ocrx_word' id='word_1_47' title='bbox 365 353 452 388; x_wconf 86' lang='lat' dir='ltr'>ipsum</span> <span class='ocrx_word' id='word_1_48' title='bbox 465 354 501 380; x_wconf 88' lang='lat' dir='ltr'>sit</span> <span class='ocrx_word' id='word_1_49' title='bbox 511 352 580 388; x_wconf 88' lang='lat' dir='ltr'>quod</span> <span class='ocrx_word' id='word_1_50' title='bbox 595 353 685 385; x_wconf 88' lang='lat' dir='ltr'>Pater,</span> <span class='ocrx_word' id='word_1_51' title='bbox 699 361 750 381; x_wconf 92' lang='lat' dir='ltr'>non</span> <span class='ocrx_word' id='word_1_52' title='bbox 769 357 810 381; x_wconf 91' lang='lat' dir='ltr'>ta-</span> 
     </span>
     <span class='ocr_line' id='line_1_6' title="bbox 22 399 379 436; baseline -0.011 -7"><span class='ocrx_word' id='word_1_53' title='bbox 22 409 83 429; x_wconf 87' lang='lat' dir='ltr'>men</span> <span class='ocrx_word' id='word_1_54' title='bbox 98 402 154 436; x_wconf 85' lang='lat' dir='ltr'>ipse</span> <span class='ocrx_word' id='word_1_55' title='bbox 171 403 212 428; x_wconf 84' lang='lat' dir='ltr'>est</span> <span class='ocrx_word' id='word_1_56' title='bbox 226 400 269 434; x_wconf 87' lang='lat' dir='ltr'>qui</span> <span class='ocrx_word' id='word_1_57' title='bbox 291 399 379 426; x_wconf 82' lang='lat' dir='ltr'>Pater.</span> 
     </span>
    </p>

    <p class='ocr_par' dir='ltr' id='par_1_3' title="bbox 18 444 811 758">
     <span class='ocr_line' id='line_1_7' title="bbox 58 444 811 479; baseline -0.004 -5"><span class='ocrx_word' id='word_1_58' title='bbox 58 447 101 474; x_wconf 76' lang='lat'>¹8.</span> <span class='ocrx_word' id='word_1_59' title='bbox 117 445 230 474; x_wconf 83' lang='lat' dir='ltr'>Verbum</span> <span class='ocrx_word' id='word_1_60' title='bbox 252 449 293 472; x_wconf 90' lang='lat' dir='ltr'>cst</span> <span class='ocrx_word' id='word_1_61' title='bbox 309 445 391 472; x_wconf 77' lang='lat' dir='ltr'>Filius</span> <span class='ocrx_word' id='word_1_62' title='bbox 406 445 463 478; x_wconf 81' lang='lat' dir='ltr'>Dei,</span> <span class='ocrx_word' id='word_1_63' title='bbox 477 445 539 479; x_wconf 82' lang='lat' dir='ltr'>quia</span> <span class='ocrx_word' id='word_1_64' title='bbox 559 446 664 479; x_wconf 81' lang='lat' dir='ltr'>proprie</span> <span class='ocrx_word' id='word_1_65' title='bbox 677 444 710 472; x_wconf 90' lang='lat' dir='ltr'>de</span> <span class='ocrx_word' id='word_1_66' title='bbox 721 445 811 472; x_wconf 90' lang='lat' dir='ltr'>divino</span> 
     </span>
     <span class='ocr_line' id='line_1_8' title="bbox 21 490 810 527; baseline -0.003 -7"><span class='ocrx_word' id='word_1_67' title='bbox 21 499 68 520; x_wconf 86' lang='lat' dir='ltr'>ore</span> <span class='ocrx_word' id='word_1_68' title='bbox 81 491 217 527; x_wconf 79' lang='lat' dir='ltr'><strong>processit,</strong></span> <span class='ocrx_word' id='word_1_69' title='bbox 229 491 271 518; x_wconf 86' lang='lat' dir='ltr'>vel</span> <span class='ocrx_word' id='word_1_70' title='bbox 281 491 342 525; x_wconf 91' lang='lat' dir='ltr'>quia</span> <span class='ocrx_word' id='word_1_71' title='bbox 358 490 423 518; x_wconf 87' lang='lat' dir='ltr'>nihil</span> <span class='ocrx_word' id='word_1_72' title='bbox 439 490 464 517; x_wconf 92' lang='lat' dir='ltr'>in</span> <span class='ocrx_word' id='word_1_73' title='bbox 479 490 626 517; x_wconf 87' lang='lat' dir='ltr'>substantia</span> <span class='ocrx_word' id='word_1_74' title='bbox 638 495 741 518; x_wconf 81' lang='lat' dir='ltr'>naturae</span> <span class='ocrx_word' id='word_1_75' title='bbox 755 498 810 518; x_wconf 83' lang='lat' dir='ltr'>suae</span> 
     </span>
     <span class='ocr_line' id='line_1_9' title="bbox 21 537 810 573; baseline 0 -7"><span class='ocrx_word' id='word_1_76' title='bbox 21 537 123 566; x_wconf 82' lang='lat' dir='ltr'><strong>visibile</strong></span> <span class='ocrx_word' id='word_1_77' title='bbox 133 537 175 565; x_wconf 84' lang='lat' dir='ltr'>vel</span> <span class='ocrx_word' id='word_1_78' title='bbox 190 545 346 572; x_wconf 84' lang='lat' dir='ltr'>corporeum</span> <span class='ocrx_word' id='word_1_79' title='bbox 360 542 409 569; x_wconf 89' lang='lat' dir='ltr'>est,</span> <span class='ocrx_word' id='word_1_80' title='bbox 425 537 466 564; x_wconf 91' lang='lat' dir='ltr'>vel</span> <span class='ocrx_word' id='word_1_81' title='bbox 479 545 525 571; x_wconf 93' lang='lat' dir='ltr'>pro</span> <span class='ocrx_word' id='word_1_82' title='bbox 537 545 569 565; x_wconf 93' lang='lat' dir='ltr'>eo</span> <span class='ocrx_word' id='word_1_83' title='bbox 582 537 653 571; x_wconf 89' lang='lat' dir='ltr'>quod</span> <span class='ocrx_word' id='word_1_84' title='bbox 669 537 748 565; x_wconf 87' lang='lat' dir='ltr'>Pater</span> <span class='ocrx_word' id='word_1_85' title='bbox 763 546 810 573; x_wconf 87' lang='lat' dir='ltr'>pet·</span> 
     </span>
     <span class='ocr_line' id='line_1_10' title="bbox 19 584 809 619; baseline -0.004 -5"><span class='ocrx_word' id='word_1_86' title='bbox 19 593 80 614; x_wconf 78' lang='lat' dir='ltr'>eum</span> <span class='ocrx_word' id='word_1_87' title='bbox 91 585 180 613; x_wconf 87' lang='lat' dir='ltr'>omnia</span> <span class='ocrx_word' id='word_1_88' title='bbox 192 585 310 613; x_wconf 81' lang='lat' dir='ltr'>condidit</span> <span class='ocrx_word' id='word_1_89' title='bbox 323 585 380 612; x_wconf 87' lang='lat' dir='ltr'>sive</span> <span class='ocrx_word' id='word_1_90' title='bbox 393 584 482 619; x_wconf 85' lang='lat' dir='ltr'>jussit,</span> <span class='ocrx_word' id='word_1_91' title='bbox 493 585 535 612; x_wconf 81' lang='lat' dir='ltr'>vel</span> <span class='ocrx_word' id='word_1_92' title='bbox 548 584 609 619; x_wconf 85' lang='lat' dir='ltr'>quia</span> <span class='ocrx_word' id='word_1_93' title='bbox 623 592 670 618; x_wconf 91' lang='lat' dir='ltr'>per</span> <span class='ocrx_word' id='word_1_94' title='bbox 681 585 754 612; x_wconf 89' lang='lat' dir='ltr'>illum</span> <span class='ocrx_word' id='word_1_95' title='bbox 769 585 809 611; x_wconf 89' lang='lat' dir='ltr'>in-</span> 
     </span>
     <span class='ocr_line' id='line_1_11' title="bbox 19 631 807 666; baseline -0.001 -7"><span class='ocrx_word' id='word_1_96' title='bbox 19 632 114 660; x_wconf 83' lang='lat' dir='ltr'>notuit.</span> <span class='ocrx_word' id='word_1_97' title='bbox 131 632 210 659; x_wconf 90' lang='lat' dir='ltr'>Pater</span> <span class='ocrx_word' id='word_1_98' title='bbox 221 632 380 666; x_wconf 90' lang='lat' dir='ltr'>principium</span> <span class='ocrx_word' id='word_1_99' title='bbox 395 639 428 659; x_wconf 83' lang='lat' dir='ltr'>ex</span> <span class='ocrx_word' id='word_1_100' title='bbox 449 639 481 659; x_wconf 90' lang='lat' dir='ltr'>eo</span> <span class='ocrx_word' id='word_1_101' title='bbox 499 631 570 666; x_wconf 91' lang='lat' dir='ltr'>quod</span> <span class='ocrx_word' id='word_1_102' title='bbox 584 639 675 659; x_wconf 91' lang='lat' dir='ltr'>rerum</span> <span class='ocrx_word' id='word_1_103' title='bbox 689 632 807 659; x_wconf 89' lang='lat' dir='ltr'>omnium</span> 
     </span>
     <span class='ocr_line' id='line_1_12' title="bbox 19 677 809 713; baseline 0 -8"><span class='ocrx_word' id='word_1_104' title='bbox 19 678 93 713; x_wconf 83' lang='lat' dir='ltr'>origo</span> <span class='ocrx_word' id='word_1_105' title='bbox 107 682 133 705; x_wconf 91' lang='lat' dir='ltr'>et</span> <span class='ocrx_word' id='word_1_106' title='bbox 148 685 227 705; x_wconf 89' lang='lat' dir='ltr'>causa</span> <span class='ocrx_word' id='word_1_107' title='bbox 248 678 294 705; x_wconf 89' lang='lat' dir='ltr'>sit.</span> <span class='ocrx_word' id='word_1_108' title='bbox 319 678 449 710; x_wconf 88' lang='lat' dir='ltr'>Dextera,</span> <span class='ocrx_word' id='word_1_109' title='bbox 471 683 582 712; x_wconf 88' lang='lat' dir='ltr'>propter</span> <span class='ocrx_word' id='word_1_110' title='bbox 594 677 717 705; x_wconf 80' lang='lat' dir='ltr'>effectum</span> <span class='ocrx_word' id='word_1_111' title='bbox 729 677 809 705; x_wconf 82' lang='lat' dir='ltr'>totius</span> 
     </span>
     <span class='ocr_line' id='line_1_13' title="bbox 18 722 630 758; baseline -0.003 -6"><span class='ocrx_word' id='word_1_112' title='bbox 18 728 146 752; x_wconf 77' lang='lat' dir='ltr'>creaturae</span> <span class='ocrx_word' id='word_1_113' title='bbox 159 744 166 756; x_wconf 93' lang='lat'>,</span> <span class='ocrx_word' id='word_1_114' title='bbox 182 732 240 758; x_wconf 76' lang='lat' dir='ltr'>quae</span> <span class='ocrx_word' id='word_1_115' title='bbox 267 731 313 758; x_wconf 92' lang='lat' dir='ltr'>per</span> <span class='ocrx_word' id='word_1_116' title='bbox 338 724 424 758; x_wconf 90' lang='lat' dir='ltr'>ipsum</span> <span class='ocrx_word' id='word_1_117' title='bbox 450 722 561 750; x_wconf 83' lang='lat' dir='ltr'>formata</span> <span class='ocrx_word' id='word_1_118' title='bbox 581 727 630 750; x_wconf 88' lang='lat' dir='ltr'>est.</span> 
     </span>
    </p>

    <p class='ocr_par' dir='ltr' id='par_1_4' title="bbox 17 768 808 895">
     <span class='ocr_line' id='line_1_14' title="bbox 53 768 806 804; baseline -0.004 -7"><span class='ocrx_word' id='word_1_119' title='bbox 53 769 97 797; x_wconf 77' lang='lat'>¹9.</span> <span class='ocrx_word' id='word_1_120' title='bbox 112 769 262 802; x_wconf 80' lang='lat' dir='ltr'>Brachium,</span> <span class='ocrx_word' id='word_1_121' title='bbox 272 769 332 804; x_wconf 86' lang='lat' dir='ltr'>quia</span> <span class='ocrx_word' id='word_1_122' title='bbox 345 769 379 796; x_wconf 93' lang='lat' dir='ltr'>ab</span> <span class='ocrx_word' id='word_1_123' title='bbox 390 769 448 803; x_wconf 85' lang='lat' dir='ltr'>ipso</span> <span class='ocrx_word' id='word_1_124' title='bbox 460 768 548 795; x_wconf 82' lang='lat' dir='ltr'>omnia</span> <span class='ocrx_word' id='word_1_125' title='bbox 557 769 806 796; x_wconf 88' lang='lat' dir='ltr'>continentur.Vtr-</span> 
     </span>
     <span class='ocr_line' id='line_1_15' title="bbox 18 815 808 849; baseline 0 -7"><span class='ocrx_word' id='word_1_126' title='bbox 18 818 62 843; x_wconf 85' lang='lat' dir='ltr'>tus</span> <span class='ocrx_word' id='word_1_127' title='bbox 75 822 123 849; x_wconf 88' lang='lat' dir='ltr'>pro</span> <span class='ocrx_word' id='word_1_128' title='bbox 138 821 170 841; x_wconf 93' lang='lat' dir='ltr'>co</span> <span class='ocrx_word' id='word_1_129' title='bbox 186 815 254 849; x_wconf 90' lang='lat' dir='ltr'>quod</span> <span class='ocrx_word' id='word_1_130' title='bbox 268 822 373 842; x_wconf 88' lang='lat' dir='ltr'>omnem</span> <span class='ocrx_word' id='word_1_131' title='bbox 389 819 548 849; x_wconf 90' lang='lat' dir='ltr'>potestatem</span> <span class='ocrx_word' id='word_1_132' title='bbox 567 815 652 842; x_wconf 87' lang='lat' dir='ltr'>Patris</span> <span class='ocrx_word' id='word_1_133' title='bbox 666 815 692 842; x_wconf 93' lang='lat' dir='ltr'>in</span> <span class='ocrx_word' id='word_1_134' title='bbox 708 819 808 842; x_wconf 88' lang='lat' dir='ltr'>semet-</span> 
     </span>
     <span class='ocr_line' id='line_1_16' title="bbox 17 859 806 895; baseline -0.001 -7"><span class='ocrx_word' id='word_1_135' title='bbox 17 859 103 895; x_wconf 80' lang='lat' dir='ltr'>ipsum</span> <span class='ocrx_word' id='word_1_136' title='bbox 118 860 229 894; x_wconf 86' lang='lat' dir='ltr'>habeat,</span> <span class='ocrx_word' id='word_1_137' title='bbox 246 865 273 888; x_wconf 86' lang='lat' dir='ltr'>et</span> <span class='ocrx_word' id='word_1_138' title='bbox 299 868 405 888; x_wconf 90' lang='lat' dir='ltr'>omnem</span> <span class='ocrx_word' id='word_1_139' title='bbox 430 860 491 888; x_wconf 88' lang='lat' dir='ltr'>coeli</span> <span class='ocrx_word' id='word_1_140' title='bbox 515 865 644 894; x_wconf 75' lang='lat' dir='ltr'>terraeque</span> <span class='ocrx_word' id='word_1_141' title='bbox 658 865 806 888; x_wconf 71' lang='lat' dir='ltr'>creaturan!</span> 
     </span>
    </p>
   </div>
   <div class='ocr_carea' id='block_1_3' title="bbox 860 262 1657 889">
    <p class='ocr_par' dir='ltr' id='par_1_5' title="bbox 863 262 1657 471">
     <span class='ocr_line' id='line_1_17' title="bbox 866 262 1655 300; baseline 0.009 -11"><span class='ocrx_word' id='word_1_142' title='bbox 866 267 953 290; x_wconf 89' lang='lat' dir='ltr'>turam</span> <span class='ocrx_word' id='word_1_143' title='bbox 965 263 1064 297; x_wconf 84' lang='lat' dir='ltr'>quippe</span> <span class='ocrx_word' id='word_1_144' title='bbox 1079 262 1162 290; x_wconf 79' lang='lat' dir='ltr'>traxit</span> <span class='ocrx_word' id='word_1_145' title='bbox 1175 263 1294 298; x_wconf 89' lang='lat' dir='ltr'>originis,</span> <span class='ocrx_word' id='word_1_146' title='bbox 1312 271 1365 292; x_wconf 90' lang='lat' dir='ltr'>non</span> <span class='ocrx_word' id='word_1_147' title='bbox 1378 264 1483 299; x_wconf 91' lang='lat' dir='ltr'>culpam</span> <span class='ocrx_word' id='word_1_148' title='bbox 1494 268 1655 300; x_wconf 65' lang='lat' dir='ltr'>praevarica-</span> 
     </span>
     <span class='ocr_line' id='line_1_18' title="bbox 865 307 1656 344; baseline 0.006 -9"><span class='ocrx_word' id='word_1_149' title='bbox 865 307 956 335; x_wconf 86' lang='lat' dir='ltr'>tionis.</span> <span class='ocrx_word' id='word_1_150' title='bbox 970 308 1073 342; x_wconf 85' lang='lat' dir='ltr'>Corpus</span> <span class='ocrx_word' id='word_1_151' title='bbox 1083 316 1117 336; x_wconf 86' lang='lat' dir='ltr'>ex</span> <span class='ocrx_word' id='word_1_152' title='bbox 1133 308 1242 344; x_wconf 82' lang='lat' dir='ltr'>Virgine</span> <span class='ocrx_word' id='word_1_153' title='bbox 1256 309 1387 342; x_wconf 91' lang='lat' dir='ltr'>sumpsit,</span> <span class='ocrx_word' id='word_1_154' title='bbox 1403 310 1583 344; x_wconf 82' lang='lat' dir='ltr'>virginitatem</span> <span class='ocrx_word' id='word_1_155' title='bbox 1594 319 1656 342; x_wconf 78' lang='lat' dir='ltr'>tm-</span> 
     </span>
     <span class='ocr_line' id='line_1_19' title="bbox 865 352 1656 391; baseline 0.008 -12"><span class='ocrx_word' id='word_1_156' title='bbox 865 356 948 380; x_wconf 75' lang='lat' dir='ltr'>ternae</span> <span class='ocrx_word' id='word_1_157' title='bbox 963 354 1051 380; x_wconf 84' lang='lat' dir='ltr'>carnis</span> <span class='ocrx_word' id='word_1_158' title='bbox 1066 360 1119 380; x_wconf 92' lang='lat' dir='ltr'>non</span> <span class='ocrx_word' id='word_1_159' title='bbox 1136 352 1254 380; x_wconf 86' lang='lat' dir='ltr'>abstulit.</span> <span class='ocrx_word' id='word_1_160' title='bbox 1271 353 1350 385; x_wconf 81' lang='lat' dir='ltr'>ltem,</span> <span class='ocrx_word' id='word_1_161' title='bbox 1365 360 1414 380; x_wconf 86' lang='lat' dir='ltr'>nos</span> <span class='ocrx_word' id='word_1_162' title='bbox 1426 361 1459 381; x_wconf 86' lang='lat' dir='ltr'>ex</span> <span class='ocrx_word' id='word_1_163' title='bbox 1478 363 1529 383; x_wconf 85' lang='lat' dir='ltr'>una</span> <span class='ocrx_word' id='word_1_164' title='bbox 1542 364 1656 391; x_wconf 79' lang='lat' dir='ltr'>genera-</span> 
     </span>
     <span class='ocr_line' id='line_1_20' title="bbox 864 398 1657 434; baseline 0.008 -9"><span class='ocrx_word' id='word_1_165' title='bbox 864 398 935 425; x_wconf 85' lang='lat' dir='ltr'>tione</span> <span class='ocrx_word' id='word_1_166' title='bbox 950 398 1135 431; x_wconf 77' lang='lat' dir='ltr'>sultsistimus;</span> <span class='ocrx_word' id='word_1_167' title='bbox 1158 398 1204 426; x_wconf 88' lang='lat' dir='ltr'>ille</span> <span class='ocrx_word' id='word_1_168' title='bbox 1222 403 1312 425; x_wconf 91' lang='lat' dir='ltr'>autem</span> <span class='ocrx_word' id='word_1_169' title='bbox 1325 405 1359 425; x_wconf 85' lang='lat' dir='ltr'>ex</span> <span class='ocrx_word' id='word_1_170' title='bbox 1370 398 1474 426; x_wconf 87' lang='lat' dir='ltr'>duabus</span> <span class='ocrx_word' id='word_1_171' title='bbox 1486 421 1494 434; x_wconf 86' lang='lat'><strong>‚</strong></span> <span class='ocrx_word' id='word_1_172' title='bbox 1511 401 1657 431; x_wconf 87' lang='lat' dir='ltr'>divinitatis</span> 
     </span>
     <span class='ocr_line' id='line_1_21' title="bbox 863 444 1093 471; baseline 0 -1"><span class='ocrx_word' id='word_1_173' title='bbox 863 448 890 471; x_wconf 88' lang='lat' dir='ltr'>et</span> <span class='ocrx_word' id='word_1_174' title='bbox 911 444 1093 471; x_wconf 85' lang='lat' dir='ltr'>humanitatis.</span> 
     </span>
    </p>

    <p class='ocr_par' dir='ltr' id='par_1_6' title="bbox 860 489 1657 848">
     <span class='ocr_line' id='line_1_22' title="bbox 897 489 1656 526; baseline 0.007 -10"><span class='ocrx_word' id='word_1_175' title='bbox 897 489 941 516; x_wconf 62' lang='grc' dir='ltr'>ΞΑ.</span> <span class='ocrx_word' id='word_1_176' title='bbox 961 491 999 517; x_wconf 87' lang='lat' dir='ltr'>Ex</span> <span class='ocrx_word' id='word_1_177' title='bbox 1015 490 1098 524; x_wconf 86' lang='lat' dir='ltr'>prima</span> <span class='ocrx_word' id='word_1_178' title='bbox 1113 490 1279 518; x_wconf 82' lang='lat' dir='ltr'>nativitatem</span> <span class='ocrx_word' id='word_1_179' title='bbox 1292 492 1416 526; x_wconf 82' lang='lat' dir='ltr'>sumpsit,</span> <span class='ocrx_word' id='word_1_180' title='bbox 1432 500 1466 520; x_wconf 90' lang='lat' dir='ltr'>ex</span> <span class='ocrx_word' id='word_1_181' title='bbox 1480 493 1563 520; x_wconf 82' lang='lat' dir='ltr'>altera</span> <span class='ocrx_word' id='word_1_182' title='bbox 1581 501 1656 522; x_wconf 81' lang='lat' dir='ltr'>crea-</span> 
     </span>
     <span class='ocr_line' id='line_1_23' title="bbox 862 536 1657 572; baseline 0.005 -9"><span class='ocrx_word' id='word_1_183' title='bbox 862 536 973 564; x_wconf 88' lang='lat' dir='ltr'>tionem.</span> <span class='ocrx_word' id='word_1_184' title='bbox 997 536 1079 564; x_wconf 87' lang='lat' dir='ltr'>Natus</span> <span class='ocrx_word' id='word_1_185' title='bbox 1100 537 1172 564; x_wconf 87' lang='lat' dir='ltr'>enim</span> <span class='ocrx_word' id='word_1_186' title='bbox 1194 537 1283 564; x_wconf 84' lang='lat' dir='ltr'>divina</span> <span class='ocrx_word' id='word_1_187' title='bbox 1302 538 1487 572; x_wconf 82' lang='lat' dir='ltr'>generatione,</span> <span class='ocrx_word' id='word_1_188' title='bbox 1507 539 1592 567; x_wconf 83' lang='lat' dir='ltr'>factus</span> <span class='ocrx_word' id='word_1_189' title='bbox 1607 540 1657 567; x_wconf 87' lang='lat' dir='ltr'>hu-</span> 
     </span>
     <span class='ocr_line' id='line_1_24' title="bbox 862 583 1657 623; baseline 0.004 -13"><span class='ocrx_word' id='word_1_190' title='bbox 862 591 950 610; x_wconf 85' lang='lat' dir='ltr'>mana.</span> <span class='ocrx_word' id='word_1_191' title='bbox 966 583 1085 611; x_wconf 87' lang='lat' dir='ltr'>Primum</span> <span class='ocrx_word' id='word_1_192' title='bbox 1100 583 1148 611; x_wconf 83' lang='lat' dir='ltr'>fuit</span> <span class='ocrx_word' id='word_1_193' title='bbox 1161 584 1219 612; x_wconf 83' lang='lat' dir='ltr'>sine</span> <span class='ocrx_word' id='word_1_194' title='bbox 1230 588 1360 619; x_wconf 78' lang='lat' dir='ltr'>tempore,</span> <span class='ocrx_word' id='word_1_195' title='bbox 1373 585 1520 623; x_wconf 85' lang='lat' dir='ltr'>secundum</span> <span class='ocrx_word' id='word_1_196' title='bbox 1532 586 1558 612; x_wconf 96' lang='lat' dir='ltr'>in</span> <span class='ocrx_word' id='word_1_197' title='bbox 1571 587 1657 620; x_wconf 90' lang='lat' dir='ltr'>pleni-</span> 
     </span>
     <span class='ocr_line' id='line_1_25' title="bbox 863 629 1655 667; baseline 0.006 -11"><span class='ocrx_word' id='word_1_198' title='bbox 863 629 952 657; x_wconf 87' lang='lat' dir='ltr'>tudine</span> <span class='ocrx_word' id='word_1_199' title='bbox 959 631 1097 664; x_wconf 85' lang='lat' dir='ltr'>temporis.</span> <span class='ocrx_word' id='word_1_200' title='bbox 1106 630 1196 658; x_wconf 88' lang='lat' dir='ltr'>Nosex</span> <span class='ocrx_word' id='word_1_201' title='bbox 1203 631 1306 658; x_wconf 88' lang='lat' dir='ltr'>duabus</span> <span class='ocrx_word' id='word_1_202' title='bbox 1313 631 1482 659; x_wconf 83' lang='lat' dir='ltr'>subsistimus</span> <span class='ocrx_word' id='word_1_203' title='bbox 1488 632 1655 667; x_wconf 84' lang='lat' dir='ltr'>substantiis,</span> 
     </span>
     <span class='ocr_line' id='line_1_26' title="bbox 861 677 1654 712; baseline 0.004 -8"><span class='ocrx_word' id='word_1_204' title='bbox 861 677 991 711; x_wconf 89' lang='lat' dir='ltr'>corporis‚</span> <span class='ocrx_word' id='word_1_205' title='bbox 1003 677 1136 709; x_wconf 88' lang='lat' dir='ltr'>videlicet,</span> <span class='ocrx_word' id='word_1_206' title='bbox 1154 683 1234 712; x_wconf 88' lang='lat' dir='ltr'>atque</span> <span class='ocrx_word' id='word_1_207' title='bbox 1245 678 1355 710; x_wconf 82' lang='lat' dir='ltr'>animae;</span> <span class='ocrx_word' id='word_1_208' title='bbox 1372 678 1416 706; x_wconf 85' lang='lat' dir='ltr'>itte</span> <span class='ocrx_word' id='word_1_209' title='bbox 1430 686 1494 706; x_wconf 87' lang='lat' dir='ltr'>vero</span> <span class='ocrx_word' id='word_1_210' title='bbox 1505 686 1538 706; x_wconf 88' lang='lat' dir='ltr'>ex</span> <span class='ocrx_word' id='word_1_211' title='bbox 1552 680 1654 707; x_wconf 87' lang='lat' dir='ltr'>tribus:</span> 
     </span>
     <span class='ocr_line' id='line_1_27' title="bbox 861 723 1657 759; baseline 0.004 -9"><span class='ocrx_word' id='word_1_212' title='bbox 861 723 945 756; x_wconf 81' lang='lat' dir='ltr'>verbi,</span> <span class='ocrx_word' id='word_1_213' title='bbox 962 723 1098 758; x_wconf 90' lang='lat' dir='ltr'>corporis,</span> <span class='ocrx_word' id='word_1_214' title='bbox 1118 729 1146 751; x_wconf 87' lang='lat' dir='ltr'>et</span> <span class='ocrx_word' id='word_1_215' title='bbox 1159 724 1266 751; x_wconf 78' lang='lat' dir='ltr'>animae.</span> <span class='ocrx_word' id='word_1_216' title='bbox 1286 724 1349 751; x_wconf 89' lang='lat' dir='ltr'>lnde</span> <span class='ocrx_word' id='word_1_217' title='bbox 1368 728 1411 751; x_wconf 86' lang='lat' dir='ltr'>est</span> <span class='ocrx_word' id='word_1_218' title='bbox 1434 725 1504 758; x_wconf 88' lang='lat' dir='ltr'>quod</span> <span class='ocrx_word' id='word_1_219' title='bbox 1522 725 1657 759; x_wconf 87' lang='lat' dir='ltr'>perfectus</span> 
     </span>
     <span class='ocr_line' id='line_1_28' title="bbox 860 769 1656 806; baseline 0.005 -10"><span class='ocrx_word' id='word_1_220' title='bbox 860 769 1019 803; x_wconf 84' lang='lat' dir='ltr'>praedicatur</span> <span class='ocrx_word' id='word_1_221' title='bbox 1041 770 1110 797; x_wconf 87' lang='lat' dir='ltr'>Deus</span> <span class='ocrx_word' id='word_1_222' title='bbox 1133 774 1160 797; x_wconf 89' lang='lat' dir='ltr'>et</span> <span class='ocrx_word' id='word_1_223' title='bbox 1183 770 1275 803; x_wconf 88' lang='lat' dir='ltr'>homo,</span> <span class='ocrx_word' id='word_1_224' title='bbox 1290 770 1392 798; x_wconf 86' lang='lat' dir='ltr'>habens</span> <span class='ocrx_word' id='word_1_225' title='bbox 1414 770 1440 797; x_wconf 95' lang='lat' dir='ltr'>in</span> <span class='ocrx_word' id='word_1_226' title='bbox 1467 779 1496 798; x_wconf 90' lang='lat' dir='ltr'>se</span> <span class='ocrx_word' id='word_1_227' title='bbox 1521 772 1656 806; x_wconf 82' lang='lat' dir='ltr'>geminam</span> 
     </span>
     <span class='ocr_line' id='line_1_29' title="bbox 860 815 1656 848; baseline 0.006 -6"><span class='ocrx_word' id='word_1_228' title='bbox 860 815 1048 848; x_wconf 86' lang='lat' dir='ltr'>substantiam,</span> <span class='ocrx_word' id='word_1_229' title='bbox 1059 819 1087 843; x_wconf 86' lang='lat' dir='ltr'>et</span> <span class='ocrx_word' id='word_1_230' title='bbox 1096 815 1242 844; x_wconf 85' lang='lat' dir='ltr'>divinitatis</span> <span class='ocrx_word' id='word_1_231' title='bbox 1249 823 1315 848; x_wconf 83' lang='lat' dir='ltr'>suae,</span> <span class='ocrx_word' id='word_1_232' title='bbox 1327 821 1353 843; x_wconf 86' lang='lat' dir='ltr'>et</span> <span class='ocrx_word' id='word_1_233' title='bbox 1361 816 1534 844; x_wconf 84' lang='lat' dir='ltr'>humanitatis</span> <span class='ocrx_word' id='word_1_234' title='bbox 1545 822 1656 847; x_wconf 81' lang='lat' dir='ltr'>nostrae.</span> 
     </span>
    </p>

    <p class='ocr_par' dir='ltr' id='par_1_7' title="bbox 1241 861 1286 889">
     <span class='ocr_line' id='line_1_30' title="bbox 1241 861 1286 889; baseline 0.022 -1"><span class='ocrx_word' id='word_1_235' title='bbox 1241 861 1286 889; x_wconf 84' lang='lat' dir='ltr'>lx.</span> 
     </span>
    </p>
   </div>
   <div class='ocr_carea' id='block_1_4' title="bbox 16 905 1653 941">
    <p class='ocr_par' dir='ltr' id='par_1_8' title="bbox 16 905 1653 941">
     <span class='ocr_line' id='line_1_31' title="bbox 16 905 1653 941; baseline 0.004 -9"><span class='ocrx_word' id='word_1_236' title='bbox 16 905 155 940; x_wconf 78' lang='lat' dir='ltr'>gubernet,</span> <span class='ocrx_word' id='word_1_237' title='bbox 166 908 302 933; x_wconf 86' lang='lat' dir='ltr'>contineat</span> <span class='ocrx_word' id='word_1_238' title='bbox 315 911 393 941; x_wconf 83' lang='lat' dir='ltr'>atque</span> <span class='ocrx_word' id='word_1_239' title='bbox 408 911 492 941; x_wconf 78' lang='lat' dir='ltr'>regat.</span> <span class='ocrx_word' id='word_1_240' title='bbox 508 906 643 940; x_wconf 83' lang='lat' dir='ltr'>Sapientia</span> <span class='ocrx_word' id='word_1_241' title='bbox 657 910 697 934; x_wconf 83' lang='lat' dir='ltr'>est</span> <span class='ocrx_word' id='word_1_242' title='bbox 713 914 761 941; x_wconf 86' lang='lat' dir='ltr'>pro</span> <span class='ocrx_word' id='word_1_243' title='bbox 772 914 805 934; x_wconf 89' lang='lat' dir='ltr'>eo</span> <span class='ocrx_word' id='word_1_244' title='bbox 822 909 844 939; x_wconf 89' lang='grc' dir='ltr'><strong>Β</strong></span> <span class='ocrx_word' id='word_1_245' title='bbox 892 907 937 934; x_wconf 71' lang='lat'>25.</span> <span class='ocrx_word' id='word_1_246' title='bbox 951 907 1015 934; x_wconf 90' lang='lat' dir='ltr'>ltem</span> <span class='ocrx_word' id='word_1_247' title='bbox 1028 907 1080 935; x_wconf 88' lang='lat' dir='ltr'>hoc</span> <span class='ocrx_word' id='word_1_248' title='bbox 1089 907 1169 934; x_wconf 85' lang='lat' dir='ltr'>distat</span> <span class='ocrx_word' id='word_1_249' title='bbox 1182 908 1251 935; x_wconf 90' lang='lat' dir='ltr'>inter</span> <span class='ocrx_word' id='word_1_250' title='bbox 1262 912 1369 935; x_wconf 84' lang='lat' dir='ltr'>mortem</span> <span class='ocrx_word' id='word_1_251' title='bbox 1381 908 1475 936; x_wconf 67' lang='lat' dir='ltr'>Christi</span> <span class='ocrx_word' id='word_1_252' title='bbox 1491 914 1517 937; x_wconf 88' lang='lat' dir='ltr'>ct</span> <span class='ocrx_word' id='word_1_253' title='bbox 1528 915 1653 938; x_wconf 73' lang='lat' dir='ltr'>nostram.</span> 
     </span>
    </p>
   </div>
   <div class='ocr_carea' id='block_1_5' title="bbox 3 951 808 1583">
    <p class='ocr_par' dir='ltr' id='par_1_9' title="bbox 15 951 806 1033">
     <span class='ocr_line' id='line_1_32' title="bbox 16 951 806 987; baseline 0.001 -9"><span class='ocrx_word' id='word_1_254' title='bbox 16 951 86 986; x_wconf 85' lang='lat' dir='ltr'>quod</span> <span class='ocrx_word' id='word_1_255' title='bbox 105 951 162 986; x_wconf 89' lang='lat' dir='ltr'>ipse</span> <span class='ocrx_word' id='word_1_256' title='bbox 177 952 275 979; x_wconf 80' lang='lat' dir='ltr'>revelet</span> <span class='ocrx_word' id='word_1_257' title='bbox 289 952 377 979; x_wconf 86' lang='lat' dir='ltr'>omnia</span> <span class='ocrx_word' id='word_1_258' title='bbox 391 952 518 987; x_wconf 89' lang='lat' dir='ltr'>mysteria</span> <span class='ocrx_word' id='word_1_259' title='bbox 529 952 658 987; x_wconf 84' lang='lat' dir='ltr'>scientiae,</span> <span class='ocrx_word' id='word_1_260' title='bbox 670 956 697 979; x_wconf 86' lang='lat' dir='ltr'>et</span> <span class='ocrx_word' id='word_1_261' title='bbox 711 959 806 980; x_wconf 84' lang='lat' dir='ltr'>arcana</span> 
     </span>
     <span class='ocr_line' id='line_1_33' title="bbox 15 996 805 1033; baseline 0.001 -10"><span class='ocrx_word' id='word_1_262' title='bbox 15 996 165 1031; x_wconf 70' lang='lat' dir='ltr'>sapientiae.</span> <span class='ocrx_word' id='word_1_263' title='bbox 181 997 270 1032; x_wconf 80' lang='lat' dir='ltr'>lmago</span> <span class='ocrx_word' id='word_1_264' title='bbox 281 1002 322 1025; x_wconf 91' lang='lat' dir='ltr'>est</span> <span class='ocrx_word' id='word_1_265' title='bbox 336 1003 444 1033; x_wconf 87' lang='lat' dir='ltr'>propter</span> <span class='ocrx_word' id='word_1_266' title='bbox 457 997 640 1025; x_wconf 82' lang='lat' dir='ltr'>similitudinis</span> <span class='ocrx_word' id='word_1_267' title='bbox 654 998 805 1027; x_wconf 80' lang='lat' dir='ltr'>veritatem.</span> 
     </span>
    </p>

    <p class='ocr_par' dir='ltr' id='par_1_10' title="bbox 3 1042 808 1351">
     <span class='ocr_line' id='line_1_34' title="bbox 50 1042 807 1077; baseline 0.003 -8"><span class='ocrx_word' id='word_1_268' title='bbox 50 1042 94 1069; x_wconf 80' lang='lat'>20.</span> <span class='ocrx_word' id='word_1_269' title='bbox 105 1042 214 1077; x_wconf 86' lang='lat' dir='ltr'>Species</span> <span class='ocrx_word' id='word_1_270' title='bbox 223 1042 294 1070; x_wconf 89' lang='lat' dir='ltr'>enim</span> <span class='ocrx_word' id='word_1_271' title='bbox 305 1043 390 1071; x_wconf 84' lang='lat' dir='ltr'>Patris</span> <span class='ocrx_word' id='word_1_272' title='bbox 401 1044 553 1071; x_wconf 76' lang='lat' dir='ltr'>indifferens</span> <span class='ocrx_word' id='word_1_273' title='bbox 564 1047 615 1076; x_wconf 84' lang='lat' dir='ltr'>est,</span> <span class='ocrx_word' id='word_1_274' title='bbox 627 1043 729 1071; x_wconf 85' lang='lat' dir='ltr'>habens</span> <span class='ocrx_word' id='word_1_275' title='bbox 741 1045 767 1071; x_wconf 91' lang='lat' dir='ltr'>in</span> <span class='ocrx_word' id='word_1_276' title='bbox 779 1052 807 1072; x_wconf 88' lang='lat' dir='ltr'>se</span> 
     </span>
     <span class='ocr_line' id='line_1_35' title="bbox 15 1088 808 1125; baseline 0 -9"><span class='ocrx_word' id='word_1_277' title='bbox 15 1088 187 1116; x_wconf 86' lang='lat' dir='ltr'>indiscretam</span> <span class='ocrx_word' id='word_1_278' title='bbox 205 1093 337 1123; x_wconf 77' lang='lat' dir='ltr'>naturam,</span> <span class='ocrx_word' id='word_1_279' title='bbox 357 1090 415 1117; x_wconf 88' lang='lat' dir='ltr'>sive</span> <span class='ocrx_word' id='word_1_280' title='bbox 438 1090 591 1117; x_wconf 89' lang='lat' dir='ltr'>essentiam.</span> <span class='ocrx_word' id='word_1_281' title='bbox 615 1090 747 1124; x_wconf 78' lang='lat' dir='ltr'>Splendor</span> <span class='ocrx_word' id='word_1_282' title='bbox 763 1098 808 1125; x_wconf 89' lang='lat' dir='ltr'>ap-</span> 
     </span>
     <span class='ocr_line' id='line_1_36' title="bbox 4 1133 808 1169; baseline 0.001 -8"><span class='ocrx_word' id='word_1_283' title='bbox 4 1133 139 1169; x_wconf 69' lang='lat' dir='ltr'>·pellatur,</span> <span class='ocrx_word' id='word_1_284' title='bbox 164 1133 225 1169; x_wconf 92' lang='lat' dir='ltr'>quia</span> <span class='ocrx_word' id='word_1_285' title='bbox 244 1134 306 1161; x_wconf 90' lang='lat' dir='ltr'>dum</span> <span class='ocrx_word' id='word_1_286' title='bbox 331 1134 364 1160; x_wconf 85' lang='lat' dir='ltr'>sit</span> <span class='ocrx_word' id='word_1_287' title='bbox 379 1134 437 1168; x_wconf 90' lang='lat' dir='ltr'>ipse</span> <span class='ocrx_word' id='word_1_288' title='bbox 459 1134 537 1162; x_wconf 85' lang='lat' dir='ltr'>Pater</span> <span class='ocrx_word' id='word_1_289' title='bbox 551 1135 595 1161; x_wconf 85' lang='lat' dir='ltr'>lux</span> <span class='ocrx_word' id='word_1_290' title='bbox 609 1154 616 1166; x_wconf 94' lang='lat'>,</span> <span class='ocrx_word' id='word_1_291' title='bbox 633 1135 668 1161; x_wconf 84' lang='lat' dir='ltr'>ita</span> <span class='ocrx_word' id='word_1_292' title='bbox 682 1134 764 1161; x_wconf 83' lang='lat' dir='ltr'>Filius</span> <span class='ocrx_word' id='word_1_293' title='bbox 775 1135 808 1162; x_wconf 87' lang='lat' dir='ltr'>ab</span> 
     </span>
     <span class='ocr_line' id='line_1_37' title="bbox 4 1179 807 1214; baseline 0.001 -8"><span class='ocrx_word' id='word_1_294' title='bbox 4 1195 6 1201; x_wconf 92' lang='lat'>·</span> <span class='ocrx_word' id='word_1_295' title='bbox 16 1186 49 1207; x_wconf 88' lang='lat' dir='ltr'>eo</span> <span class='ocrx_word' id='word_1_296' title='bbox 62 1179 272 1214; x_wconf 88' lang='lat' dir='ltr'>inseparabiliter</span> <span class='ocrx_word' id='word_1_297' title='bbox 281 1180 355 1214; x_wconf 82' lang='lat' dir='ltr'>quasi</span> <span class='ocrx_word' id='word_1_298' title='bbox 364 1179 492 1214; x_wconf 87' lang='lat' dir='ltr'>splendor</span> <span class='ocrx_word' id='word_1_299' title='bbox 502 1187 535 1207; x_wconf 83' lang='lat' dir='ltr'>ex</span> <span class='ocrx_word' id='word_1_300' title='bbox 546 1179 606 1207; x_wconf 91' lang='lat' dir='ltr'>luce</span> <span class='ocrx_word' id='word_1_301' title='bbox 618 1180 748 1214; x_wconf 87' lang='lat' dir='ltr'>procedit.</span> <span class='ocrx_word' id='word_1_302' title='bbox 762 1180 807 1207; x_wconf 82' lang='lat' dir='ltr'>Fi-</span> 
     </span>
     <span class='ocr_line' id='line_1_38' title="bbox 3 1225 808 1260; baseline 0.001 -8"><span class='ocrx_word' id='word_1_303' title='bbox 3 1231 79 1260; x_wconf 69' lang='lat' dir='ltr'>·ssura</span> <span class='ocrx_word' id='word_1_304' title='bbox 90 1230 142 1259; x_wconf 87' lang='lat' dir='ltr'>est,</span> <span class='ocrx_word' id='word_1_305' title='bbox 156 1225 231 1260; x_wconf 86' lang='lat' dir='ltr'>quia,</span> <span class='ocrx_word' id='word_1_306' title='bbox 247 1226 396 1260; x_wconf 87' lang='lat' dir='ltr'>suscipiens</span> <span class='ocrx_word' id='word_1_307' title='bbox 409 1226 520 1253; x_wconf 86' lang='lat' dir='ltr'>formam</span> <span class='ocrx_word' id='word_1_308' title='bbox 536 1225 617 1259; x_wconf 85' lang='lat' dir='ltr'>servi,</span> <span class='ocrx_word' id='word_1_309' title='bbox 632 1233 740 1260; x_wconf 90' lang='lat' dir='ltr'>operum</span> <span class='ocrx_word' id='word_1_310' title='bbox 753 1227 808 1253; x_wconf 90' lang='lat' dir='ltr'>vir-</span> 
     </span>
     <span class='ocr_line' id='line_1_39' title="bbox 5 1270 807 1306; baseline 0.002 -9"><span class='ocrx_word' id='word_1_311' title='bbox 5 1274 152 1305; x_wconf 64' lang='lat' dir='ltr'>ytutumque</span> <span class='ocrx_word' id='word_1_312' title='bbox 164 1270 337 1298; x_wconf 87' lang='lat' dir='ltr'>similitudine</span> <span class='ocrx_word' id='word_1_313' title='bbox 357 1271 443 1298; x_wconf 86' lang='lat' dir='ltr'>Patris</span> <span class='ocrx_word' id='word_1_314' title='bbox 462 1271 489 1298; x_wconf 92' lang='lat' dir='ltr'>in</span> <span class='ocrx_word' id='word_1_315' title='bbox 514 1278 544 1298; x_wconf 83' lang='lat' dir='ltr'>se</span> <span class='ocrx_word' id='word_1_316' title='bbox 564 1271 706 1305; x_wconf 83' lang='lat' dir='ltr'>imaginem</span> <span class='ocrx_word' id='word_1_317' title='bbox 728 1276 807 1306; x_wconf 87' lang='lat' dir='ltr'>atque</span> 
     </span>
     <span class='ocr_line' id='line_1_40' title="bbox 4 1315 578 1351; baseline 0 -8"><span class='ocrx_word' id='word_1_318' title='bbox 4 1315 171 1344; x_wconf 84' lang='lat' dir='ltr'>-immensam</span> <span class='ocrx_word' id='word_1_319' title='bbox 191 1317 400 1350; x_wconf 78' lang='lat' dir='ltr'>magnitudinem</span> <span class='ocrx_word' id='word_1_320' title='bbox 420 1316 578 1351; x_wconf 86' lang='lat' dir='ltr'>designavit.</span> 
     </span>
    </p>

    <p class='ocr_par' dir='ltr' id='par_1_11' title="bbox 4 1362 807 1583">
     <span class='ocr_line' id='line_1_41' title="bbox 49 1362 806 1397; baseline 0.004 -9"><span class='ocrx_word' id='word_1_321' title='bbox 49 1362 94 1390; x_wconf 81' lang='lat'>2¹.</span> <span class='ocrx_word' id='word_1_322' title='bbox 110 1362 238 1390; x_wconf 81' lang='lat' dir='ltr'>Mediator</span> <span class='ocrx_word' id='word_1_323' title='bbox 249 1367 301 1397; x_wconf 91' lang='lat' dir='ltr'>est,</span> <span class='ocrx_word' id='word_1_324' title='bbox 315 1363 375 1397; x_wconf 86' lang='lat' dir='ltr'>quia</span> <span class='ocrx_word' id='word_1_325' title='bbox 386 1362 456 1390; x_wconf 88' lang='lat' dir='ltr'>inter</span> <span class='ocrx_word' id='word_1_326' title='bbox 466 1362 601 1390; x_wconf 89' lang='lat' dir='ltr'>hominem</span> <span class='ocrx_word' id='word_1_327' title='bbox 613 1367 641 1390; x_wconf 87' lang='lat' dir='ltr'>et</span> <span class='ocrx_word' id='word_1_328' title='bbox 652 1363 735 1390; x_wconf 86' lang='lat' dir='ltr'>Deum</span> <span class='ocrx_word' id='word_1_329' title='bbox 748 1371 806 1391; x_wconf 94' lang='lat' dir='ltr'>me-</span> 
     </span>
     <span class='ocr_line' id='line_1_42' title="bbox 14 1409 804 1445; baseline -0.003 -6"><span class='ocrx_word' id='word_1_330' title='bbox 14 1410 75 1438; x_wconf 87' lang='lat' dir='ltr'>dius</span> <span class='ocrx_word' id='word_1_331' title='bbox 87 1415 138 1444; x_wconf 87' lang='lat' dir='ltr'>est,</span> <span class='ocrx_word' id='word_1_332' title='bbox 150 1410 250 1437; x_wconf 81' lang='lat' dir='ltr'>liabens</span> <span class='ocrx_word' id='word_1_333' title='bbox 262 1410 287 1437; x_wconf 87' lang='lat' dir='ltr'>iu</span> <span class='ocrx_word' id='word_1_334' title='bbox 306 1417 334 1437; x_wconf 88' lang='lat' dir='ltr'>se</span> <span class='ocrx_word' id='word_1_335' title='bbox 349 1409 524 1437; x_wconf 88' lang='lat' dir='ltr'>substantiam</span> <span class='ocrx_word' id='word_1_336' title='bbox 538 1410 677 1445; x_wconf 84' lang='lat' dir='ltr'>utriusque</span> <span class='ocrx_word' id='word_1_337' title='bbox 692 1414 804 1443; x_wconf 85' lang='lat' dir='ltr'>naturae,</span> 
     </span>
     <span class='ocr_line' id='line_1_43' title="bbox 5 1455 807 1488; baseline 0.002 -7"><span class='ocrx_word' id='word_1_338' title='bbox 5 1455 42 1483; x_wconf 66' lang='lat' dir='ltr'>tid</span> <span class='ocrx_word' id='word_1_339' title='bbox 55 1460 112 1488; x_wconf 86' lang='lat' dir='ltr'>est,</span> <span class='ocrx_word' id='word_1_340' title='bbox 134 1455 254 1482; x_wconf 71' lang='lat' dir='ltr'>humanae</span> <span class='ocrx_word' id='word_1_341' title='bbox 278 1455 436 1482; x_wconf 83' lang='lat' dir='ltr'>humilitatis</span> <span class='ocrx_word' id='word_1_342' title='bbox 458 1455 582 1488; x_wconf 87' lang='lat' dir='ltr'>formam,</span> <span class='ocrx_word' id='word_1_343' title='bbox 609 1460 636 1482; x_wconf 91' lang='lat' dir='ltr'>et</span> <span class='ocrx_word' id='word_1_344' title='bbox 658 1455 807 1483; x_wconf 84' lang='lat' dir='ltr'>divinitatis</span> 
     </span>
     <span class='ocr_line' id='line_1_44' title="bbox 4 1502 805 1537; baseline 0.001 -8"><span class='ocrx_word' id='word_1_345' title='bbox 4 1502 211 1530; x_wconf 57' lang='lat' dir='ltr'>exceltentiam.</span> <span class='ocrx_word' id='word_1_346' title='bbox 239 1502 339 1534; x_wconf 85' lang='lat' dir='ltr'>Porro,</span> <span class='ocrx_word' id='word_1_347' title='bbox 364 1502 455 1536; x_wconf 81' lang='lat' dir='ltr'>Agnus</span> <span class='ocrx_word' id='word_1_348' title='bbox 482 1506 590 1537; x_wconf 89' lang='lat' dir='ltr'>propter</span> <span class='ocrx_word' id='word_1_349' title='bbox 615 1502 805 1536; x_wconf 84' lang='lat' dir='ltr'>innocentiam,</span> 
     </span>
     <span class='ocr_line' id='line_1_45' title="bbox 6 1548 806 1583; baseline 0.001 -8"><span class='ocrx_word' id='word_1_350' title='bbox 6 1551 43 1576; x_wconf 80' lang='lat' dir='ltr'>‹et</span> <span class='ocrx_word' id='word_1_351' title='bbox 57 1548 207 1583; x_wconf 81' lang='lat' dir='ltr'>passionem</span> <span class='ocrx_word' id='word_1_352' title='bbox 229 1549 317 1575; x_wconf 87' lang='lat' dir='ltr'>carnis</span> <span class='ocrx_word' id='word_1_353' title='bbox 336 1549 494 1583; x_wconf 87' lang='lat' dir='ltr'>appellatur.</span> <span class='ocrx_word' id='word_1_354' title='bbox 518 1549 660 1582; x_wconf 87' lang='lat' dir='ltr'>Sacerdos,</span> <span class='ocrx_word' id='word_1_355' title='bbox 680 1549 740 1582; x_wconf 87' lang='lat' dir='ltr'>quia</span> <span class='ocrx_word' id='word_1_356' title='bbox 761 1556 806 1576; x_wconf 90' lang='lat' dir='ltr'>se-</span> 
     </span>
    </p>
   </div>
   <div class='ocr_carea' id='block_1_6' title="bbox 859 953 1655 1584">
    <p class='ocr_par' dir='ltr' id='par_1_12' title="bbox 859 953 1655 1172">
     <span class='ocr_line' id='line_1_46' title="bbox 859 953 1654 989; baseline 0.004 -9"><span class='ocrx_word' id='word_1_357' title='bbox 859 953 913 980; x_wconf 88' lang='lat' dir='ltr'>Nos</span> <span class='ocrx_word' id='word_1_358' title='bbox 927 954 1000 980; x_wconf 89' lang='lat' dir='ltr'>enim</span> <span class='ocrx_word' id='word_1_359' title='bbox 1017 954 1042 980; x_wconf 94' lang='lat' dir='ltr'>in</span> <span class='ocrx_word' id='word_1_360' title='bbox 1062 958 1177 982; x_wconf 87' lang='lat' dir='ltr'>mortem</span> <span class='ocrx_word' id='word_1_361' title='bbox 1192 962 1240 987; x_wconf 90' lang='lat' dir='ltr'>pro</span> <span class='ocrx_word' id='word_1_362' title='bbox 1255 954 1351 981; x_wconf 87' lang='lat' dir='ltr'>merito</span> <span class='ocrx_word' id='word_1_363' title='bbox 1366 956 1596 989; x_wconf 82' lang='lat' dir='ltr'>praevaricationis</span> <span class='ocrx_word' id='word_1_364' title='bbox 1612 957 1654 983; x_wconf 89' lang='lat' dir='ltr'>in-</span> 
     </span>
     <span class='ocr_line' id='line_1_47' title="bbox 859 999 1655 1036; baseline 0.005 -11"><span class='ocrx_word' id='word_1_365' title='bbox 859 999 1008 1031; x_wconf 88' lang='lat' dir='ltr'>currimus,</span> <span class='ocrx_word' id='word_1_366' title='bbox 1025 999 1069 1025; x_wconf 84' lang='lat' dir='ltr'>ille</span> <span class='ocrx_word' id='word_1_367' title='bbox 1084 1004 1173 1026; x_wconf 90' lang='lat' dir='ltr'>autem</span> <span class='ocrx_word' id='word_1_368' title='bbox 1188 1000 1242 1035; x_wconf 77' lang='grc'>83</span> <span class='ocrx_word' id='word_1_369' title='bbox 1256 1005 1351 1034; x_wconf 87' lang='lat' dir='ltr'>sponte</span> <span class='ocrx_word' id='word_1_370' title='bbox 1369 1005 1481 1028; x_wconf 89' lang='lat' dir='ltr'>mortem</span> <span class='ocrx_word' id='word_1_371' title='bbox 1501 1009 1548 1036; x_wconf 91' lang='lat' dir='ltr'>pro</span> <span class='ocrx_word' id='word_1_372' title='bbox 1564 1006 1655 1029; x_wconf 89' lang='lat' dir='ltr'>nostra</span> 
     </span>
     <span class='ocr_line' id='line_1_48' title="bbox 859 1045 1655 1080; baseline 0.004 -8"><span class='ocrx_word' id='word_1_373' title='bbox 859 1045 944 1072; x_wconf 84' lang='lat' dir='ltr'>salute</span> <span class='ocrx_word' id='word_1_374' title='bbox 957 1046 1075 1079; x_wconf 84' lang='lat' dir='ltr'>suscepit</span> <span class='ocrx_word' id='word_1_375' title='bbox 1087 1045 1232 1072; x_wconf 89' lang='lat' dir='ltr'>secundum</span> <span class='ocrx_word' id='word_1_376' title='bbox 1252 1045 1322 1079; x_wconf 86' lang='lat' dir='ltr'>quod</span> <span class='ocrx_word' id='word_1_377' title='bbox 1346 1046 1402 1080; x_wconf 86' lang='lat' dir='ltr'>ipse</span> <span class='ocrx_word' id='word_1_378' title='bbox 1417 1050 1528 1074; x_wconf 87' lang='lat' dir='ltr'>testatur</span> <span class='ocrx_word' id='word_1_379' title='bbox 1542 1047 1634 1074; x_wconf 87' lang='lat' dir='ltr'>dicens</span> <span class='ocrx_word' id='word_1_380' title='bbox 1647 1057 1655 1075; x_wconf 93' lang='lat'><strong>:</strong></span> 
     </span>
     <span class='ocr_line' id='line_1_49' title="bbox 860 1090 1655 1126; baseline 0.005 -9"><span class='ocrx_word' id='word_1_381' title='bbox 860 1090 1016 1118; x_wconf 82' lang='lat' dir='ltr'>Potestatem</span> <span class='ocrx_word' id='word_1_382' title='bbox 1027 1091 1105 1118; x_wconf 75' lang='lat' dir='ltr'>habeo</span> <span class='ocrx_word' id='word_1_383' title='bbox 1119 1092 1231 1126; x_wconf 79' lang='lat' dir='ltr'>ponendi</span> <span class='ocrx_word' id='word_1_384' title='bbox 1244 1093 1355 1118; x_wconf 81' lang='lat' dir='ltr'>animam</span> <span class='ocrx_word' id='word_1_385' title='bbox 1370 1101 1460 1126; x_wconf 84' lang='lat' dir='ltr'>meam,</span> <span class='ocrx_word' id='word_1_386' title='bbox 1475 1098 1497 1120; x_wconf 88' lang='lat' dir='ltr'>et</span> <span class='ocrx_word' id='word_1_387' title='bbox 1511 1102 1584 1121; x_wconf 82' lang='lat' dir='ltr'>nemo</span> <span class='ocrx_word' id='word_1_388' title='bbox 1599 1102 1655 1121; x_wconf 83' lang='lat' dir='ltr'>eam</span> 
     </span>
     <span class='ocr_line' id='line_1_50' title="bbox 861 1138 1297 1172; baseline -0.002 -8"><span class='ocrx_word' id='word_1_389' title='bbox 861 1138 927 1164; x_wconf 76' lang='lat' dir='ltr'>toltit</span> <span class='ocrx_word' id='word_1_390' title='bbox 941 1145 957 1164; x_wconf 82' lang='lat' dir='ltr'>a</span> <span class='ocrx_word' id='word_1_391' title='bbox 972 1145 1021 1169; x_wconf 85' lang='lat' dir='ltr'>me,</span> <span class='ocrx_word' id='word_1_392' title='bbox 1038 1138 1082 1164; x_wconf 85' lang='lat' dir='ltr'>sed</span> <span class='ocrx_word' id='word_1_393' title='bbox 1095 1145 1140 1170; x_wconf 77' lang='lat' dir='ltr'>eqo</span> <span class='ocrx_word' id='word_1_394' title='bbox 1154 1145 1220 1172; x_wconf 81' lang='lat' dir='ltr'>pono</span> <span class='ocrx_word' id='word_1_395' title='bbox 1231 1145 1297 1164; x_wconf 82' lang='lat' dir='ltr'>eom.</span> 
     </span>
    </p>

    <p class='ocr_par' dir='ltr' id='par_1_13' title="bbox 1243 1183 1278 1209">
     <span class='ocr_line' id='line_1_51' title="bbox 1243 1183 1278 1209; baseline 0 0"><span class='ocrx_word' id='word_1_396' title='bbox 1243 1183 1278 1209; x_wconf 86' lang='lat' dir='ltr'>X.</span> 
     </span>
    </p>

    <p class='ocr_par' dir='ltr' id='par_1_14' title="bbox 859 1227 1655 1445">
     <span class='ocr_line' id='line_1_52' title="bbox 895 1227 1654 1257; baseline 0.003 -2"><span class='ocrx_word' id='word_1_397' title='bbox 895 1228 940 1255; x_wconf 71' lang='lat'>26.</span> <span class='ocrx_word' id='word_1_398' title='bbox 959 1229 1030 1256; x_wconf 88' lang='lat' dir='ltr'>Inter</span> <span class='ocrx_word' id='word_1_399' title='bbox 1044 1229 1255 1255; x_wconf 80' lang='lat' dir='ltr'>resurrectionem</span> <span class='ocrx_word' id='word_1_400' title='bbox 1269 1227 1364 1255; x_wconf 74' lang='lat' dir='ltr'>Christi</span> <span class='ocrx_word' id='word_1_401' title='bbox 1382 1232 1410 1255; x_wconf 80' lang='lat' dir='ltr'>et</span> <span class='ocrx_word' id='word_1_402' title='bbox 1432 1232 1547 1255; x_wconf 80' lang='lat' dir='ltr'>nostram</span> <span class='ocrx_word' id='word_1_403' title='bbox 1559 1229 1598 1256; x_wconf 88' lang='lat' dir='ltr'>sic</span> <span class='ocrx_word' id='word_1_404' title='bbox 1613 1229 1654 1257; x_wconf 86' lang='lat' dir='ltr'>di-</span> 
     </span>
     <span class='ocr_line' id='line_1_53' title="bbox 860 1273 1655 1309; baseline 0.003 -8"><span class='ocrx_word' id='word_1_405' title='bbox 860 1278 966 1308; x_wconf 78' lang='lat' dir='ltr'>screpat</span> <span class='ocrx_word' id='word_1_406' title='bbox 980 1282 986 1299; x_wconf 89' lang='lat'>:</span> <span class='ocrx_word' id='word_1_407' title='bbox 1002 1274 1072 1308; x_wconf 86' lang='lat' dir='ltr'>quod</span> <span class='ocrx_word' id='word_1_408' title='bbox 1096 1273 1172 1300; x_wconf 90' lang='lat' dir='ltr'>nobis</span> <span class='ocrx_word' id='word_1_409' title='bbox 1184 1273 1387 1300; x_wconf 89' lang='lat' dir='ltr'>resurrectionis</span> <span class='ocrx_word' id='word_1_410' title='bbox 1401 1277 1506 1308; x_wconf 90' lang='lat' dir='ltr'>tempus</span> <span class='ocrx_word' id='word_1_411' title='bbox 1521 1282 1608 1309; x_wconf 85' lang='lat' dir='ltr'>usque</span> <span class='ocrx_word' id='word_1_412' title='bbox 1627 1275 1655 1303; x_wconf 84' lang='lat' dir='ltr'>iu</span> 
     </span>
     <span class='ocr_line' id='line_1_54' title="bbox 860 1318 1652 1351; baseline 0.001 -4"><span class='ocrx_word' id='word_1_413' title='bbox 860 1320 940 1347; x_wconf 84' lang='lat' dir='ltr'>finem</span> <span class='ocrx_word' id='word_1_414' title='bbox 953 1319 1044 1346; x_wconf 81' lang='lat' dir='ltr'>saeculi</span> <span class='ocrx_word' id='word_1_415' title='bbox 1064 1318 1196 1351; x_wconf 74' lang='lat' dir='ltr'>differtur,</span> <span class='ocrx_word' id='word_1_416' title='bbox 1218 1318 1290 1345; x_wconf 88' lang='lat' dir='ltr'>illius</span> <span class='ocrx_word' id='word_1_417' title='bbox 1300 1325 1365 1345; x_wconf 90' lang='lat' dir='ltr'>vero</span> <span class='ocrx_word' id='word_1_418' title='bbox 1379 1318 1423 1346; x_wconf 85' lang='lat' dir='ltr'>die</span> <span class='ocrx_word' id='word_1_419' title='bbox 1439 1320 1518 1347; x_wconf 89' lang='lat' dir='ltr'>tertio</span> <span class='ocrx_word' id='word_1_420' title='bbox 1529 1319 1652 1348; x_wconf 83' lang='lat' dir='ltr'>celebra-</span> 
     </span>
     <span class='ocr_line' id='line_1_55' title="bbox 860 1364 1652 1399; baseline 0.003 -7"><span class='ocrx_word' id='word_1_421' title='bbox 860 1369 916 1397; x_wconf 87' lang='lat' dir='ltr'>tur;</span> <span class='ocrx_word' id='word_1_422' title='bbox 940 1364 984 1391; x_wconf 90' lang='lat' dir='ltr'>ille</span> <span class='ocrx_word' id='word_1_423' title='bbox 1000 1364 1099 1391; x_wconf 90' lang='lat' dir='ltr'>nullius</span> <span class='ocrx_word' id='word_1_424' title='bbox 1113 1364 1186 1398; x_wconf 82' lang='lat' dir='ltr'>eguit</span> <span class='ocrx_word' id='word_1_425' title='bbox 1200 1368 1230 1391; x_wconf 90' lang='lat' dir='ltr'>ut</span> <span class='ocrx_word' id='word_1_426' title='bbox 1248 1368 1415 1399; x_wconf 83' lang='lat' dir='ltr'>resurgeret,</span> <span class='ocrx_word' id='word_1_427' title='bbox 1437 1372 1487 1393; x_wconf 88' lang='lat' dir='ltr'>nos</span> <span class='ocrx_word' id='word_1_428' title='bbox 1509 1364 1555 1393; x_wconf 90' lang='lat' dir='ltr'>illo</span> <span class='ocrx_word' id='word_1_429' title='bbox 1570 1367 1652 1394; x_wconf 88' lang='lat' dir='ltr'>mise-</span> 
     </span>
     <span class='ocr_line' id='line_1_56' title="bbox 859 1410 1124 1445; baseline -0.004 -8"><span class='ocrx_word' id='word_1_430' title='bbox 859 1415 935 1438; x_wconf 79' lang='lat' dir='ltr'>rante</span> <span class='ocrx_word' id='word_1_431' title='bbox 949 1410 1124 1445; x_wconf 86' lang='lat' dir='ltr'>resurgimus.</span> 
     </span>
    </p>

    <p class='ocr_par' dir='ltr' id='par_1_15' title="bbox 1234 1457 1278 1484">
     <span class='ocr_line' id='line_1_57' title="bbox 1234 1457 1278 1484; baseline 0 0"><span class='ocrx_word' id='word_1_432' title='bbox 1234 1457 1278 1484; x_wconf 86' lang='lat' dir='ltr'>Xl.</span> 
     </span>
    </p>

    <p class='ocr_par' dir='ltr' id='par_1_16' title="bbox 894 1503 1652 1540">
     <span class='ocr_line' id='line_1_58' title="bbox 894 1503 1652 1540; baseline 0.003 -10"><span class='ocrx_word' id='word_1_433' title='bbox 894 1503 939 1530; x_wconf 76' lang='lat'>27.</span> <span class='ocrx_word' id='word_1_434' title='bbox 963 1503 1035 1530; x_wconf 84' lang='lat' dir='ltr'>lnter</span> <span class='ocrx_word' id='word_1_435' title='bbox 1053 1503 1205 1530; x_wconf 81' lang='lat' dir='ltr'>creationem</span> <span class='ocrx_word' id='word_1_436' title='bbox 1231 1503 1320 1530; x_wconf 83' lang='lat' dir='ltr'>mundi</span> <span class='ocrx_word' id='word_1_437' title='bbox 1341 1507 1368 1531; x_wconf 85' lang='lat' dir='ltr'>et</span> <span class='ocrx_word' id='word_1_438' title='bbox 1387 1504 1568 1539; x_wconf 75' lang='lat' dir='ltr'>formationem</span> <span class='ocrx_word' id='word_1_439' title='bbox 1596 1506 1652 1540; x_wconf 77' lang='lat' dir='ltr'>ejits</span> 
     </span>
    </p>

    <p class='ocr_par' dir='ltr' id='par_1_17' title="bbox 860 1548 1654 1584">
     <span class='ocr_line' id='line_1_59' title="bbox 860 1548 1654 1584; baseline 0.005 -9"><span class='ocrx_word' id='word_1_440' title='bbox 860 1549 918 1576; x_wconf 85' lang='lat' dir='ltr'>haec</span> <span class='ocrx_word' id='word_1_441' title='bbox 935 1553 977 1577; x_wconf 90' lang='lat' dir='ltr'>est</span> <span class='ocrx_word' id='word_1_442' title='bbox 992 1548 1154 1583; x_wconf 79' lang='lat' dir='ltr'>differentia,</span> <span class='ocrx_word' id='word_1_443' title='bbox 1171 1550 1241 1584; x_wconf 90' lang='lat' dir='ltr'>quod</span> <span class='ocrx_word' id='word_1_444' title='bbox 1260 1550 1424 1584; x_wconf 80' lang='lat' dir='ltr'>originaliter</span> <span class='ocrx_word' id='word_1_445' title='bbox 1437 1551 1585 1579; x_wconf 90' lang='lat' dir='ltr'>secundum</span> <span class='ocrx_word' id='word_1_446' title='bbox 1596 1559 1654 1578; x_wconf 92' lang='lat' dir='ltr'>ma-</span> 
     </span>
    </p>
   </div>
   <div class='ocr_carea' id='block_1_7' title="bbox 7 1593 1652 1632">
    <p class='ocr_par' dir='ltr' id='par_1_18' title="bbox 7 1593 1652 1632">
     <span class='ocr_line' id='line_1_60' title="bbox 7 1593 1652 1632; baseline 0.003 -11"><span class='ocrx_word' id='word_1_447' title='bbox 7 1593 157 1628; x_wconf 70' lang='lat' dir='ltr'>·snetipsum</span> <span class='ocrx_word' id='word_1_448' title='bbox 175 1593 247 1620; x_wconf 86' lang='lat' dir='ltr'>Patri</span> <span class='ocrx_word' id='word_1_449' title='bbox 274 1593 386 1620; x_wconf 79' lang='lat' dir='ltr'>hostiam</span> <span class='ocrx_word' id='word_1_450' title='bbox 403 1601 451 1628; x_wconf 91' lang='lat' dir='ltr'>pro</span> <span class='ocrx_word' id='word_1_451' title='bbox 476 1594 553 1621; x_wconf 85' lang='lat' dir='ltr'>nobis</span> <span class='ocrx_word' id='word_1_452' title='bbox 576 1594 682 1621; x_wconf 89' lang='lat' dir='ltr'>obtulit.</span> <span class='ocrx_word' id='word_1_453' title='bbox 709 1594 786 1621; x_wconf 86' lang='lat' dir='ltr'>Petra</span> <span class='ocrx_word' id='word_1_454' title='bbox 797 1615 804 1628; x_wconf 94' lang='lat'><strong>‚</strong></span> <span class='ocrx_word' id='word_1_455' title='bbox 819 1596 842 1626; x_wconf 89' lang='lat' dir='ltr'>C</span> <span class='ocrx_word' id='word_1_456' title='bbox 860 1596 934 1622; x_wconf 81' lang='lat' dir='ltr'>teriae</span> <span class='ocrx_word' id='word_1_457' title='bbox 945 1595 1120 1623; x_wconf 86' lang='lat' dir='ltr'>substantiam</span> <span class='ocrx_word' id='word_1_458' title='bbox 1131 1596 1310 1623; x_wconf 83' lang='lat' dir='ltr'>simutcuncta</span> <span class='ocrx_word' id='word_1_459' title='bbox 1323 1601 1412 1624; x_wconf 88' lang='lat' dir='ltr'>creata</span> <span class='ocrx_word' id='word_1_460' title='bbox 1422 1598 1577 1632; x_wconf 84' lang='lat' dir='ltr'>sunt,juxta</span> <span class='ocrx_word' id='word_1_461' title='bbox 1586 1598 1652 1626; x_wconf 87' lang='lat' dir='ltr'>illud</span> 
     </span>
    </p>
   </div>
   <div class='ocr_carea' id='block_1_8' title="bbox 0 1639 807 2317">
    <p class='ocr_par' dir='ltr' id='par_1_19' title="bbox 0 1639 807 1858">
     <span class='ocr_line' id='line_1_61' title="bbox 9 1639 806 1674; baseline 0.003 -8"><span class='ocrx_word' id='word_1_462' title='bbox 9 1639 207 1674; x_wconf 54' lang='lat' dir='ltr'>,quodlirmitas</span> <span class='ocrx_word' id='word_1_463' title='bbox 222 1639 256 1666; x_wconf 89' lang='lat' dir='ltr'>sit</span> <span class='ocrx_word' id='word_1_464' title='bbox 266 1639 442 1672; x_wconf 85' lang='lat' dir='ltr'>credentium,</span> <span class='ocrx_word' id='word_1_465' title='bbox 462 1640 574 1668; x_wconf 83' lang='lat' dir='ltr'>ossensio</span> <span class='ocrx_word' id='word_1_466' title='bbox 588 1645 615 1667; x_wconf 90' lang='lat' dir='ltr'>et</span> <span class='ocrx_word' id='word_1_467' title='bbox 630 1640 705 1667; x_wconf 87' lang='lat' dir='ltr'>ruina</span> <span class='ocrx_word' id='word_1_468' title='bbox 719 1640 806 1668; x_wconf 90' lang='lat' dir='ltr'>incre-</span> 
     </span>
     <span class='ocr_line' id='line_1_62' title="bbox 4 1685 805 1722; baseline 0.004 -10"><span class='ocrx_word' id='word_1_469' title='bbox 4 1685 151 1722; x_wconf 54' lang='lat' dir='ltr'>uotorum„</span> <span class='ocrx_word' id='word_1_470' title='bbox 163 1685 243 1720; x_wconf 87' lang='lat' dir='ltr'>Lapis</span> <span class='ocrx_word' id='word_1_471' title='bbox 257 1686 390 1721; x_wconf 82' lang='lat' dir='ltr'>angularis</span> <span class='ocrx_word' id='word_1_472' title='bbox 400 1707 407 1719; x_wconf 93' lang='lat'>,</span> <span class='ocrx_word' id='word_1_473' title='bbox 419 1686 480 1721; x_wconf 86' lang='lat' dir='ltr'>quia</span> <span class='ocrx_word' id='word_1_474' title='bbox 496 1686 578 1714; x_wconf 84' lang='lat' dir='ltr'>Vetus</span> <span class='ocrx_word' id='word_1_475' title='bbox 590 1691 617 1714; x_wconf 87' lang='lat' dir='ltr'>et</span> <span class='ocrx_word' id='word_1_476' title='bbox 632 1687 733 1715; x_wconf 88' lang='lat' dir='ltr'>Novum</span> <span class='ocrx_word' id='word_1_477' title='bbox 753 1688 805 1715; x_wconf 86' lang='lat' dir='ltr'>Te-</span> 
     </span>
     <span class='ocr_line' id='line_1_63' title="bbox 0 1732 805 1766; baseline 0.004 -8"><span class='ocrx_word' id='word_1_478' title='bbox 0 1735 187 1764; x_wconf 60' lang='lat' dir='ltr'>mstameutum,</span> <span class='ocrx_word' id='word_1_479' title='bbox 201 1732 282 1760; x_wconf 87' lang='lat' dir='ltr'>veluti</span> <span class='ocrx_word' id='word_1_480' title='bbox 292 1732 345 1759; x_wconf 93' lang='lat' dir='ltr'>duo</span> <span class='ocrx_word' id='word_1_481' title='bbox 358 1732 473 1766; x_wconf 84' lang='lat' dir='ltr'>parietes</span> <span class='ocrx_word' id='word_1_482' title='bbox 485 1740 518 1760; x_wconf 88' lang='lat' dir='ltr'>ex</span> <span class='ocrx_word' id='word_1_483' title='bbox 529 1733 642 1760; x_wconf 89' lang='lat' dir='ltr'>adverso</span> <span class='ocrx_word' id='word_1_484' title='bbox 657 1733 805 1766; x_wconf 86' lang='lat' dir='ltr'>venientes,</span> 
     </span>
     <span class='ocr_line' id='line_1_64' title="bbox 6 1778 807 1813; baseline 0.002 -8"><span class='ocrx_word' id='word_1_485' title='bbox 6 1781 139 1813; x_wconf 53' lang='lat' dir='ltr'>rtanquam</span> <span class='ocrx_word' id='word_1_486' title='bbox 155 1778 266 1813; x_wconf 81' lang='lat' dir='ltr'>angulus</span> <span class='ocrx_word' id='word_1_487' title='bbox 277 1799 284 1812; x_wconf 94' lang='lat'>,</span> <span class='ocrx_word' id='word_1_488' title='bbox 304 1778 412 1806; x_wconf 88' lang='lat' dir='ltr'>sibimet</span> <span class='ocrx_word' id='word_1_489' title='bbox 427 1779 562 1813; x_wconf 90' lang='lat' dir='ltr'>copulavit</span> <span class='ocrx_word' id='word_1_490' title='bbox 579 1787 611 1806; x_wconf 90' lang='lat' dir='ltr'>ac</span> <span class='ocrx_word' id='word_1_491' title='bbox 629 1780 691 1807; x_wconf 87' lang='lat' dir='ltr'>tidei</span> <span class='ocrx_word' id='word_1_492' title='bbox 706 1781 807 1808; x_wconf 86' lang='lat' dir='ltr'>unitate</span> 
     </span>
     <span class='ocr_line' id='line_1_65' title="bbox 6 1824 164 1858; baseline -0.006 -7"><span class='ocrx_word' id='word_1_493' title='bbox 6 1836 9 1844; x_wconf 92' lang='lat'>·</span> <span class='ocrx_word' id='word_1_494' title='bbox 19 1824 164 1858; x_wconf 84' lang='lat' dir='ltr'>conjunxit.</span> 
     </span>
    </p>

    <p class='ocr_par' dir='ltr' id='par_1_20' title="bbox 13 1869 806 2133">
     <span class='ocr_line' id='line_1_66' title="bbox 50 1869 805 1906; baseline 0.004 -11"><span class='ocrx_word' id='word_1_495' title='bbox 50 1869 95 1895; x_wconf 73' lang='lat'>22.</span> <span class='ocrx_word' id='word_1_496' title='bbox 117 1869 211 1902; x_wconf 85' lang='lat' dir='ltr'>llomo,</span> <span class='ocrx_word' id='word_1_497' title='bbox 228 1876 289 1904; x_wconf 84' lang='lat' dir='ltr'>quta</span> <span class='ocrx_word' id='word_1_498' title='bbox 303 1869 449 1897; x_wconf 89' lang='lat' dir='ltr'>secundum</span> <span class='ocrx_word' id='word_1_499' title='bbox 461 1877 567 1898; x_wconf 91' lang='lat' dir='ltr'>carnem</span> <span class='ocrx_word' id='word_1_500' title='bbox 587 1878 620 1898; x_wconf 86' lang='lat' dir='ltr'>ex</span> <span class='ocrx_word' id='word_1_501' title='bbox 631 1871 741 1906; x_wconf 84' lang='lat' dir='ltr'>Virgine</span> <span class='ocrx_word' id='word_1_502' title='bbox 757 1879 805 1898; x_wconf 91' lang='lat' dir='ltr'>na-</span> 
     </span>
     <span class='ocr_line' id='line_1_67' title="bbox 15 1915 805 1952; baseline 0.004 -10"><span class='ocrx_word' id='word_1_503' title='bbox 15 1922 59 1943; x_wconf 67' lang='lat' dir='ltr'>tus</span> <span class='ocrx_word' id='word_1_504' title='bbox 77 1918 119 1942; x_wconf 85' lang='lat' dir='ltr'>est</span> <span class='ocrx_word' id='word_1_505' title='bbox 144 1915 275 1950; x_wconf 88' lang='lat' dir='ltr'>passibilis</span> <span class='ocrx_word' id='word_1_506' title='bbox 298 1919 378 1950; x_wconf 87' lang='lat' dir='ltr'>atque</span> <span class='ocrx_word' id='word_1_507' title='bbox 397 1916 528 1943; x_wconf 85' lang='lat' dir='ltr'>mortalis.</span> <span class='ocrx_word' id='word_1_508' title='bbox 550 1917 613 1950; x_wconf 91' lang='lat' dir='ltr'>Leo,</span> <span class='ocrx_word' id='word_1_509' title='bbox 641 1922 749 1952; x_wconf 86' lang='lat' dir='ltr'>propter</span> <span class='ocrx_word' id='word_1_510' title='bbox 763 1926 805 1945; x_wconf 90' lang='lat' dir='ltr'>re-</span> 
     </span>
     <span class='ocr_line' id='line_1_68' title="bbox 19 1962 806 1997; baseline 0.005 -10"><span class='ocrx_word' id='word_1_511' title='bbox 19 1968 94 1995; x_wconf 70' lang='lat' dir='ltr'>guutu</span> <span class='ocrx_word' id='word_1_512' title='bbox 109 1964 137 1988; x_wconf 89' lang='lat' dir='ltr'>et</span> <span class='ocrx_word' id='word_1_513' title='bbox 151 1962 306 1995; x_wconf 86' lang='lat' dir='ltr'>potentiam,</span> <span class='ocrx_word' id='word_1_514' title='bbox 320 1968 366 1996; x_wconf 90' lang='lat' dir='ltr'>per</span> <span class='ocrx_word' id='word_1_515' title='bbox 378 1969 455 1996; x_wconf 84' lang='lat' dir='ltr'>quam</span> <span class='ocrx_word' id='word_1_516' title='bbox 465 1962 519 1997; x_wconf 75' lang='lat'>82</span> <span class='ocrx_word' id='word_1_517' title='bbox 534 1962 561 1989; x_wconf 94' lang='lat' dir='ltr'>in</span> <span class='ocrx_word' id='word_1_518' title='bbox 581 1967 666 1990; x_wconf 88' lang='lat' dir='ltr'>morte</span> <span class='ocrx_word' id='word_1_519' title='bbox 675 1963 806 1991; x_wconf 87' lang='lat' dir='ltr'>Zabulum</span> 
     </span>
     <span class='ocr_line' id='line_1_69' title="bbox 21 2006 806 2043; baseline 0.005 -10"><span class='ocrx_word' id='word_1_520' title='bbox 21 2006 88 2034; x_wconf 71' lang='lat' dir='ltr'>aicit.</span> <span class='ocrx_word' id='word_1_521' title='bbox 98 2006 212 2039; x_wconf 80' lang='lat' dir='ltr'>vitulus,</span> <span class='ocrx_word' id='word_1_522' title='bbox 220 2008 281 2042; x_wconf 88' lang='lat' dir='ltr'>quia</span> <span class='ocrx_word' id='word_1_523' title='bbox 290 2012 395 2042; x_wconf 85' lang='lat' dir='ltr'>propter</span> <span class='ocrx_word' id='word_1_524' title='bbox 402 2008 513 2035; x_wconf 90' lang='lat' dir='ltr'>salutem</span> <span class='ocrx_word' id='word_1_525' title='bbox 522 2010 639 2043; x_wconf 81' lang='lat' dir='ltr'>gentium</span> <span class='ocrx_word' id='word_1_526' title='bbox 652 2010 806 2038; x_wconf 87' lang='lat' dir='ltr'>immolatus</span> 
     </span>
     <span class='ocr_line' id='line_1_70' title="bbox 13 2052 806 2088; baseline 0.005 -9"><span class='ocrx_word' id='word_1_527' title='bbox 13 2056 66 2080; x_wconf 72' lang='lat' dir='ltr'>¹est.</span> <span class='ocrx_word' id='word_1_528' title='bbox 75 2052 179 2087; x_wconf 70' lang='lat' dir='ltr'>Aquita,</span> <span class='ocrx_word' id='word_1_529' title='bbox 189 2060 237 2087; x_wconf 91' lang='lat' dir='ltr'>pro</span> <span class='ocrx_word' id='word_1_530' title='bbox 247 2060 280 2080; x_wconf 89' lang='lat' dir='ltr'>eo</span> <span class='ocrx_word' id='word_1_531' title='bbox 287 2053 356 2088; x_wconf 85' lang='lat' dir='ltr'>quod</span> <span class='ocrx_word' id='word_1_532' title='bbox 365 2061 507 2088; x_wconf 84' lang='lat' dir='ltr'>resurgens</span> <span class='ocrx_word' id='word_1_533' title='bbox 515 2054 547 2081; x_wconf 92' lang='lat' dir='ltr'>ad</span> <span class='ocrx_word' id='word_1_534' title='bbox 557 2059 627 2082; x_wconf 84' lang='lat' dir='ltr'>astra</span> <span class='ocrx_word' id='word_1_535' title='bbox 634 2055 693 2082; x_wconf 89' lang='lat' dir='ltr'>coeli</span> <span class='ocrx_word' id='word_1_536' title='bbox 703 2063 806 2083; x_wconf 86' lang='lat' dir='ltr'>remea-</span> 
     </span>
     <span class='ocr_line' id='line_1_71' title="bbox 20 2097 804 2133; baseline 0.004 -9"><span class='ocrx_word' id='word_1_537' title='bbox 20 2098 61 2132; x_wconf 76' lang='lat' dir='ltr'>vit,</span> <span class='ocrx_word' id='word_1_538' title='bbox 73 2102 100 2126; x_wconf 88' lang='lat' dir='ltr'>et</span> <span class='ocrx_word' id='word_1_539' title='bbox 114 2098 147 2126; x_wconf 90' lang='lat' dir='ltr'>ad</span> <span class='ocrx_word' id='word_1_540' title='bbox 160 2097 251 2126; x_wconf 89' lang='lat' dir='ltr'>sedem</span> <span class='ocrx_word' id='word_1_541' title='bbox 266 2102 402 2133; x_wconf 87' lang='lat' dir='ltr'>paternam</span> <span class='ocrx_word' id='word_1_542' title='bbox 411 2099 480 2126; x_wconf 88' lang='lat' dir='ltr'>unde</span> <span class='ocrx_word' id='word_1_543' title='bbox 490 2103 600 2127; x_wconf 84' lang='lat' dir='ltr'>venerat</span> <span class='ocrx_word' id='word_1_544' title='bbox 610 2100 706 2127; x_wconf 87' lang='lat' dir='ltr'>iterum</span> <span class='ocrx_word' id='word_1_545' title='bbox 716 2100 804 2127; x_wconf 88' lang='lat' dir='ltr'>rediit.</span> 
     </span>
    </p>

    <p class='ocr_par' dir='ltr' id='par_1_21' title="bbox 33 2143 805 2317">
     <span class='ocr_line' id='line_1_72' title="bbox 369 2143 434 2171; baseline 0.015 -1"><span class='ocrx_word' id='word_1_546' title='bbox 369 2143 434 2171; x_wconf 84' lang='lat' dir='ltr'>vttt.</span> 
     </span>
     <span class='ocr_line' id='line_1_73' title="bbox 49 2187 804 2226; baseline 0.001 -10"><span class='ocrx_word' id='word_1_547' title='bbox 49 2187 95 2216; x_wconf 79' lang='lat'>25.</span> <span class='ocrx_word' id='word_1_548' title='bbox 111 2187 183 2216; x_wconf 85' lang='lat' dir='ltr'>Inter</span> <span class='ocrx_word' id='word_1_549' title='bbox 193 2188 350 2215; x_wconf 82' lang='lat' dir='ltr'>nativitatem</span> <span class='ocrx_word' id='word_1_550' title='bbox 361 2187 455 2216; x_wconf 75' lang='lat' dir='ltr'>Christi</span> <span class='ocrx_word' id='word_1_551' title='bbox 463 2193 490 2216; x_wconf 86' lang='lat' dir='ltr'>et</span> <span class='ocrx_word' id='word_1_552' title='bbox 503 2193 618 2216; x_wconf 80' lang='lat' dir='ltr'>nostram</span> <span class='ocrx_word' id='word_1_553' title='bbox 627 2190 677 2217; x_wconf 82' lang='lat' dir='ltr'>ltoc</span> <span class='ocrx_word' id='word_1_554' title='bbox 685 2191 804 2226; x_wconf 82' lang='lat' dir='ltr'>interest,</span> 
     </span>
     <span class='ocr_line' id='line_1_74' title="bbox 35 2234 805 2269; baseline 0.003 -7"><span class='ocrx_word' id='word_1_555' title='bbox 35 2234 85 2262; x_wconf 86' lang='lat' dir='ltr'>uod</span> <span class='ocrx_word' id='word_1_556' title='bbox 98 2234 185 2262; x_wconf 88' lang='lat' dir='ltr'>omnis</span> <span class='ocrx_word' id='word_1_557' title='bbox 200 2234 280 2261; x_wconf 84' lang='lat' dir='ltr'>homo</span> <span class='ocrx_word' id='word_1_558' title='bbox 294 2242 327 2261; x_wconf 88' lang='lat' dir='ltr'>ex</span> <span class='ocrx_word' id='word_1_559' title='bbox 341 2234 430 2262; x_wconf 89' lang='lat' dir='ltr'>delicti</span> <span class='ocrx_word' id='word_1_560' title='bbox 446 2234 505 2269; x_wconf 88' lang='lat' dir='ltr'>lege</span> <span class='ocrx_word' id='word_1_561' title='bbox 519 2235 653 2263; x_wconf 86' lang='lat' dir='ltr'>invenitur</span> <span class='ocrx_word' id='word_1_562' title='bbox 667 2243 726 2264; x_wconf 90' lang='lat' dir='ltr'>esse</span> <span class='ocrx_word' id='word_1_563' title='bbox 741 2244 805 2264; x_wconf 87' lang='lat' dir='ltr'>con-</span> 
     </span>
     <span class='ocr_line' id='line_1_75' title="bbox 33 2281 804 2317; baseline 0.003 -8"><span class='ocrx_word' id='word_1_564' title='bbox 33 2285 123 2317; x_wconf 79' lang='lat' dir='ltr'>optus,</span> <span class='ocrx_word' id='word_1_565' title='bbox 138 2281 183 2309; x_wconf 83' lang='lat' dir='ltr'>ille</span> <span class='ocrx_word' id='word_1_566' title='bbox 195 2286 284 2309; x_wconf 85' lang='lat' dir='ltr'>autem</span> <span class='ocrx_word' id='word_1_567' title='bbox 296 2288 348 2309; x_wconf 90' lang='lat' dir='ltr'>non</span> <span class='ocrx_word' id='word_1_568' title='bbox 363 2289 397 2309; x_wconf 83' lang='lat' dir='ltr'>ex</span> <span class='ocrx_word' id='word_1_569' title='bbox 410 2281 625 2316; x_wconf 83' lang='lat' dir='ltr'>concupiscentia</span> <span class='ocrx_word' id='word_1_570' title='bbox 638 2283 728 2310; x_wconf 83' lang='lat' dir='ltr'>carnis</span> <span class='ocrx_word' id='word_1_571' title='bbox 737 2305 744 2317; x_wconf 91' lang='lat'>‚</span> <span class='ocrx_word' id='word_1_572' title='bbox 761 2284 804 2311; x_wconf 89' lang='lat' dir='ltr'>vel</span> 
     </span>
    </p>
   </div>
   <div class='ocr_carea' id='block_1_9' title="bbox 0 1759 167 2785">
    <p class='ocr_par' dir='ltr' id='par_1_22' title="bbox 0 1759 167 2785">
     <span class='ocr_line' id='line_1_76' title="bbox 0 1759 2 1830; baseline 0 -47"><span class='ocrx_word' id='word_1_573' title='bbox 0 1759 2 1830; x_wconf 95' lang='lat' dir='ltr'>  </span> 
     </span>
     <span class='ocr_line' id='line_1_77' title="bbox 0 1830 14 1970; baseline 0 -46"><span class='ocrx_word' id='word_1_574' title='bbox 0 1830 14 1970; x_wconf 95' lang='lat' dir='ltr'>   </span> 
     </span>
     <span class='ocr_line' id='line_1_78' title="bbox 0 1970 17 2061; baseline 0 -47"><span class='ocrx_word' id='word_1_575' title='bbox 0 1970 17 2061; x_wconf 95' lang='lat' dir='ltr'>   </span> 
     </span>
     <span class='ocr_line' id='line_1_79' title="bbox 0 2061 32 2245; baseline 0 0"><span class='ocrx_word' id='word_1_576' title='bbox 0 2061 32 2245; x_wconf 95' lang='lat' dir='ltr'>    </span> 
     </span>
     <span class='ocr_line' id='line_1_80' title="bbox 0 2245 33 2286; baseline 0 -23"><span class='ocrx_word' id='word_1_577' title='bbox 0 2245 33 2286; x_wconf 95' lang='lat' dir='ltr'>  </span> 
     </span>
     <span class='ocr_line' id='line_1_81' title="bbox 0 2286 52 2406; baseline 0 -5"><span class='ocrx_word' id='word_1_578' title='bbox 0 2286 52 2406; x_wconf 95' lang='lat' dir='ltr'>    </span> 
     </span>
     <span class='ocr_line' id='line_1_82' title="bbox 0 2406 43 2509; baseline 0 -70"><span class='ocrx_word' id='word_1_579' title='bbox 0 2406 43 2509; x_wconf 95' lang='lat' dir='ltr'>   </span> 
     </span>
     <span class='ocr_line' id='line_1_83' title="bbox 2 2509 47 2542; baseline 0 474"><span class='ocrx_word' id='word_1_580' title='bbox 2 2509 47 2542; x_wconf 95' lang='lat' dir='ltr'> </span> 
     </span>
     <span class='ocr_line' id='line_1_84' title="bbox 0 2542 37 2610; baseline 0 0"><span class='ocrx_word' id='word_1_581' title='bbox 0 2542 37 2610; x_wconf 95' lang='lat' dir='ltr'>  </span> 
     </span>
     <span class='ocr_line' id='line_1_85' title="bbox 0 2610 39 2649; baseline 0 367"><span class='ocrx_word' id='word_1_582' title='bbox 0 2610 39 2649; x_wconf 95' lang='lat' dir='ltr'> </span> 
     </span>
     <span class='ocr_line' id='line_1_86' title="bbox 0 2649 167 2785; baseline 0.018 -3"><span class='ocrx_word' id='word_1_583' title='bbox 0 2649 167 2785; x_wconf 95' lang='lat' dir='ltr'>     </span> 
     </span>
    </p>
   </div>
   <div class='ocr_carea' id='block_1_10' title="bbox 0 2384 806 2953">
    <p class='ocr_par' dir='ltr' id='par_1_23' title="bbox 36 2384 803 2497">
     <span class='ocr_line' id='line_1_87' title="bbox 45 2384 803 2421; baseline 0 -7"><span class='ocrx_word' id='word_1_584' title='bbox 45 2392 90 2414; x_wconf 67' lang='lat' dir='ltr'>ens</span> <span class='ocrx_word' id='word_1_585' title='bbox 104 2385 138 2413; x_wconf 77' lang='lat' dir='ltr'>ad</span> <span class='ocrx_word' id='word_1_586' title='bbox 161 2385 309 2417; x_wconf 85' lang='lat' dir='ltr'>Sedulium,</span> <span class='ocrx_word' id='word_1_587' title='bbox 334 2386 353 2412; x_wconf 91' lang='grc' dir='ltr'>Ι.</span> <span class='ocrx_word' id='word_1_588' title='bbox 378 2393 398 2418; x_wconf 85' lang='lat'>1,</span> <span class='ocrx_word' id='word_1_589' title='bbox 410 2392 482 2412; x_wconf 86' lang='lat' dir='ltr'>vers.</span> <span class='ocrx_word' id='word_1_590' title='bbox 506 2384 570 2412; x_wconf 76' lang='lat'>5¹9.</span> <span class='ocrx_word' id='word_1_591' title='bbox 587 2386 625 2413; x_wconf 86' lang='lat' dir='ltr'>De</span> <span class='ocrx_word' id='word_1_592' title='bbox 650 2385 803 2421; x_wconf 82' lang='lat' dir='ltr'>hujusmodi</span> 
     </span>
     <span class='ocr_line' id='line_1_88' title="bbox 36 2419 802 2462; baseline 0.001 -14"><span class='ocrx_word' id='word_1_593' title='bbox 36 2427 82 2462; x_wconf 72' lang='lat' dir='ltr'>ero</span> <span class='ocrx_word' id='word_1_594' title='bbox 91 2421 252 2453; x_wconf 75' lang='lat' dir='ltr'>nominibus,</span> <span class='ocrx_word' id='word_1_595' title='bbox 259 2427 320 2455; x_wconf 82' lang='lat' dir='ltr'>quae</span> <span class='ocrx_word' id='word_1_596' title='bbox 330 2420 396 2461; x_wconf 81' lang='lat' dir='ltr'>Filio</span> <span class='ocrx_word' id='word_1_597' title='bbox 403 2419 449 2447; x_wconf 91' lang='lat' dir='ltr'>Dci</span> <span class='ocrx_word' id='word_1_598' title='bbox 461 2419 655 2454; x_wconf 88' lang='lat' dir='ltr'>attribuuntur,</span> <span class='ocrx_word' id='word_1_599' title='bbox 662 2421 716 2456; x_wconf 75' lang='lat' dir='ltr'>agit</span> <span class='ocrx_word' id='word_1_600' title='bbox 723 2422 802 2449; x_wconf 85' lang='lat' dir='ltr'>etiam</span> 
     </span>
     <span class='ocr_line' id='line_1_89' title="bbox 45 2454 687 2497; baseline 0 -15"><span class='ocrx_word' id='word_1_601' title='bbox 45 2457 135 2483; x_wconf 80' lang='lat' dir='ltr'>tdorus</span> <span class='ocrx_word' id='word_1_602' title='bbox 147 2454 165 2482; x_wconf 88' lang='lat' dir='ltr'>l.</span> <span class='ocrx_word' id='word_1_603' title='bbox 177 2462 214 2483; x_wconf 79' lang='lat' dir='ltr'>vn</span> <span class='ocrx_word' id='word_1_604' title='bbox 226 2454 431 2497; x_wconf 67' lang='lat' dir='ltr'>Etqulogtar„</span> <span class='ocrx_word' id='word_1_605' title='bbox 442 2461 503 2496; x_wconf 80' lang='lat' dir='ltr'>cap.</span> <span class='ocrx_word' id='word_1_606' title='bbox 517 2455 642 2496; x_wconf 48' lang='lat' dir='ltr'>22Anzv.</span> <span class='ocrx_word' id='word_1_607' title='bbox 662 2491 666 2496; x_wconf 44' lang='grc' dir='ltr'>Ι</span> <span class='ocrx_word' id='word_1_608' title='bbox 680 2491 687 2497; x_wconf 46' lang='lat'><strong>·</strong></span> 
     </span>
    </p>

    <p class='ocr_par' dir='ltr' id='par_1_24' title="bbox 0 2488 806 2953">
     <span class='ocr_line' id='line_1_90' title="bbox 0 2488 804 2568; baseline 0.002 -16"><span class='ocrx_word' id='word_1_609' title='bbox 0 2511 1 2514; x_wconf 71' lang='grc'>’</span> <span class='ocrx_word' id='word_1_610' title='bbox 49 2488 804 2568; x_wconf 51' lang='grc' dir='ltr'>ἓέ·.’έῖ’;ἰ2.ω’ζ’ἶίξζὲῑ.“’ἰῧῖἒῗέἑῖ,’“,,.ἳ,ἳξὲ.ἳξὶἰὲιῖῗὶῗεῐ</span> 
     </span>
     <span class='ocr_line' id='line_1_91' title="bbox 37 2559 803 2602; baseline 0.003 -15"><span class='ocrx_word' id='word_1_611' title='bbox 37 2565 134 2600; x_wconf 65' lang='lat' dir='ltr'>sterno</span> <span class='ocrx_word' id='word_1_612' title='bbox 147 2559 219 2593; x_wconf 85' lang='lat' dir='ltr'>quod</span> <span class='ocrx_word' id='word_1_613' title='bbox 231 2562 287 2599; x_wconf 65' lang='lat' dir='ltr'>tres</span> <span class='ocrx_word' id='word_1_614' title='bbox 297 2567 326 2588; x_wconf 74' lang='lat' dir='ltr'>tu</span> <span class='ocrx_word' id='word_1_615' title='bbox 332 2559 443 2601; x_wconf 60' lang='lat' dir='ltr'>§bristo</span> <span class='ocrx_word' id='word_1_616' title='bbox 456 2564 510 2587; x_wconf 81' lang='lat' dir='ltr'>stnt</span> <span class='ocrx_word' id='word_1_617' title='bbox 520 2560 691 2602; x_wconf 57' lang='lat' dir='ltr'>substantias:</span> <span class='ocrx_word' id='word_1_618' title='bbox 703 2561 765 2589; x_wconf 69' lang='lat' dir='ltr'>Tres</span> <span class='ocrx_word' id='word_1_619' title='bbox 775 2571 803 2589; x_wconf 81' lang='lat' dir='ltr'>m</span> 
     </span>
     <span class='ocr_line' id='line_1_92' title="bbox 39 2594 804 2674; baseline 0.003 -17"><span class='ocrx_word' id='word_1_620' title='bbox 39 2594 804 2674; x_wconf 49' lang='lat' dir='ltr'>mmmmm&amp;&amp;efficax-5252:</span> 
     </span>
     <span class='ocr_line' id='line_1_93' title="bbox 109 2662 806 2732; baseline 0.007 -7"><span class='ocrx_word' id='word_1_621' title='bbox 109 2662 806 2732; x_wconf 52' lang='lat' dir='ltr'>⁹⁰7202¹?ss‘ffi‘fflffi&#39;trm‘ii&#39;fdffsstffllff⁰sssst</span> 
     </span>
     <span class='ocr_line' id='line_1_94' title="bbox 109 2707 805 2779; baseline 0.004 -17"><span class='ocrx_word' id='word_1_622' title='bbox 109 2707 257 2766; x_wconf 56' lang='grc' dir='ltr'>υὲῦιιονιιίι,</span> <span class='ocrx_word' id='word_1_623' title='bbox 268 2733 311 2760; x_wconf 78' lang='lat' dir='ltr'>ubi</span> <span class='ocrx_word' id='word_1_624' title='bbox 324 2733 369 2766; x_wconf 76' lang='lat' dir='ltr'>ait,</span> <span class='ocrx_word' id='word_1_625' title='bbox 385 2738 438 2762; x_wconf 85' lang='lat' dir='ltr'>etc.</span> <span class='ocrx_word' id='word_1_626' title='bbox 451 2733 545 2763; x_wconf 71' lang='lat' dir='ltr'>Patro·</span> <span class='ocrx_word' id='word_1_627' title='bbox 552 2736 664 2777; x_wconf 64' lang='grc' dir='ltr'>ροικξίιϋ</span> <span class='ocrx_word' id='word_1_628' title='bbox 686 2723 805 2779; x_wconf 62' lang='lat' dir='ltr'>rainco-</span> 
     </span>
     <span class='ocr_line' id='line_1_95' title="bbox 105 2767 805 2840; baseline 0.003 -6"><span class='ocrx_word' id='word_1_629' title='bbox 105 2767 470 2840; x_wconf 59' lang='lat' dir='ltr'>unei2”203.2.⁴;.&#39;²0³1¹&#39;i1=¹‚01</span> <span class='ocrx_word' id='word_1_630' title='bbox 480 2767 805 2840; x_wconf 45' lang='lat' dir='ltr'>‘seinamma</span> 
     </span>
     <span class='ocr_line' id='line_1_96' title="bbox 108 2837 804 2877; baseline 0.001 -8"><span class='ocrx_word' id='word_1_631' title='bbox 108 2872 111 2877; x_wconf 25' lang='grc' dir='ltr'><strong>Δ</strong></span> <span class='ocrx_word' id='word_1_632' title='bbox 123 2838 299 2876; x_wconf 71' lang='grc' dir='ltr'><strong>-ΕΙίριιιεΙιιω,</strong></span> <span class='ocrx_word' id='word_1_633' title='bbox 313 2847 347 2867; x_wconf 85' lang='lat' dir='ltr'>ex</span> <span class='ocrx_word' id='word_1_634' title='bbox 357 2838 464 2867; x_wconf 83' lang='lat' dir='ltr'>concilii</span> <span class='ocrx_word' id='word_1_635' title='bbox 476 2837 584 2867; x_wconf 81' lang='lat' dir='ltr'>decreto</span> <span class='ocrx_word' id='word_1_636' title='bbox 606 2841 689 2868; x_wconf 73' lang='lat' dir='ltr'>niiseo</span> <span class='ocrx_word' id='word_1_637' title='bbox 701 2841 736 2870; x_wconf 71' lang='lat' dir='ltr'>od</span> <span class='ocrx_word' id='word_1_638' title='bbox 747 2841 804 2877; x_wconf 77' lang='lat' dir='ltr'>ept-</span> 
     </span>
     <span class='ocr_line' id='line_1_97' title="bbox 110 2873 804 2911; baseline 0.006 -9"><span class='ocrx_word' id='word_1_639' title='bbox 110 2908 113 2909; x_wconf 20' lang='lat'><em>⁷</em></span> <span class='ocrx_word' id='word_1_640' title='bbox 126 2874 280 2911; x_wconf 76' lang='lat' dir='ltr'>·Blspaniae,</span> <span class='ocrx_word' id='word_1_641' title='bbox 302 2878 370 2903; x_wconf 85' lang='lat' dir='ltr'>tom.</span> <span class='ocrx_word' id='word_1_642' title='bbox 384 2881 422 2902; x_wconf 82' lang='lat' dir='ltr'>vit</span> <span class='ocrx_word' id='word_1_643' title='bbox 446 2873 612 2908; x_wconf 77' lang='lat' dir='ltr'>Labb.,cot.</span> <span class='ocrx_word' id='word_1_644' title='bbox 629 2874 698 2905; x_wconf 70' lang='lat'>1⁰28</span> <span class='ocrx_word' id='word_1_645' title='bbox 711 2885 723 2905; x_wconf 71' lang='lat' dir='ltr'><em>z</em></span> <span class='ocrx_word' id='word_1_646' title='bbox 734 2875 804 2906; x_wconf 69' lang='lat' dir='ltr'>sm</span> 
     </span>
     <span class='ocr_line' id='line_1_98' title="bbox 238 2919 568 2953; baseline 0.003 -1"><span class='ocrx_word' id='word_1_647' title='bbox 238 2921 363 2952; x_wconf 66' lang='lat' dir='ltr'>tunoz.</span> <span class='ocrx_word' id='word_1_648' title='bbox 389 2919 568 2953; x_wconf 80' lang='lat' dir='ltr'>Lxxxttt.</span> 
     </span>
    </p>
   </div>
   <div class='ocr_carea' id='block_1_11' title="bbox 858 1641 1655 2319">
    <p class='ocr_par' dir='ltr' id='par_1_25' title="bbox 859 1641 1653 1676">
     <span class='ocr_line' id='line_1_99' title="bbox 859 1641 1653 1676; baseline 0.004 -8"><span class='ocrx_word' id='word_1_649' title='bbox 859 1642 929 1676; x_wconf 90' lang='lat' dir='ltr'>quod</span> <span class='ocrx_word' id='word_1_650' title='bbox 939 1641 1048 1668; x_wconf 87' lang='lat' dir='ltr'>dicitur:</span> <span class='ocrx_word' id='word_1_651' title='bbox 1060 1641 1110 1673; x_wconf 81' lang='lat' dir='ltr'>Qui</span> <span class='ocrx_word' id='word_1_652' title='bbox 1123 1642 1182 1668; x_wconf 85' lang='lat' dir='ltr'>vivit</span> <span class='ocrx_word' id='word_1_653' title='bbox 1196 1642 1223 1668; x_wconf 82' lang='lat' dir='ltr'>in</span> <span class='ocrx_word' id='word_1_654' title='bbox 1234 1646 1356 1668; x_wconf 84' lang='lat' dir='ltr'>oeternum</span> <span class='ocrx_word' id='word_1_655' title='bbox 1367 1642 1458 1669; x_wconf 84' lang='lat' dir='ltr'>creauit</span> <span class='ocrx_word' id='word_1_656' title='bbox 1471 1644 1556 1669; x_wconf 84' lang='lat' dir='ltr'>omnia</span> <span class='ocrx_word' id='word_1_657' title='bbox 1564 1644 1653 1671; x_wconf 73' lang='lat' dir='ltr'>simul.</span> 
     </span>
    </p>

    <p class='ocr_par' dir='ltr' id='par_1_26' title="bbox 858 1686 1655 1861">
     <span class='ocr_line' id='line_1_100' title="bbox 893 1686 1654 1723; baseline 0.005 -11"><span class='ocrx_word' id='word_1_658' title='bbox 893 1686 938 1713; x_wconf 77' lang='lat'>28.</span> <span class='ocrx_word' id='word_1_659' title='bbox 963 1687 999 1714; x_wconf 78' lang='lat' dir='ltr'>At</span> <span class='ocrx_word' id='word_1_660' title='bbox 1019 1694 1084 1714; x_wconf 87' lang='lat' dir='ltr'>vero</span> <span class='ocrx_word' id='word_1_661' title='bbox 1103 1686 1249 1714; x_wconf 87' lang='lat' dir='ltr'>secundum</span> <span class='ocrx_word' id='word_1_662' title='bbox 1277 1687 1476 1715; x_wconf 88' lang='lat' dir='ltr'>distinctionem</span> <span class='ocrx_word' id='word_1_663' title='bbox 1501 1689 1654 1723; x_wconf 87' lang='lat' dir='ltr'>specierum</span> 
     </span>
     <span class='ocr_line' id='line_1_101' title="bbox 859 1733 1654 1768; baseline 0.003 -8"><span class='ocrx_word' id='word_1_664' title='bbox 859 1741 906 1768; x_wconf 90' lang='lat' dir='ltr'>per</span> <span class='ocrx_word' id='word_1_665' title='bbox 925 1740 971 1760; x_wconf 86' lang='lat' dir='ltr'>sex</span> <span class='ocrx_word' id='word_1_666' title='bbox 987 1733 1092 1760; x_wconf 90' lang='lat' dir='ltr'>dierum</span> <span class='ocrx_word' id='word_1_667' title='bbox 1107 1733 1313 1760; x_wconf 88' lang='lat' dir='ltr'>alternationem</span> <span class='ocrx_word' id='word_1_668' title='bbox 1338 1733 1450 1761; x_wconf 89' lang='lat' dir='ltr'>formata</span> <span class='ocrx_word' id='word_1_669' title='bbox 1465 1738 1538 1762; x_wconf 88' lang='lat' dir='ltr'>sunt.</span> <span class='ocrx_word' id='word_1_670' title='bbox 1559 1734 1654 1763; x_wconf 88' lang='lat' dir='ltr'>Totius</span> 
     </span>
     <span class='ocr_line' id='line_1_102' title="bbox 858 1778 1655 1814; baseline 0.003 -8"><span class='ocrx_word' id='word_1_671' title='bbox 858 1780 930 1806; x_wconf 91' lang='lat' dir='ltr'>enim</span> <span class='ocrx_word' id='word_1_672' title='bbox 943 1783 1072 1806; x_wconf 82' lang='lat' dir='ltr'>creaturae</span> <span class='ocrx_word' id='word_1_673' title='bbox 1085 1778 1160 1814; x_wconf 80' lang='lat' dir='ltr'>origo</span> <span class='ocrx_word' id='word_1_674' title='bbox 1175 1778 1256 1805; x_wconf 89' lang='lat' dir='ltr'>simul</span> <span class='ocrx_word' id='word_1_675' title='bbox 1271 1778 1389 1812; x_wconf 86' lang='lat' dir='ltr'>exstitit,</span> <span class='ocrx_word' id='word_1_676' title='bbox 1404 1779 1509 1814; x_wconf 90' lang='lat' dir='ltr'>species</span> <span class='ocrx_word' id='word_1_677' title='bbox 1522 1783 1610 1807; x_wconf 84' lang='lat' dir='ltr'>tamen</span> <span class='ocrx_word' id='word_1_678' title='bbox 1626 1783 1655 1808; x_wconf 77' lang='lat' dir='ltr'>et</span> 
     </span>
     <span class='ocr_line' id='line_1_103' title="bbox 858 1826 1566 1861; baseline 0.001 -7"><span class='ocrx_word' id='word_1_679' title='bbox 858 1826 944 1854; x_wconf 82' lang='lat' dir='ltr'>forma</span> <span class='ocrx_word' id='word_1_680' title='bbox 964 1834 1011 1861; x_wconf 91' lang='lat' dir='ltr'>per</span> <span class='ocrx_word' id='word_1_681' title='bbox 1023 1832 1174 1861; x_wconf 90' lang='lat' dir='ltr'>temporum</span> <span class='ocrx_word' id='word_1_682' title='bbox 1187 1826 1352 1854; x_wconf 86' lang='lat' dir='ltr'>incrementa</span> <span class='ocrx_word' id='word_1_683' title='bbox 1367 1831 1566 1861; x_wconf 67' lang='lat' dir='ltr'>processerunt.</span> 
     </span>
    </p>

    <p class='ocr_par' dir='ltr' id='par_1_27' title="bbox 858 1872 1655 2181">
     <span class='ocr_line' id='line_1_104' title="bbox 893 1872 1652 1907; baseline 0.004 -8"><span class='ocrx_word' id='word_1_684' title='bbox 893 1872 938 1900; x_wconf 74' lang='lat'>29.</span> <span class='ocrx_word' id='word_1_685' title='bbox 951 1872 1017 1899; x_wconf 90' lang='lat' dir='ltr'>Nam</span> <span class='ocrx_word' id='word_1_686' title='bbox 1026 1873 1258 1907; x_wconf 84' lang='lat' dir='ltr'>primummateria</span> <span class='ocrx_word' id='word_1_687' title='bbox 1271 1872 1338 1900; x_wconf 86' lang='lat' dir='ltr'>facta</span> <span class='ocrx_word' id='word_1_688' title='bbox 1347 1873 1444 1901; x_wconf 87' lang='lat' dir='ltr'>coeliet.</span> <span class='ocrx_word' id='word_1_689' title='bbox 1457 1878 1534 1901; x_wconf 85' lang='lat' dir='ltr'>terrae</span> <span class='ocrx_word' id='word_1_690' title='bbox 1541 1874 1652 1902; x_wconf 81' lang='lat' dir='ltr'>confusa</span> 
     </span>
     <span class='ocr_line' id='line_1_105' title="bbox 859 1916 1652 1954; baseline 0.004 -10"><span class='ocrx_word' id='word_1_691' title='bbox 859 1921 938 1952; x_wconf 86' lang='lat' dir='ltr'>atque</span> <span class='ocrx_word' id='word_1_692' title='bbox 949 1916 1081 1950; x_wconf 81' lang='lat' dir='ltr'>informis,</span> <span class='ocrx_word' id='word_1_693' title='bbox 1094 1925 1173 1951; x_wconf 87' lang='lat' dir='ltr'>quam</span> <span class='ocrx_word' id='word_1_694' title='bbox 1189 1916 1275 1944; x_wconf 83' lang='lat' dir='ltr'>Graeci</span> <span class='ocrx_word' id='word_1_695' title='bbox 1291 1917 1372 1945; x_wconf 86' lang='lat' dir='ltr'>cbaos</span> <span class='ocrx_word' id='word_1_696' title='bbox 1392 1919 1536 1953; x_wconf 84' lang='lat' dir='ltr'>appellant.</span> <span class='ocrx_word' id='word_1_697' title='bbox 1550 1919 1588 1946; x_wconf 87' lang='lat' dir='ltr'>De</span> <span class='ocrx_word' id='word_1_698' title='bbox 1600 1927 1652 1954; x_wconf 85' lang='lat' dir='ltr'>qua</span> 
     </span>
     <span class='ocr_line' id='line_1_106' title="bbox 859 1962 1653 1999; baseline 0.003 -10"><span class='ocrx_word' id='word_1_699' title='bbox 859 1963 1029 1997; x_wconf 90' lang='lat' dir='ltr'>postmodum</span> <span class='ocrx_word' id='word_1_700' title='bbox 1046 1962 1200 1997; x_wconf 83' lang='lat' dir='ltr'>singillatim</span> <span class='ocrx_word' id='word_1_701' title='bbox 1217 1970 1264 1996; x_wconf 92' lang='lat' dir='ltr'>per</span> <span class='ocrx_word' id='word_1_702' title='bbox 1277 1963 1381 1997; x_wconf 84' lang='lat' dir='ltr'>species</span> <span class='ocrx_word' id='word_1_703' title='bbox 1400 1963 1488 1991; x_wconf 85' lang='lat' dir='ltr'>varias</span> <span class='ocrx_word' id='word_1_704' title='bbox 1502 1965 1653 1999; x_wconf 75' lang='lat' dir='ltr'>formasque</span> 
     </span>
     <span class='ocr_line' id='line_1_107' title="bbox 858 2009 1651 2046; baseline 0.005 -11"><span class='ocrx_word' id='word_1_705' title='bbox 858 2009 980 2043; x_wconf 87' lang='lat' dir='ltr'>proprias</span> <span class='ocrx_word' id='word_1_706' title='bbox 986 2009 1154 2043; x_wconf 82' lang='lat' dir='ltr'>prodierunt.</span> <span class='ocrx_word' id='word_1_707' title='bbox 1162 2009 1200 2036; x_wconf 90' lang='lat' dir='ltr'>De</span> <span class='ocrx_word' id='word_1_708' title='bbox 1206 2017 1256 2043; x_wconf 89' lang='lat' dir='ltr'>qua</span> <span class='ocrx_word' id='word_1_709' title='bbox 1263 2010 1373 2036; x_wconf 83' lang='lat' dir='ltr'>materia</span> <span class='ocrx_word' id='word_1_710' title='bbox 1380 2009 1516 2045; x_wconf 88' lang='lat' dir='ltr'>Scriptura</span> <span class='ocrx_word' id='word_1_711' title='bbox 1524 2010 1651 2046; x_wconf 85' lang='lat' dir='ltr'>loquitur:</span> 
     </span>
     <span class='ocr_line' id='line_1_108' title="bbox 861 2052 1655 2089; baseline 0.005 -10"><span class='ocrx_word' id='word_1_712' title='bbox 861 2053 910 2086; x_wconf 81' lang='lat' dir='ltr'>Qui</span> <span class='ocrx_word' id='word_1_713' title='bbox 920 2052 1002 2089; x_wconf 73' lang='lat' dir='ltr'>fecisti</span> <span class='ocrx_word' id='word_1_714' title='bbox 1014 2054 1137 2080; x_wconf 81' lang='lat' dir='ltr'>mnndum</span> <span class='ocrx_word' id='word_1_715' title='bbox 1150 2054 1181 2080; x_wconf 80' lang='lat' dir='ltr'>cte</span> <span class='ocrx_word' id='word_1_716' title='bbox 1193 2054 1299 2080; x_wconf 77' lang='lat' dir='ltr'>materia</span> <span class='ocrx_word' id='word_1_717' title='bbox 1310 2054 1424 2088; x_wconf 70' lang='lat' dir='ltr'>informi.</span> <span class='ocrx_word' id='word_1_718' title='bbox 1436 2055 1501 2088; x_wconf 82' lang='lat' dir='ltr'>Quae</span> <span class='ocrx_word' id='word_1_719' title='bbox 1511 2055 1546 2082; x_wconf 91' lang='lat' dir='ltr'>ob</span> <span class='ocrx_word' id='word_1_720' title='bbox 1553 2055 1604 2082; x_wconf 85' lang='lat' dir='ltr'>hoc</span> <span class='ocrx_word' id='word_1_721' title='bbox 1616 2056 1655 2083; x_wconf 89' lang='lat' dir='ltr'>in-</span> 
     </span>
     <span class='ocr_line' id='line_1_109' title="bbox 858 2098 1651 2134; baseline 0.005 -9"><span class='ocrx_word' id='word_1_722' title='bbox 858 2098 962 2131; x_wconf 80' lang='lat' dir='ltr'>formis,</span> <span class='ocrx_word' id='word_1_723' title='bbox 970 2099 1030 2133; x_wconf 91' lang='lat' dir='ltr'>quia</span> <span class='ocrx_word' id='word_1_724' title='bbox 1039 2098 1126 2126; x_wconf 83' lang='lat' dir='ltr'>adhuc</span> <span class='ocrx_word' id='word_1_725' title='bbox 1135 2099 1246 2126; x_wconf 85' lang='lat' dir='ltr'>contusa</span> <span class='ocrx_word' id='word_1_726' title='bbox 1255 2103 1313 2126; x_wconf 92' lang='lat' dir='ltr'>erat.</span> <span class='ocrx_word' id='word_1_727' title='bbox 1327 2103 1406 2134; x_wconf 87' lang='lat' dir='ltr'>atque</span> <span class='ocrx_word' id='word_1_728' title='bbox 1419 2099 1543 2133; x_wconf 88' lang='lat' dir='ltr'>obscura,</span> <span class='ocrx_word' id='word_1_729' title='bbox 1553 2105 1580 2128; x_wconf 82' lang='lat' dir='ltr'>et</span> <span class='ocrx_word' id='word_1_730' title='bbox 1587 2107 1651 2130; x_wconf 90' lang='lat' dir='ltr'>nce-</span> 
     </span>
     <span class='ocr_line' id='line_1_110' title="bbox 858 2146 1648 2181; baseline 0 -7"><span class='ocrx_word' id='word_1_731' title='bbox 858 2147 920 2174; x_wconf 85' lang='lat' dir='ltr'>dunt</span> <span class='ocrx_word' id='word_1_732' title='bbox 935 2154 982 2181; x_wconf 91' lang='lat' dir='ltr'>per</span> <span class='ocrx_word' id='word_1_733' title='bbox 994 2146 1111 2174; x_wconf 83' lang='lat' dir='ltr'>visibiles</span> <span class='ocrx_word' id='word_1_734' title='bbox 1127 2146 1241 2181; x_wconf 82' lang='lat' dir='ltr'>species,</span> <span class='ocrx_word' id='word_1_735' title='bbox 1254 2146 1392 2181; x_wconf 82' lang='lat' dir='ltr'>variasque</span> <span class='ocrx_word' id='word_1_736' title='bbox 1409 2146 1506 2174; x_wconf 89' lang='lat' dir='ltr'>formas</span> <span class='ocrx_word' id='word_1_737' title='bbox 1523 2146 1648 2175; x_wconf 81' lang='lat' dir='ltr'>discreta.</span> 
     </span>
    </p>

    <p class='ocr_par' dir='ltr' id='par_1_28' title="bbox 858 2191 1652 2319">
     <span class='ocr_line' id='line_1_111' title="bbox 893 2191 1650 2221; baseline 0.004 -3"><span class='ocrx_word' id='word_1_738' title='bbox 893 2192 937 2219; x_wconf 83' lang='lat'>50.</span> <span class='ocrx_word' id='word_1_739' title='bbox 955 2192 1008 2220; x_wconf 90' lang='lat' dir='ltr'>Sed</span> <span class='ocrx_word' id='word_1_740' title='bbox 1029 2193 1139 2219; x_wconf 85' lang='lat' dir='ltr'>materia</span> <span class='ocrx_word' id='word_1_741' title='bbox 1154 2191 1222 2219; x_wconf 88' lang='lat' dir='ltr'>facta</span> <span class='ocrx_word' id='word_1_742' title='bbox 1237 2195 1279 2219; x_wconf 85' lang='lat' dir='ltr'>est</span> <span class='ocrx_word' id='word_1_743' title='bbox 1294 2191 1328 2218; x_wconf 89' lang='lat' dir='ltr'>de</span> <span class='ocrx_word' id='word_1_744' title='bbox 1344 2191 1438 2219; x_wconf 88' lang='lat' dir='ltr'>niltilo.</span> <span class='ocrx_word' id='word_1_745' title='bbox 1454 2192 1546 2219; x_wconf 79' lang='lat' dir='ltr'>Mundi</span> <span class='ocrx_word' id='word_1_746' title='bbox 1562 2198 1650 2221; x_wconf 86' lang='lat' dir='ltr'>autem</span> 
     </span>
     <span class='ocr_line' id='line_1_112' title="bbox 858 2237 1652 2273; baseline 0 -7"><span class='ocrx_word' id='word_1_747' title='bbox 858 2239 961 2273; x_wconf 88' lang='lat' dir='ltr'>species</span> <span class='ocrx_word' id='word_1_748' title='bbox 975 2238 1010 2266; x_wconf 89' lang='lat' dir='ltr'>de</span> <span class='ocrx_word' id='word_1_749' title='bbox 1030 2238 1138 2265; x_wconf 88' lang='lat' dir='ltr'>informi</span> <span class='ocrx_word' id='word_1_750' title='bbox 1156 2237 1279 2265; x_wconf 87' lang='lat' dir='ltr'>materia.</span> <span class='ocrx_word' id='word_1_751' title='bbox 1304 2237 1417 2265; x_wconf 81' lang='lat' dir='ltr'>Proinde</span> <span class='ocrx_word' id='word_1_752' title='bbox 1431 2238 1498 2265; x_wconf 90' lang='lat' dir='ltr'>duas</span> <span class='ocrx_word' id='word_1_753' title='bbox 1526 2246 1569 2266; x_wconf 88' lang='lat' dir='ltr'>res</span> <span class='ocrx_word' id='word_1_754' title='bbox 1589 2243 1652 2266; x_wconf 86' lang='lat' dir='ltr'>ante</span> 
     </span>
     <span class='ocr_line' id='line_1_113' title="bbox 859 2282 1650 2319; baseline -0.001 -7"><span class='ocrx_word' id='word_1_755' title='bbox 859 2292 965 2312; x_wconf 90' lang='lat' dir='ltr'>omnem</span> <span class='ocrx_word' id='word_1_756' title='bbox 977 2284 1047 2311; x_wconf 91' lang='lat' dir='ltr'>diem</span> <span class='ocrx_word' id='word_1_757' title='bbox 1063 2288 1090 2311; x_wconf 83' lang='lat' dir='ltr'>et</span> <span class='ocrx_word' id='word_1_758' title='bbox 1107 2288 1210 2318; x_wconf 89' lang='lat' dir='ltr'>tempus</span> <span class='ocrx_word' id='word_1_759' title='bbox 1225 2282 1345 2311; x_wconf 82' lang='lat' dir='ltr'>condidit</span> <span class='ocrx_word' id='word_1_760' title='bbox 1366 2283 1438 2311; x_wconf 82' lang='lat' dir='ltr'>Deus</span> <span class='ocrx_word' id='word_1_761' title='bbox 1456 2283 1626 2319; x_wconf 90' lang='lat' dir='ltr'>omnipotens</span> <span class='ocrx_word' id='word_1_762' title='bbox 1644 2294 1650 2312; x_wconf 90' lang='lat'>:</span> 
     </span>
    </p>
   </div>
   <div class='ocr_carea' id='block_1_12' title="bbox 55 2349 1649 2387">
    <p class='ocr_par' dir='ltr' id='par_1_29' title="bbox 55 2349 1649 2387">
     <span class='ocr_line' id='line_1_114' title="bbox 55 2349 1649 2387; baseline -0.003 -8"><span class='ocrx_word' id='word_1_763' title='bbox 55 2350 103 2379; x_wconf 75' lang='lat' dir='ltr'>tris</span> <span class='ocrx_word' id='word_1_764' title='bbox 113 2354 244 2383; x_wconf 79' lang='lat' dir='ltr'>naturam,</span> <span class='ocrx_word' id='word_1_765' title='bbox 260 2357 312 2378; x_wconf 93' lang='lat' dir='ltr'>non</span> <span class='ocrx_word' id='word_1_766' title='bbox 333 2349 453 2377; x_wconf 87' lang='lat' dir='ltr'>eamdem</span> <span class='ocrx_word' id='word_1_767' title='bbox 469 2356 621 2384; x_wconf 89' lang='lat' dir='ltr'>personam.</span> <span class='ocrx_word' id='word_1_768' title='bbox 637 2350 703 2378; x_wconf 91' lang='lat' dir='ltr'>Vide</span> <span class='ocrx_word' id='word_1_769' title='bbox 728 2356 805 2379; x_wconf 84' lang='lat' dir='ltr'>notas</span> <span class='ocrx_word' id='word_1_770' title='bbox 818 2354 846 2384; x_wconf 79' lang='grc' dir='ltr'><strong>υ</strong></span> <span class='ocrx_word' id='word_1_771' title='bbox 859 2353 935 2379; x_wconf 83' lang='lat' dir='ltr'>etiam</span> <span class='ocrx_word' id='word_1_772' title='bbox 949 2351 1062 2387; x_wconf 70' lang='lat' dir='ltr'>pter-ique</span> <span class='ocrx_word' id='word_1_773' title='bbox 1077 2351 1121 2386; x_wconf 77' lang='lat' dir='ltr'>qui</span> <span class='ocrx_word' id='word_1_774' title='bbox 1135 2355 1253 2377; x_wconf 76' lang='lat' dir='ltr'>astruunt</span> <span class='ocrx_word' id='word_1_775' title='bbox 1267 2358 1298 2377; x_wconf 74' lang='lat' dir='ltr'>ex</span> <span class='ocrx_word' id='word_1_776' title='bbox 1311 2349 1393 2376; x_wconf 72' lang='lat' dir='ltr'>tribus</span> <span class='ocrx_word' id='word_1_777' title='bbox 1409 2349 1557 2376; x_wconf 67' lang='lat' dir='ltr'>substantiis</span> <span class='ocrx_word' id='word_1_778' title='bbox 1571 2356 1649 2375; x_wconf 80' lang='lat' dir='ltr'>unam</span> 
     </span>
    </p>
   </div>
   <div class='ocr_carea' id='block_1_13' title="bbox 856 2384 1651 2488">
    <p class='ocr_par' dir='ltr' id='par_1_30' title="bbox 856 2384 1651 2488">
     <span class='ocr_line' id='line_1_115' title="bbox 858 2384 1651 2419; baseline -0.006 -5"><span class='ocrx_word' id='word_1_779' title='bbox 858 2387 1005 2414; x_wconf 70' lang='lat' dir='ltr'>mediatoris</span> <span class='ocrx_word' id='word_1_780' title='bbox 1017 2394 1151 2419; x_wconf 78' lang='lat' dir='ltr'>personam</span> <span class='ocrx_word' id='word_1_781' title='bbox 1176 2385 1264 2418; x_wconf 84' lang='lat' dir='ltr'>Verbi,</span> <span class='ocrx_word' id='word_1_782' title='bbox 1279 2385 1363 2411; x_wconf 76' lang='lat' dir='ltr'>carnis</span> <span class='ocrx_word' id='word_1_783' title='bbox 1387 2388 1410 2410; x_wconf 80' lang='lat' dir='ltr'>et</span> <span class='ocrx_word' id='word_1_784' title='bbox 1429 2385 1533 2415; x_wconf 75' lang='lat' dir='ltr'>artimoe,</span> <span class='ocrx_word' id='word_1_785' title='bbox 1545 2391 1603 2409; x_wconf 84' lang='lat' dir='ltr'>cum</span> <span class='ocrx_word' id='word_1_786' title='bbox 1623 2384 1651 2410; x_wconf 77' lang='lat' dir='ltr'>in</span> 
     </span>
     <span class='ocr_line' id='line_1_116' title="bbox 857 2418 1651 2456; baseline -0.005 -7"><span class='ocrx_word' id='word_1_787' title='bbox 857 2430 936 2450; x_wconf 71' lang='lat' dir='ltr'>causa</span> <span class='ocrx_word' id='word_1_788' title='bbox 946 2421 1008 2456; x_wconf 71' lang='lat' dir='ltr'>fidei</span> <span class='ocrx_word' id='word_1_789' title='bbox 1022 2429 1073 2448; x_wconf 84' lang='lat' dir='ltr'>mm</span> <span class='ocrx_word' id='word_1_790' title='bbox 1084 2421 1201 2447; x_wconf 81' lang='lat' dir='ltr'>videatur</span> <span class='ocrx_word' id='word_1_791' title='bbox 1219 2420 1390 2447; x_wconf 67' lang='lat' dir='ltr'>necessarium</span> <span class='ocrx_word' id='word_1_792' title='bbox 1399 2426 1426 2444; x_wconf 73' lang='lat' dir='ltr'>ao</span> <span class='ocrx_word' id='word_1_793' title='bbox 1446 2418 1538 2444; x_wconf 74' lang='lat' dir='ltr'>histica</span> <span class='ocrx_word' id='word_1_794' title='bbox 1561 2418 1651 2453; x_wconf 67' lang='lat' dir='ltr'>dispu-</span> 
     </span>
     <span class='ocr_line' id='line_1_117' title="bbox 856 2452 1651 2488; baseline -0.005 -4"><span class='ocrx_word' id='word_1_795' title='bbox 856 2458 950 2485; x_wconf 79' lang='lat' dir='ltr'>tatione</span> <span class='ocrx_word' id='word_1_796' title='bbox 971 2455 1134 2483; x_wconf 75' lang='lat' dir='ltr'>soecutarium</span> <span class='ocrx_word' id='word_1_797' title='bbox 1164 2455 1310 2482; x_wconf 78' lang='lat' dir='ltr'>litterarum</span> <span class='ocrx_word' id='word_1_798' title='bbox 1347 2453 1419 2479; x_wconf 77' lang='lat' dir='ltr'>colcu</span> <span class='ocrx_word' id='word_1_799' title='bbox 1447 2461 1458 2479; x_wconf 77' lang='lat' dir='ltr'>s</span> <span class='ocrx_word' id='word_1_800' title='bbox 1494 2452 1651 2488; x_wconf 65' lang='lat' dir='ltr'>syllogistica</span> 
     </span>
    </p>
   </div>
   <div class='ocr_carea' id='block_1_14' title="bbox 842 2486 1648 2528">
    <p class='ocr_par' dir='ltr' id='par_1_31' title="bbox 842 2486 1648 2528">
     <span class='ocr_line' id='line_1_118' title="bbox 842 2486 1648 2528; baseline -0.005 -9"><span class='ocrx_word' id='word_1_801' title='bbox 842 2499 975 2528; x_wconf 54' lang='lat' dir='ltr'>spargere</span> <span class='ocrx_word' id='word_1_802' title='bbox 989 2499 1077 2518; x_wconf 79' lang='lat' dir='ltr'>manu.</span> <span class='ocrx_word' id='word_1_803' title='bbox 1092 2490 1190 2517; x_wconf 88' lang='lat' dir='ltr'>Verum</span> <span class='ocrx_word' id='word_1_804' title='bbox 1199 2490 1254 2524; x_wconf 84' lang='lat' dir='ltr'>jam</span> <span class='ocrx_word' id='word_1_805' title='bbox 1264 2489 1328 2516; x_wconf 90' lang='lat' dir='ltr'>olim</span> <span class='ocrx_word' id='word_1_806' title='bbox 1343 2486 1451 2515; x_wconf 82' lang='lat' dir='ltr'>sanctus</span> <span class='ocrx_word' id='word_1_807' title='bbox 1461 2487 1583 2514; x_wconf 78' lang='lat' dir='ltr'>Julianus</span> <span class='ocrx_word' id='word_1_808' title='bbox 1594 2488 1648 2515; x_wconf 79' lang='lat' dir='ltr'>To-</span> 
     </span>
    </p>
   </div>
   <div class='ocr_carea' id='block_1_15' title="bbox 855 2522 1650 2880">
    <p class='ocr_par' dir='ltr' id='par_1_32' title="bbox 855 2522 1650 2701">
     <span class='ocr_line' id='line_1_119' title="bbox 855 2522 1650 2555; baseline -0.005 0"><span class='ocrx_word' id='word_1_809' title='bbox 855 2528 959 2555; x_wconf 87' lang='lat' dir='ltr'>letanus</span> <span class='ocrx_word' id='word_1_810' title='bbox 970 2532 1078 2554; x_wconf 77' lang='lat' dir='ltr'>causam</span> <span class='ocrx_word' id='word_1_811' title='bbox 1093 2533 1169 2552; x_wconf 82' lang='lat' dir='ltr'>suam</span> <span class='ocrx_word' id='word_1_812' title='bbox 1183 2525 1281 2552; x_wconf 80' lang='lat' dir='ltr'>acriter</span> <span class='ocrx_word' id='word_1_813' title='bbox 1293 2523 1459 2554; x_wconf 76' lang='lat' dir='ltr'>defenderat,</span> <span class='ocrx_word' id='word_1_814' title='bbox 1475 2529 1507 2549; x_wconf 89' lang='lat' dir='ltr'>ac</span> <span class='ocrx_word' id='word_1_815' title='bbox 1526 2522 1650 2551; x_wconf 78' lang='lat' dir='ltr'>Romano</span> 
     </span>
     <span class='ocr_line' id='line_1_120' title="bbox 855 2558 1648 2598; baseline -0.004 -9"><span class='ocrx_word' id='word_1_816' title='bbox 855 2564 935 2590; x_wconf 88' lang='lat' dir='ltr'>etiam</span> <span class='ocrx_word' id='word_1_817' title='bbox 950 2561 1072 2589; x_wconf 80' lang='lat' dir='ltr'>Pontifici</span> <span class='ocrx_word' id='word_1_818' title='bbox 1088 2561 1258 2595; x_wconf 82' lang='lat' dir='ltr'>probaverat,</span> <span class='ocrx_word' id='word_1_819' title='bbox 1272 2558 1394 2594; x_wconf 86' lang='lat' dir='ltr'>quamvis</span> <span class='ocrx_word' id='word_1_820' title='bbox 1416 2558 1536 2598; x_wconf 82' lang='lat' dir='ltr'>nonnulli</span> <span class='ocrx_word' id='word_1_821' title='bbox 1550 2562 1605 2585; x_wconf 80' lang='lat' dir='ltr'>tres</span> <span class='ocrx_word' id='word_1_822' title='bbox 1619 2558 1648 2586; x_wconf 84' lang='lat' dir='ltr'>in</span> 
     </span>
     <span class='ocr_line' id='line_1_121' title="bbox 856 2593 1648 2629; baseline -0.008 -4"><span class='ocrx_word' id='word_1_823' title='bbox 856 2597 964 2626; x_wconf 79' lang='lat' dir='ltr'>Christo</span> <span class='ocrx_word' id='word_1_824' title='bbox 979 2596 1142 2624; x_wconf 80' lang='lat' dir='ltr'>substantias</span> <span class='ocrx_word' id='word_1_825' title='bbox 1153 2595 1180 2623; x_wconf 91' lang='lat' dir='ltr'>in</span> <span class='ocrx_word' id='word_1_826' title='bbox 1193 2595 1267 2622; x_wconf 90' lang='lat' dir='ltr'>nullo</span> <span class='ocrx_word' id='word_1_827' title='bbox 1290 2602 1371 2621; x_wconf 84' lang='lat' dir='ltr'>seusu</span> <span class='ocrx_word' id='word_1_828' title='bbox 1386 2593 1489 2629; x_wconf 75' lang='lat' dir='ltr'>admitti</span> <span class='ocrx_word' id='word_1_829' title='bbox 1509 2599 1589 2627; x_wconf 88' lang='lat' dir='ltr'>posse</span> <span class='ocrx_word' id='word_1_830' title='bbox 1604 2600 1648 2620; x_wconf 82' lang='lat' dir='ltr'>as-</span> 
     </span>
     <span class='ocr_line' id='line_1_122' title="bbox 855 2627 1646 2664; baseline -0.01 -3"><span class='ocrx_word' id='word_1_831' title='bbox 855 2633 1013 2661; x_wconf 78' lang='lat' dir='ltr'>seruissent.</span> <span class='ocrx_word' id='word_1_832' title='bbox 1035 2631 1102 2658; x_wconf 88' lang='lat' dir='ltr'>Vide</span> <span class='ocrx_word' id='word_1_833' title='bbox 1114 2630 1276 2663; x_wconf 76' lang='lat' dir='ltr'>Florezium,</span> <span class='ocrx_word' id='word_1_834' title='bbox 1292 2629 1367 2662; x_wconf 85' lang='lat' dir='ltr'>llisp.</span> <span class='ocrx_word' id='word_1_835' title='bbox 1377 2635 1446 2655; x_wconf 88' lang='lat' dir='ltr'>sacr.</span> <span class='ocrx_word' id='word_1_836' title='bbox 1460 2633 1526 2655; x_wconf 93' lang='lat' dir='ltr'>tom.</span> <span class='ocrx_word' id='word_1_837' title='bbox 1539 2627 1572 2663; x_wconf 86' lang='lat' dir='ltr'>V,</span> <span class='ocrx_word' id='word_1_838' title='bbox 1585 2634 1646 2664; x_wconf 72' lang='lat' dir='ltr'>pag.</span> 
     </span>
     <span class='ocr_line' id='line_1_123' title="bbox 856 2665 1436 2701; baseline -0.01 -6"><span class='ocrx_word' id='word_1_839' title='bbox 856 2667 920 2701; x_wconf 76' lang='lat'>297,</span> <span class='ocrx_word' id='word_1_840' title='bbox 931 2672 958 2695; x_wconf 89' lang='lat' dir='ltr'>et</span> <span class='ocrx_word' id='word_1_841' title='bbox 973 2671 1039 2694; x_wconf 89' lang='lat' dir='ltr'>tom.</span> <span class='ocrx_word' id='word_1_842' title='bbox 1050 2665 1072 2693; x_wconf 94' lang='lat' dir='ltr'>ll</span> <span class='ocrx_word' id='word_1_843' title='bbox 1087 2665 1196 2694; x_wconf 69' lang='lat' dir='ltr'>Petrum</span> <span class='ocrx_word' id='word_1_844' title='bbox 1212 2665 1335 2696; x_wconf 83' lang='lat' dir='ltr'>Toletan.</span> <span class='ocrx_word' id='word_1_845' title='bbox 1349 2665 1436 2691; x_wconf 76' lang='lat' dir='ltr'>Anev.</span> 
     </span>
    </p>

    <p class='ocr_par' dir='ltr' id='par_1_33' title="bbox 857 2698 1646 2775">
     <span class='ocr_line' id='line_1_124' title="bbox 889 2698 1646 2737; baseline -0.003 -7"><span class='ocrx_word' id='word_1_846' title='bbox 889 2703 937 2730; x_wconf 80' lang='lat'>27.</span> <span class='ocrx_word' id='word_1_847' title='bbox 949 2701 1191 2737; x_wconf 15' lang='lat' dir='ltr'>Quoassortqtnattoer</span> <span class='ocrx_word' id='word_1_848' title='bbox 1200 2700 1340 2728; x_wconf 72' lang='lat' dir='ltr'>secundum</span> <span class='ocrx_word' id='word_1_849' title='bbox 1347 2698 1461 2725; x_wconf 76' lang='lat' dir='ltr'>matertoe</span> <span class='ocrx_word' id='word_1_850' title='bbox 1469 2698 1646 2728; x_wconf 69' lang='lat' dir='ltr'>substantiam.</span> 
     </span>
     <span class='ocr_line' id='line_1_125' title="bbox 857 2733 1565 2771; baseline -0.008 -5"><span class='ocrx_word' id='word_1_851' title='bbox 857 2738 1052 2766; x_wconf 84' lang='lat' dir='ltr'>Processerunt</span> <span class='ocrx_word' id='word_1_852' title='bbox 1064 2743 1098 2764; x_wconf 82' lang='lat' dir='ltr'>ex</span> <span class='ocrx_word' id='word_1_853' title='bbox 1113 2735 1242 2771; x_wconf 72' lang='lat' dir='ltr'>Gregor..</span> <span class='ocrx_word' id='word_1_854' title='bbox 1255 2742 1328 2762; x_wconf 81' lang='lat' dir='ltr'>xxm</span> <span class='ocrx_word' id='word_1_855' title='bbox 1341 2733 1448 2766; x_wconf 62' lang='lat' dir='ltr'>Horat„</span> <span class='ocrx_word' id='word_1_856' title='bbox 1463 2741 1524 2767; x_wconf 87' lang='lat' dir='ltr'>cap.</span> <span class='ocrx_word' id='word_1_857' title='bbox 1538 2734 1565 2760; x_wconf 90' lang='grc'>9.</span> 
     </span>
    </p>

    <p class='ocr_par' dir='ltr' id='par_1_34' title="bbox 857 2768 1649 2880">
     <span class='ocr_line' id='line_1_126' title="bbox 893 2768 1649 2810; baseline -0.005 -10"><span class='ocrx_word' id='word_1_858' title='bbox 893 2773 962 2800; x_wconf 74' lang='lat' dir='ltr'>thid.</span> <span class='ocrx_word' id='word_1_859' title='bbox 971 2772 1056 2800; x_wconf 74' lang='lat' dir='ltr'>Simul</span> <span class='ocrx_word' id='word_1_860' title='bbox 1065 2776 1158 2798; x_wconf 74' lang='lat' dir='ltr'>cuncta</span> <span class='ocrx_word' id='word_1_861' title='bbox 1172 2775 1257 2798; x_wconf 76' lang='lat' dir='ltr'>creata</span> <span class='ocrx_word' id='word_1_862' title='bbox 1269 2773 1337 2797; x_wconf 72' lang='lat' dir='ltr'>sunt.</span> <span class='ocrx_word' id='word_1_863' title='bbox 1351 2768 1380 2796; x_wconf 88' lang='lat' dir='ltr'>ld</span> <span class='ocrx_word' id='word_1_864' title='bbox 1393 2768 1649 2810; x_wconf 69' lang='lat' dir='ltr'>quopaetointellissi</span> 
     </span>
     <span class='ocr_line' id='line_1_127' title="bbox 857 2803 1649 2842; baseline -0.005 -6"><span class='ocrx_word' id='word_1_865' title='bbox 857 2809 964 2842; x_wconf 80' lang='lat' dir='ltr'>debeat,</span> <span class='ocrx_word' id='word_1_866' title='bbox 980 2807 1127 2842; x_wconf 81' lang='lat' dir='ltr'>expticatur</span> <span class='ocrx_word' id='word_1_867' title='bbox 1140 2813 1156 2834; x_wconf 81' lang='lat' dir='ltr'>a</span> <span class='ocrx_word' id='word_1_868' title='bbox 1169 2805 1263 2835; x_wconf 66' lang='lat' dir='ltr'>Lotis:</span> <span class='ocrx_word' id='word_1_869' title='bbox 1276 2805 1304 2833; x_wconf 93' lang='lat' dir='ltr'>iu</span> <span class='ocrx_word' id='word_1_870' title='bbox 1317 2809 1376 2833; x_wconf 84' lang='lat' dir='ltr'>not.</span> <span class='ocrx_word' id='word_1_871' title='bbox 1390 2803 1424 2833; x_wconf 79' lang='lat' dir='ltr'>ad</span> <span class='ocrx_word' id='word_1_872' title='bbox 1437 2803 1484 2832; x_wconf 83' lang='lat' dir='ltr'>lib.</span> <span class='ocrx_word' id='word_1_873' title='bbox 1494 2811 1503 2832; x_wconf 84' lang='lat' dir='ltr'>t</span> <span class='ocrx_word' id='word_1_874' title='bbox 1512 2803 1649 2839; x_wconf 77' lang='lat' dir='ltr'>sentent..</span> 
     </span>
     <span class='ocr_line' id='line_1_128' title="bbox 857 2845 1080 2880; baseline -0.013 -7"><span class='ocrx_word' id='word_1_875' title='bbox 857 2851 918 2880; x_wconf 74' lang='lat' dir='ltr'>cop.</span> <span class='ocrx_word' id='word_1_876' title='bbox 934 2845 979 2873; x_wconf 76' lang='lat' dir='ltr'>il.</span> <span class='ocrx_word' id='word_1_877' title='bbox 994 2846 1080 2871; x_wconf 72' lang='lat' dir='ltr'>Anu.</span> 
     </span>
    </p>
   </div>
   <div class='ocr_carea' id='block_1_16' title="bbox 1408 2918 1428 2949">
    <p class='ocr_par' dir='ltr' id='par_1_35' title="bbox 1408 2918 1428 2949">
     <span class='ocr_line' id='line_1_129' title="bbox 1408 2918 1428 2949; baseline 0 0"><span class='ocrx_word' id='word_1_878' title='bbox 1408 2918 1428 2949; x_wconf 81' lang='lat'><strong><em>3</em></strong></span> 
     </span>
    </p>
   </div>
  </div>
 </body>
</html>
