1832 3016
34 127 98 157 ΜΞ·
457 121 683 160 Qua-:srtoues
704 122 737 150 tu
758 121 836 150 vm.
857 120 1004 149 1551111.
1021 137 1056 143 -
1074 121 1108 150 tu
1127 121 1285 150 caussis.
1628 124 1682 153 27⁴

34 187 73 214 *θ’
89 185 162 212 ‘⁰⁶55‘
176 185 234 212 'ffl-
261 183 315 211 sed
341 181 448 214 mune?-
477 180 573 215 jMl'ffl·
597 180 624 207 in
653 186 715 208 eum
744 178 835 206 oeulos
852 178 876 208 A
892 179 924 206 Et
940 179 1067 207 Dominus
1079 183 1178 214 noster,
1195 184 1335 215 postquam
1351 184 1392 207 est
1407 180 1549 208 distractus
1564 188 1579 208 a
1601 181 1680 214 Juda,

36 231 148 267 'injesslh
164 235 192 258 ¹¹²
207 230 363 258 adulterium
378 235 438 255 eum
454 227 498 254 3¹¹³
512 229 691 260 perpetraret.
890 231 920 252 ut
933 226 1032 261 ioseph
1047 235 1061 253 a
1078 226 1204 254 fratribus
1218 231 1245 254 et
1259 227 1292 254 de
1308 227 1453 255 inferorum
1467 235 1576 256 carcere
1587 235 1680 256 surre-

85 279 127 305 tt.
151 277 202 305 ista
219 276 312 304 mulier
327 274 410 309 figura
424 278 480 300 erat
493 272 642 308 Synagogae
654 292 661 304 ,
677 278 737 307 quae
753 278 836 305 saepe,

49 326 118 353 sicut
128 324 253 358 scriptum
266 326 316 354 est,
333 319 465 347 moechata
481 323 522 346 est
546 323 606 354 post
632 318 698 345 deos
723 317 836 347 alienos,

49 369 172 398 similiter
200 367 303 395 volebat
313 370 340 393 et
354 357 489 392 etii-istum
503 364 529 391 in
545 363 670 391 adulterii
683 362 723 389 sui
738 362 840 389 scelere

50 415 175 442 retinere.
186 418 214 441 ut
228 415 335 447 negaret
349 418 379 438 se
393 418 454 439 esse
471 411 565 443 Deum,
588 413 615 436 et
641 408 838 436 Pharisaeorum

50 462 135 496 magis
147 464 174 489 et
186 459 333 487 scribarum
350 465 428 492 quam
454 457 521 492 legis
550 460 684 491 praecepta
707 459 840 488 servaret,

50 516 110 544 quae
128 506 164 534 iili
191 505 264 533 velut
288 504 401 531 maritus
424 508 493 530 erat.
520 503 645 530 Christus
669 506 757 528 autern
788 507 840 527 non

51 554 222 588 acquiescens
246 551 346 578 illicitae
372 549 510 582 doctrinae,
540 549 566 575 id
592 552 632 576 est
646 568 654 581 ,
684 547 842 574 adulterinae

50 601 196 636 Syuagogae
208 619 215 630 ,
227 604 306 625 manu
322 599 396 624 veste
410 596 532 630 corporis
549 595 743 630 apprehensus,
759 599 842 620 carne

50 653 79 674 se
90 645 173 678 exuit.
185 648 213 672 et
225 644 292 671 iiber
307 643 399 671 mortis
412 643 438 670 in
454 643 550 669 coetum
565 642 697 669 ascendit.

87 691 130 718 t2.
142 690 308 718 Catumniata
323 693 365 715 est
380 688 518 719 meretrix.
532 687 576 714 ubi
591 694 651 714 eum
678 693 730 712 non
757 685 842 718 potuit

52 742 152 768 tenere,
170 736 260 763 dicens
276 734 344 769 quod
358 734 485 768 templum
509 733 612 760 Domini
629 732 839 765 blasphemaret,

52 788 78 811 et
91 783 156 817 legis
172 782 308 808 diceretur
323 785 516 814 transgressor.
530 778 582 805 Sed
596 778 669 804 illum
686 784 739 803 non
752 783 844 802 carcer

52 830 155 861 terruit,
172 836 223 855 non
235 826 339 854 inferna
351 830 504 858 tenuerunt,
517 832 576 852 curn
593 828 685 855 ctiam,
703 823 747 849 uhi
772 822 845 849 velut

52 875 201 912 puniendus
213 873 401 905 descenderat,
418 872 479 899 inde
488 871 554 898 alios
567 869 699 897 liberavit,

90 922 131 949 15.
141 921 261 955 Denique
273 917 480 952 invenitJoseph
493 917 560 944 duos
571 915 708 943 eunuchos
719 914 752 941 de
764 914 843 940 domo

52 968 121 1002 regis
135 967 162 994 in
177 973 285 993 carcere
309 965 424 997 vinctos,
450 963 561 990 duorum
591 961 750 997 populorum
780 967 840 986 cre-

51 1013 181 1044 dentium,
194 1011 236 1038 vel
251 1009 447 1037 incredulorum
471 1009 582 1042 liguram
598 1010 736 1041 gestantes
761 1013 767 1031 ε
798 1003 843 1037 qui

51 1058 170 1086 conclusi
185 1057 234 1085 sub
250 1061 362 1091 peccato
383 1054 448 1082 Adae
460 1075 467 1086 ‚
489 1051 705 1086 transgressione
732 1049 843 1077 obnoxii

54 1106 221 1133 tenebantur.
237 1103 287 1136 Qui
304 1103 363 1129 idco
375 1101 499 1128 dicuntur
514 1098 648 1130 eunuchi,
667 1097 729 1131 quia
744 1101 845 1123 castam

51 1155 212 1186 acceperant
238 1149 356 1184 regulam
390 1146 551 1175 disciplinae.
584 1143 696 1178 Eloquia
708 1163 715 1174 ‚
737 1143 824 1182 inquit
837 1160 845 1173 ,

54 1199 157 1226 Domini
168 1202 248 1225 casta.

90 1246 133 1272 tt.
152 1244 270 1277 Denique
287 1244 345 1275 post
359 1239 455 1267 trinam
469 1238 553 1265 iucem
570 1235 684 1263 Domino
697 1234 730 1260 ab
756 1232 847 1260 inseris

52 1295 219 1326 resurgente,
235 1292 262 1315 et
278 1287 344 1322 legis
359 1286 470 1313 obscura
480 1306 487 1317 ‚
502 1287 531 1310 ut
543 1282 653 1316 loseph,
678 1279 782 1307 somnia
804 1286 848 1306 rc-

53 1339 168 1369 relante‚
185 1335 288 1363 solutus
302 1336 344 1359 est
359 1339 374 1358 a
388 1330 506 1365 peccatis
525 1326 693 1355 credentium
720 1324 847 1359 populus,

52 1390 80 1412 et
89 1381 187 1410 ini'erni
197 1385 303 1408 carcere
316 1377 443 1404 liberatus
455 1373 577 1401 redditur
589 1370 739 1398 ministerio
751 1368 847 1395 divinae

52 1430 128 1466 legis.
146 1425 299 1456 increduius
321 1427 421 1454 autem,
435 1424 461 1448 et
481 1419 579 1453 impius
600 1416 714 1452 populus
738 1414 847 1442 ,11111310-

52 1484 123 1508 rum,
138 1474 199 1510 quia
212 1473 238 1500 in
253 1467 438 1498 conversionis
454 1466 527 1501 ligno
539 1472 591 1492 non
607 1462 731 1494 credidit,
757 1465 846 1488 trans-

52 1521 199 1558 gressionis
215 1520 286 1553 ligno
302 1514 485 1550 suspenditur,
510 1516 539 1538 ut
559 1511 597 1545 ilii
620 1509 696 1536 alteri
722 1506 847 1535 eunucho

53 1569 173 1604 contigit,
191 1565 234 1601 qui
245 1563 397 1593 ludaeorum
411 1559 554 1594 imaginem
570 1556 707 1584 iudicavit.

90 1614 131 1642 15.
149 1614 280 1641 Praeterea
304 1613 394 1636 narrat
419 1606 524 1633 Pharao
552 1602 698 1633 somnium,
716 1600 847 1633 interpre-

56 1666 125 1690 tatur
140 1658 249 1694 ioseph.
266 1656 347 1692 342
363 1653 415 1682 Sed
432 1651 495 1686 quid
511 1650 665 1685 significant
680 1651 782 1682 septeni
800 1652 847 1672 an-

54 1709 91 1743 ui,
107 1707 193 1742 quiin
207 1709 309 1738 septem
333 1701 413 1736 spicis
436 1698 534 1733 plenis,
547 1703 594 1723 seu
618 1694 662 1729 qui
690 1694 716 1720 in
742 1696 845 1726 septem

55 1754 142 1782 vaccis
155 1751 295 1788 pinguibus
308 1745 528 1775 ostendebantur,
550 1741 601 1768 nisi
624 1744 726 1773 septem
741 1738 845 1764 citaris-

55 1806 155 1831 matum
170 1796 347 1833 spiritualium
373 1793 453 1823 dona,
470 1789 566 1824 quibus
578 1787 684 1813 ubertas
701 1784 762 1810 iidei
774 1783 847 1816 larga

57 1849 156 1884 pietate
171 1841 320 1873 redundat?
337 1841 370 1866 Αι
386 1841 480 1865 contra
503 1839 604 1868 septem
628 1830 733 1858 steriles
758 1834 785 1855 et
809 1829 848 1854 ie-

55 1894 112 1931 juni
127 1892 222 1919 tarnem
230 1886 351 1915 veritatis
361 1887 388 1911 et
397 1881 507 1917 iustitiae
518 1878 670 1907 novissimis
682 1874 848 1909 temporibus

57 1936 255 1975 significabant.

93 1978 326 2016 16.Cougregavit
339 1980 427 2004 autem
443 1973 541 2007 loseph
563 1978 610 2006 per
634 1972 736 2003 septem
765 1972 850 1993 annos

58 2038 163 2061 omnent
176 2030 280 2063 irugum
294 2022 494 2053 abundantiam,
510 2019 537 2046 id
553 2022 605 2050 est,
625 2017 759 2044 frumenta
787 2013 850 2040 iidei

57 2082 209 2108 sanctorum
224 2072 328 2101 horreis
347 2069 475 2100 condens,
493 2074 539 2102 per
556 2065 600 2092 illa
626 2062 728 2090 scilicet
752 2060 851 2087 charis-

59 2130 131 2154 mata
146 2126 260 2157 septem,
276 2118 354 2153 quasi
375 2123 423 2151 per
439 2118 541 2148 septem
553 2117 651 2142 annos,
673 2114 702 2135 ut
719 2115 779 2135 cum
792 2113 852 2140 sep-

61 2177 112 2200 tem
128 2170 190 2198 anni
204 2166 300 2201 inopiae
312 2162 454 2199 coeperint,
472 2160 496 2187 id
511 2163 563 2191 est,
582 2164 642 2184 cum
654 2155 780 2189 iniquitas
806 2159 852 2179 oc·

60 2217 172 2248 currerit
182 2219 285 2249 septem
298 2210 449 2245 capitalium
459 2206 600 2235 criminum
612 2203 662 2231 sub
675 2200 850 2232 Antichristo,

59 2264 164 2301 quando
193 2262 277 2289 sames
301 2256 355 2285 tide
383 2254 464 2282 suerit
489 2249 648 2282 salvatoris,
679 2253 740 2274 tunc
767 2245 852 2273 sancti
868 2255 893 2286 D

59 2312 158 2347 pariter
170 2312 198 2337 et
208 2307 298 2341 iideles
314 2304 432 2331 habeant
444 2298 581 2331 copiosam
601 2294 712 2329 justitian
735 2293 850 2328 frugem,

60 2365 94 2386 ne
107 2357 173 2384 iiiios
183 2361 276 2383 eorum
294 2350 383 2385 inopia
395 2347 527 2376 sermonis
544 2347 681 2372 attenuata
697 2340 815 2367 deiiciat.

96 2403 141 2430 1¹1.
157 2401 221 2429 lnde
233 2397 345 2433 loseph,
358 2395 403 2431 qui
417 2401 508 2429 typum
524 2390 624 2419 Christi
639 2387 773 2419 induerat,
789 2392 851 2412 cur-

62 2455 121 2478 rum
131 2446 239 2478 meruit..
253 2448 281 2472 et
294 2449 382 2478 praeco
401 2439 528 2468 clamavit
544 2440 607 2464 ante
620 2443 692 2467 eum,
709 2438 736 2461 et
752 2431 852 2460 consti-

63 2484 114 2523 tuit
125 2493 199 2521 illum
212 2490 313 2519 Pharao
334 2495 416 2522 supet·
431 2487 585 2514 universam
610 2486 709 2510 terram
730 2480 851 2516 AEgypti.

98 2551 144 2580 ¹20.
169 2547 238 2577 cod.
249 2547 428 2583 Regionum,
443 2545 476 2572 ad
487 2551 572 2579 marg.
586 2551 593 2569 ι
610 2541 697 2568 Aimm
708 2547 851 2574 proeconem

64 2587 153 2616 Etiam
175 2584 219 2618 qui
241 2584 297 2619 eju·
311 2584 425 2617 summ
447 2578 628 2615 praenuntiabit
642 2577 789 2605 aduentum,
801 2575 854 2601 siue

66 2623 163 2652 tubam.
185 2621 273 2652 Quoto
294 2617 380 2645 atatis
403 2623 460 2644 sue
485 2621 555 2641 anuo
574 2612 697 2640 Christus
725 2610 853 2637 Dominus

80 2654 85 2656 ’
114 2654 260 2684 suatum-tt.
275 2659 329 2680 non
340 2651 511 2686 consentiunt
525 2649 596 2676 inter
618 2655 648 2675 se
675 2645 805 2676 historici.
826 2649 854 2672 et

64 2691 177 2726 chronol
214 2690 233 2717 i.
243 2687 337 2715 varias
359 2690 499 2713 auctorum
509 2683 656 2711 sententias
666 2681 765 2708 indicat
778 2680 847 2707 Zac-

64 2728 65 2731 ’
152 2726 180 2754 iu
225 2723 328 2752 ibttotit.
352 2720 451 2749 select.
474 2718 574 2746 ittam.
597 2717 708 2749 eccles..
731 2722 791 2750 cap.
820 2714 848 2748 Ξ,

126 2762 163 2796 .t.
177 2767 254 2790 uum.
268 2758 297 2790 5.
314 2755 358 2785 ubi
370 2762 418 2791 pro
433 2761 503 2782 annu
512 2750 648 2782 tricesimo
663 2751 750 2784 primo
763 2750 850 2778 aetatis

64 2812 67 2822 ν
99 2795 102 2798 ’
127 2795 131 2800 ’
166 2800 194 2826 to
207 2796 329 2824 recenset
341 2786 720 2821 'reruittt-num,cta«nantem
734 2784 850 2812 Alenu-

166 2850 188 2867 ,,
201 2828 339 2859 etlulium
353 2825 529 2857 Attianum,
540 2821 638 2859 quitata
655 2820 694 2849 nit
717 2819 854 2858 astipulari

134 2872 137 2873 ⁷
233 2866 262 2894 tn
276 2863 390 2900 hymno.
398 2860 544 2890 Laurum
553 2856 598 2894 qui
606 2854 661 2884 im
669 2853 855 2892 maginae..

860 1559 883 1592 C

890 272 935 304 xit,
950 273 1189 300 ascenditcnrrum
1205 273 1279 307 regni
1293 273 1421 306 coeiestis,
1444 273 1478 300 de
1505 279 1557 307 quo
1581 273 1682 302 dictum

890 322 931 345 est
945 328 951 345 t
967 318 1064 345 Currus
1078 319 1126 346 Dei
1139 319 1225 345 decem
1237 318 1360 346 millibus.

927 365 969 392 18.
989 365 1022 392 Et
1042 365 1143 399 accepit
1159 369 1319 400 potestatem
1340 372 1356 391 a
1375 365 1454 392 Patre
1475 365 1634 399 praedicandi
1658 370 1687 394 et

889 413 1026 448 judicandi
1044 422 1050 439 τ
1065 413 1134 440 sicut
1147 413 1244 440 Paulus
1266 412 1404 447 apostolus
1425 412 1463 439 ait
1487 421 1493 438 :
1516 412 1551 439 Et
1573 414 1646 441 dedit
1663 416 1688 442 ει·

892 467 983 486 nomen
998 458 1065 492 quoti
1076 462 1112 485 est
1126 467 1203 492 super
1216 466 1289 485 omne
1303 466 1404 489 nomen,
1420 461 1448 484 ut
1460 457 1488 484 in
1503 459 1605 485 nomine
1617 459 1683 487 Iesu

892 513 965 531 omne
979 512 1045 540 yeme
1056 505 1175 539 flectatur
1198 503 1349 536 coelestium,
1362 503 1522 530 terrestrium
1534 507 1558 530 et
1573 504 1688 539 inferno-

893 559 959 578 rum.
974 551 1083 585 Accepit
1094 558 1199 585 quoquc
1213 554 1239 577 et
1254 550 1392 582 annulum,
1408 550 1591 584 pontificatum
1614 550 1687 578 scili-

893 602 936 625 cet
948 596 1020 629 fidet,
1035 603 1088 631 quo
1100 596 1266 623 credentium
1279 596 1376 623 animm
1387 595 1482 622 salutis
1492 596 1568 630 signo
1580 596 1688 630 signan-

895 649 948 676 tur,
966 644 1152 678 irontibusque
1177 648 1203 671 et
1226 644 1352 671 cordibus
1382 643 1482 669 nostris
1509 650 1557 677 per
1584 643 1688 678 siguum
1714 628 1718 631 Α

893 692 982 719 crucis
997 691 1079 726 figura
1095 691 1189 718 aeterni
1202 691 1274 726 regis
1289 690 1460 725 exprimitur.

932 739 975 766 19.
989 739 1159 773 induiturque
1175 739 1240 765 stola
1257 737 1377 773 byssina,
1394 737 1419 764 iat
1432 741 1483 770 est,
1499 743 1608 763 carnem
1625 743 1687 763 san-

895 790 964 813 ctam
982 786 1064 821 bysso
1075 785 1298 819 splendidiorem,
1314 788 1341 811 et
1366 784 1435 810 stola
1461 783 1687 816 immortalitatis;

897 833 998 866 accepit
1018 840 1125 866 quoque
1139 836 1260 866 torquem
1287 837 1406 862 auream,
1424 830 1448 856 id
1471 834 1511 856 cst
1534 830 1633 856 bonum
1651 830 1690 856 in—

895 880 1042 907 tellectum.
1059 879 1152 906 Proeco
1167 882 1230 905 ante
1240 886 1300 905 eum
1313 877 1450 912 praecedit,
1466 876 1491 902 id
1505 880 1556 908 est,
1572 876 1690 903 Joauucs

897 927 1024 960 Baptista,
1050 926 1094 960 qui
1127 926 1178 952 iter
1198 924 1256 959 ejus
1275 923 1429 957 praecedens
1455 922 1625 957 praeconabat
1645 922 1686 948 di-

895 980 960 1001 cens
975 983 981 999 :
1000 972 1093 998 Parate
1109 972 1176 997 viam
1192 970 1306 996 Domini.

932 1019 977 1045 ΞΟ.
991 1017 1103 1045 Habebit
1123 1021 1150 1044 et
1163 1017 1244 1043 atium
1273 1023 1422 1051 praeconem
1449 1016 1545 1047 Eiiam,
1571 1015 1616 1050 qui
1637 1014 1694 1049 ejus

898 1064 1016 1092 futurum
1031 1062 1224 1098 praenuntiahit
1236 1062 1390 1094 adventum,
1407 1062 1464 1088 sive
1487 1061 1578 1088 tubam
1593 1061 1691 1095 angeli,

898 1111 959 1145 quia
972 1110 1029 1144 ipse
1039 1109 1106 1136 dixit
1123 1118 1128 1134 :
1150 1108 1237 1134 Veniet
1250 1108 1276 1133 in
1289 1107 1348 1133 tuba
1361 1106 1458 1141 anqeii,
1469 1106 1586 1133 Vocatur
1597 1107 1694 1140 quippe

898 1157 997 1192 loseph
1025 1156 1112 1190 lingua
1154 1153 1312 1189 AEgyptiaca
1339 1152 1460 1179 Salvator
1483 1151 1584 1178 mundi.
1612 1150 1692 1185 343

899 1204 967 1237 Quid
983 1201 1148 1229 manifestius
1161 1200 1194 1226 de
1209 1198 1328 1231 Christo,
1343 1197 1450 1232 quando
1464 1198 1515 1224 sub
1538 1197 1621 1230 iigura
1647 1196 1694 1222 Jo-

900 1249 965 1283 seph
982 1248 1104 1275 Salvator
1120 1245 1286 1277 ostenditur,
1312 1251 1366 1270 non
1390 1247 1492 1270 tantum
1513 1242 1590 1268 unius
1617 1244 1694 1267 terrae

901 1295 1019 1330 AEgypd,
1034 1294 1080 1321 sed
1097 1293 1177 1320 ctiam
1191 1291 1272 1318 totius
1295 1289 1408 1316 mundi?
1423 1287 1542 1321 Triginta
1563 1293 1692 1314 annorum

900 1346 958 1369 erat
973 1340 1083 1374 loseph,
1099 1337 1207 1373 quando
1221 1337 1248 1363 in
1273 1338 1419 1369 conspectu
1446 1334 1517 1368 regis
1545 1332 1693 1359 Pharaonis

901 1389 984 1415 stetit.
1014 1386 1190 1419 Totidemque
1214 1383 1291 1409 annis
1317 1381 1415 1415 legitur
1440 1380 1522 1407 i'uisse
1548 1379 1671 1406 Christus
1687 1398 1695 1406 .

900 1433 1007 1469 quando
1022 1433 1072 1460 sub
1097 1436 1159 1466 typo
1179 1429 1328 1458 Pharaonis
1351 1429 1378 1455 in
1406 1430 1553 1461 conspectu
1581 1425 1694 1453 Herodis

901 1480 1023 1515 apparuit
1034 1478 1178 1506 revelatus.

935 1529 980 1556 2t.
999 1528 1106 1562 Accepit
1119 1533 1184 1561 ergo
1196 1532 1230 1552 ex
1251 1523 1375 1559 gentihus
1399 1529 1522 1554 uxorem,
1540 1521 1565 1548 id
1579 1524 1629 1552 est,
1646 1519 1694 1547 Ec·

899 1576 1017 1606 clesiam,
1039 1582 1072 1600 ex
1088 1580 1138 1607 qua
1158 1572 1248 1607 genuit
1267 1571 1335 1597 duos
1354 1570 1435 1601 iiiios,
1452 1569 1477 1595 id
1496 1572 1547 1601 est,
1564 1567 1632 1594 duos
1650 1575 1697 1601 po-

901 1623 977 1657 pulos
992 1629 1024 1648 cx
1040 1619 1137 1647 iudaeis
1165 1623 1190 1644 et
1203 1617 1327 1651 gentibus
1341 1620 1527 1650 congregatos.
1544 1614 1626 1649 igitur
1639 1618 1698 1646 post

900 1666 1029 1694 ubertatis
1040 1672 1135 1697 annos,
1146 1664 1171 1690 in
1184 1661 1380 1689 universoorbe
1390 1661 1472 1686 iames
1484 1659 1632 1692 praevaluit.
1643 1659 1698 1685 Me·

899 1715 961 1747 rito,
979 1713 1039 1748 quia
1059 1719 1111 1739 non
1124 1714 1181 1737 erat
1206 1710 1251 1744 qui
1273 1709 1372 1735 iaceret
1392 1707 1549 1734 bonitatem.
1562 1705 1626 1733 Post
1642 1706 1698 1732 haec

890 1761 997 1795 'Joseph
1010 1767 1024 1786 a
1036 1758 1146 1793 penuria
1158 1755 1283 1783 irutnenti
1297 1754 1383 1781 salvat
1396 1753 1540 1788 AEgyptum
1551 1772 1559 1785 ,
1575 1756 1603 1780 et
1619 1751 1699 1778 Chri-

900 1813 957 1835 stus
971 1816 984 1834 a
1001 1807 1071 1833 iame
1092 1804 1167 1832 verbi
1181 1803 1227 1830 Dei
1241 1802 1336 1829 liberat
1353 1800 1494 1827 mundum:
1508 1798 1613 1833 aperuit
1626 1797 1698 1824 enirn

901 1855 996 1881 horrca
1013 1859 1059 1879 sua
1069 1851 1190 1878 Christus
1203 1849 1230 1875 in
1242 1847 1315 1874 omni
1330 1846 1394 1873 orbe
1408 1851 1552 1877 terrarum,
1563 1847 1590 1871 et
1603 1850 1698 1878 eroget-

901 1901 973 1928 tione
990 1897 1114 1926 frumenti
1127 1896 1166 1923 sui
1182 1894 1272 1931 omnia
1287 1892 1448 1926 subjugavit.

936 1947 981 1974 29..
998 1945 1054 1972 Nisi
1065 1944 1135 1972 enim
1147 1940 1249 1975 Joscph
1257 1939 1353 1966 iratres
1360 1937 1554 1968 vendidissent,
1565 1935 1700 1962 deiecerat

903 1997 1045 2030 AEgyptns.
1059 1992 1116 2019 Nisi
1124 1989 1259 2016 Christum
1269 1986 1355 2014 ludaei
1365 1983 1572 2014 crucifixissent,
1584 1981 1700 2015 perierat

903 2041 1027 2069 mundus.
1043 2036 1142 2070 Joseph
1164 2035 1355 2067 interpretatur
1369 2028 1562 2064 augmentatio,
1575 2026 1631 2053 sive
1643 2033 1699 2052 atn-

905 2087 1005 2122 pliatio.
1013 2084 1064 2111 Sed
1073 2084 1098 2110 in
1106 2082 1151 2109 illo
1158 2079 1258 2114 ,ioseph
1268 2076 1467 2112 ampliationem
1476 2071 1638 2104 nuntiabant,
1650 2071 1700 2098 uisi

902 2130 960 2163 'sota
976 2133 1122 2168 AEgypttts;
1136 2130 1162 2156 in
1174 2133 1266 2155 nostro
1278 2133 1344 2153 vero
1356 2122 1456 2157 loseph
1467 2123 1640 2154 augmentum
1652 2118 1701 2145 ha-

906 2183 970 2210 bere
984 2180 1080 2208 meruit
1091 2177 1230 2204 universus
1241 2173 1364 2201 mundus.
1378 2171 1425 2197 lile
1439 2167 1559 2203 erogavit
1571 2166 1698 2198 triticum,

907 2234 997 2256 noster
1018 2223 1137 2260 erogavit
1157 2221 1202 2249 Dei
1217 2220 1341 2248 verbum⁴
1368 2217 1401 2244 Et
1423 2216 1449 2243 in
1471 2220 1577 2242 omnem
1601 2216 1699 2240 terram

906 2275 970 2302 exiit
985 2279 1066 2301 sonus
1080 2276 1172 2298 eorum

930 2333 975 2360 23.
986 2330 1057 2359 Dixit
1070 2327 1151 2356 Jacob
1161 2326 1221 2352 iiliis
1228 2324 1299 2351 suis:
1315 2321 1359 2347 Est
1371 2316 1561 2354 srtmtentumin
1571 2313 1697 2347 AEqypio.

907 2380 974 2407 llicit
993 2378 1062 2405 Deus
1082 2375 1180 2402 Pater:
1202 2370 1243 2398 Ex
1259 2369 1374 2402 AEyypto
1394 2364 1478 2391 uocat-i
1496 2361 1595 2387 Filium
1615 2365 1699 2384 meum

905 2425 1076 2456 Descendunt
1088 2423 1168 2456 igitur
1181 2419 1272 2445 decem
1287 2412 1468 2449 provectiores
1483 2409 1589 2438 iratres,
1606 2405 1631 2431 id
1646 2409 1698 2437 est,

904 2475 1000 2507 iudaei,
1013 2469 1086 2507 qttasi
1103 2467 1152 2494 sub
1162 2463 1292 2496 Decaiogo
1304 2460 1368 2493 legis
1378 2463 1404 2484 et
1420 2461 1530 2482 numeru
1544 2450 1680 2478 constituti
1692 2458 1699 2475 ι

907 2535 959 2564 Soti
975 2540 1022 2568 pro
1038 2528 1145 2558 sedulio
1166 2519 1337 2558 reponendus
1362 2513 1501 2553 Venantius
1516 2509 1700 2552 fortunatus,

906 2577 984 2599 verns
999 2568 1055 2601 --jus
1068 2561 1160 2599 hymni
1171 2562 1274 2586 auctor.
1288 2554 1338 2581 Pro
1350 2559 1420 2578 autu·
1432 2552 1570 2574 trircsnno
1581 2543 1701 2571 secundo

907 2607 1032 2634 inchoato
1046 2600 1126 2628 reicrt
1141 2594 1323 2630 Apollinarem
1348 2584 1527 2615 Laodice-num
1538 2602 1545 2611 ‚
1562 2578 1700 2612 Ouinium,

906 2642 1038 2670 isidorum
1055 2632 1250 2667 iiispalensem,
1266 2626 1409 2653 Zonaram.
1427 2625 1479 2646 ctc.
1496 2618 1583 2644 Artav.

918 2664 926 2670 ”
940 2678 986 2704 9-1.
1008 2674 1070 2700 Post
1085 2670 1138 2696 itoec
1157 2663 1263 2700 Jmeph,
1276 2666 1359 2695 usquc
1373 2657 1405 2684 ad
1420 2662 1499 2682 sonus
1509 2659 1606 2683 eorum,
1618 2650 1700 2685 Aug„

902 2711 1109 2775 ibiffigngtfial.
1124 2735 1230 2773 penuria
1240 2733 1299 2761 sine
1307 2739 1334 2758 a.
1346 2729 1432 2757 Anav.

938 2783 984 2810 25.
1015 2779 1087 2806 Dixit
1097 2772 1281 2806 notamusque
1294 2766 1327 2794 ad
1343 2765 1427 2800 fitium
1436 2767 1532 2794 meum,

906 2821 934 2850 8.
945 2819 1041 2847 Gaui„
