1832 3016
149 161 198 189 351
677 146 708 174 S.
727 141 852 172 lstoout
872 136 1093 168 ntSPALENSts
1112 136 1264 167 Episcovt

150 220 281 247 chernmo
296 211 540 241 habitaretactunt;
555 205 588 233 de
601 211 655 239 quo
664 201 792 236 scripturn
806 201 847 225 est
859 205 867 223 ε
885 195 936 223 Ve-
948 193 975 224 A
987 196 1074 230 quiete
1088 195 1205 222 contenti
1219 197 1248 244 et
1261 193 1327 225 otio,
1342 191 1387 220 sed
1401 198 1507 241 rursum
1522 190 1555 217 ad
1569 189 1699 239 ulteriora
1713 187 1788 223 pro-'l
1805 181 1810 209 Ϊ

150 268 210 298 ..ι-ιε,
226 260 390 290 ascendamus
403 255 436 282 ad
452 259 561 281 ”iontem
575 249 677 278 Domini
691 246 768 283 (lsai.
784 242 827 279 n).
988 244 1121 274 perantes,
1146 239 1335 266 obliviscamur
1358 241 1567 272 praeteritorum,
1584 238 1611 261 et
1635 242 1661 262 tn
1683 234 1786 263 rutum:-
1804 254 1813 260 r

437 298 550 327 CAPUT
568 296 641 324 ΧΧΙ.

186 355 211 380 1.
233 351 364 379 vicesima
393 347 477 382 prima
501 342 605 372 mansio
620 345 662 374 est
683 341 709 366 in
736 337 859 370 Horatia,
876 341 936 370 quae

149 399 260 427 vertitur
270 397 296 423 in
312 394 472 422 miraculum.
486 391 519 417 Et
532 389 592 416 vide
603 394 682 422 quam
698 384 807 420 pulcher
817 387 859 410 est
870 380 937 408 ordo

150 446 285 472 virtutum.
300 442 363 469 Post
373 439 464 466 frenos
479 435 561 471 [448
576 434 602 461 in
619 431 765 460 Ecclesiam
780 426 938 457 intromitti-

150 498 219 523 mur,
237 492 296 524 post
315 485 505 512 habitationem
520 480 553 507 ad
569 483 687 506 montem
701 476 800 504 Christi
816 474 938 502 ascendi-

150 543 224 567 ntus;
242 535 267 560 in
284 539 336 566 quo
353 530 431 564 positi
447 527 576 554 miramur
590 525 616 552 in
640 525 680 551 eis
695 530 754 558 quse
778 529 827 549 nec
842 520 937 547 oculus

150 581 225 612 vidit,
242 586 290 605 nec
313 576 384 603 auris
399 573 510 606 audivit,
528 579 577 599 nec
600 571 626 597 in
648 577 695 597 cor
709 567 826 596 hominis
843 573 938 594 ascen-

148 627 253 654 «lerunt.

432 653 544 682 CAPUT
566 652 648 680 xxtt.

188 706 212 732 1.
234 703 364 731 vicesima
378 700 494 728 secunda
509 698 611 727 mansio
626 701 668 725 est
682 697 709 724 in
726 694 865 726 Macetottt,
878 701 938 728 quae

150 753 176 779 in
203 755 279 777 coetus
296 750 417 779 vertitur,
435 746 461 773 id
486 751 537 777 est,
562 745 590 771 in
612 743 727 770 ecclesia.
751 742 779 768 ln
803 741 852 767 hac
868 739 940 767 enim

150 796 273 824 consistit
288 793 427 821 multitudo
442 790 621 823 credentium,
633 789 709 823 juxta
725 787 795 821 quod
811 786 939 819 scriptum

150 847 211 869 est:
235 840 301 867 Ecce
322 847 398 873 qnam
413 838 505 864 bonum
524 841 548 862 et
560 843 633 870 quam
654 833 801 869 jucundum
826 831 941 858 habitare

151 887 242 921 {ratres
256 886 282 911 in
295 892 374 911 unum
390 883 500 917 (Psatm.
517 879 639 914 cxxxtt)!

434 936 545 964 CAPUT
566 934 661 963 XXlll.

188 987 213 1014 1.
234 985 366 1013 Vicesima
395 984 471 1010 tertia
498 982 600 1010 mansio
626 985 669 1008 est
693 981 719 1006 in
737 978 851 1010 Tahath,
881 984 940 1014 quq}

153 1034 345 1067 interpretatur
361 1037 450 1064 pavor,
465 1028 527 1063 qnia
542 1028 602 1054 dum
619 1026 734 1060 quisque
749 1024 822 1051 venit
842 1023 874 1049 ad
891 1022 941 1049 Ee-

151 1079 272 1110 elesiam,
290 1082 370 1110 atque
392 1074 512 1102 ascendit
533 1074 559 1100 in
586 1077 705 1099 montem
731 1070 942 1105 pulcherrimum

151 1124 296 1155 Christum.
310 1126 336 1149 et
351 1126 460 1155 stupore
475 1125 503 1147 et
518 1118 647 1146 miraculo
663 1116 764 1144 Christi
780 1114 944 1150 magnitudi-

153 1180 215 1200 nem
230 1171 388 1201 confitetur3
407 1169 533 1203 adjungat
559 1166 655 1194 deinde
672 1165 806 1198 timorem,
831 1164 875 1199 qui
898 1171 944 1190 cu-

155 1222 212 1245 stos
225 1222 266 1243 est
282 1215 463 1246 beatitudinis,
476 1220 505 1241 ut
519 1214 601 1240 altum
618 1221 669 1240 non
687 1212 784 1246 sapiat,
799 1211 861 1246 quia
874 1210 943 1237 Deus

156 1263 270 1298 superbis
286 1258 391 1294 resistit,
407 1260 543 1286 humilibus
555 1264 640 1286 antem
652 1259 694 1285 dat
702 1258 811 1294 qratiam
829 1256 944 1292 (chtr.

154 1316 182 1341 v,
198 1302 237 1343 δ’).

441 1351 554 1378 CAPUT
573 1350 670 1377 xxiv.

195 1398 220 1425 1.
242 1397 374 1425 vicesima
399 1400 493 1431 quarta
517 1396 620 1422 mansio
646 1400 686 1422 est
710 1395 736 1421 in
752 1394 849 1427 Tltare,
865 1401 944 1428 quam

157 1444 277 1472 nonnulli
293 1447 399 1470 vertunt
412 1443 438 1469 in
452 1442 587 1473 vitalitium,
599 1443 656 1469 sive
672 1442 825 1475 pasturam&

194 1491 221 1517 2.
242 1490 317 1523 Quod
331 1490 374 1516 vel
395 1489 427 1516 ad
449 1489 609 1524 praepositos
632 1488 825 1519 Ecclesiarum,
851 1487 893 1513 vel
914 1487 947 1513 ad

158 1536 307 1565 custodiam
323 1537 419 1562 animae
434 1536 564 1568 retertur,
581 1539 609 1561 ut
622 1534 750 1561 sollicitus
765 1535 799 1560 sit
813 1534 927 1567 quisque
937 1552 945 1565 ,

157 1580 307 1616 habeatque
323 1588 458 1614 pavorem,
471 1588 504 1607 ne
516 1580 558 1606 leo
569 1579 689 1606 diabolus
703 1580 729 1606 in
743 1579 834 1606 caulas
845 1579 945 1611 ovium,
962 1575 986 1607 C

159 1627 186 1656 id
201 1631 254 1659 est,
270 1627 296 1653 in
320 1627 458 1654 Ecclesias
482 1633 528 1660 per
550 1625 658 1653 diversa
673 1625 798 1652 vitiorum
816 1624 947 1652 serantina

159 1674 272 1702 introire
288 1673 396 1700 nitatur.

401 1717 604 1753 EASCAPUT
626 1717 706 1744 XXV.

196 1766 221 1793 1.
242 1765 374 1792 vicesima
396 1764 488 1798 quinta
512 1764 616 1790 mansio
645 1768 685 1790 est
710 1762 737 1789 in
763 1762 950 1796 Mettica,quoe

161 1811 275 1839 vertitur
288 1811 313 1836 in
328 1809 499 1836 dulcedinem.
512 1809 661 1835 Ascendisti
679 1809 749 1835 enim
764 1809 789 1835 in
801 1808 950 1841 excelsum,

161 1856 309 1883 admiratus
321 1862 350 1882 es
369 1856 496 1882 virtutum
511 1854 619 1885 choros,
634 1854 746 1881 timuisti
768 1854 883 1887 ruinam,
907 1855 950 1881 ab-

160 1902 238 1937 egisti
251 1901 429 1933 insidiatores,
448 1901 534 1928 dulcis
551 1905 576 1927 te
591 1901 690 1927 tructus
707 1900 828 1934 protinus
854 1900 952 1926 laboris

162 1947 323 1981 insequitur,
348 1950 375 1972 ut
401 1946 496 1972 merito
512 1946 607 1973 dieas:
631 1946 714 1978 Quam
730 1945 817 1971 dulcia
835 1945 952 1979 saucibus

163 1993 224 2020 meis
237 1993 339 2027 eloquia
354 1991 419 2018 tua!
444 1999 519 2026 super
534 1992 583 2018 mel
599 1992 635 2018 ori
647 1999 702 2018 meo
717 1990 827 2025 (Psalm.
844 1990 948 2025 cxvtn).

445 2036 558 2064 CAPUT
581 2036 674 2064 xxvt.

202 2084 224 2110 1.
249 2082 379 2109 Vicesima
406 2086 481 2109 sexta
506 2082 610 2109 mansio
624 2087 666 2108 est
687 2082 715 2108 in
736 2081 880 2115 Hesmona,
896 2089 955 2117 quat

166 2129 259 2156 Latine
276 2128 464 2163 festinationem
489 2132 578 2154 sonat.
606 2127 735 2160 Scilicet,
760 2132 788 2154 ut
814 2132 954 2162 postquam

165 2174 258 2201 dulces
285 2173 385 2200 tructus
410 2173 508 2200 laboris
537 2173 755 2206 sumpserimus,
790 2180 842 2199 non
871 2173 956 2199 simus

988 293 1036 313 nos
1047 285 1232 314 extendamus.
1774 287 1787 301 ιΑ

1259 318 1372 347 CAPUT
1392 316 1496 345 xxvtt.
1803 324 1806 325 ν

1024 369 1051 396 1.
1071 367 1203 396 vicesima
1214 367 1326 401 septima
1336 366 1441 393 mansio
1455 368 1496 392 est
1513 364 1538 392 in
1554 362 1777 398 Momotlt‚quod
1807 367 1810 403 J

990 416 1179 449 interpretatur
1194 414 1306 446 vincula,
1324 414 1383 441 sive
1398 413 1546 446 disciplina,
1558 412 1670 444 scilicet,
1683 415 1714 439 υι
1733 411 1780 439 1ο-

990 462 1060 489 stino
1075 461 1158 496 gradu
1169 467 1311 495 pergamus
1323 459 1357 486 ad
1370 459 1522 494 magistroS,
1537 465 1685 491 eorumque
1706 461 1779 485 tera-

991 513 1050 533 mus
1070 504 1172 536 limina,
1194 508 1221 531 et
1232 508 1364 538 praecepta
1379 503 1506 530 virtutum
1522 510 1554 530 ae
1565 502 1691 538 mysteria
1707 501 1779 530 Scri-

991 557 1127 587 pturarum
1142 549 1247 577 vincula
1260 554 1382 583 putemus
1394 556 1454 576 esse
1469 552 1581 575 aeterna.

1025 598 1053 625 2.
1075 598 1137 624 Haec
1160 600 1222 623 sunt
1241 595 1338 622 Christi
1361 595 1478 628 vincula,
1501 594 1534 621 de
1549 594 1647 628 quibus
1661 594 1688 621 in
1711 594 1777 622 lsaia

991 645 1109 679 legitur:
1128 643 1183 670 Viri
1202 643 1321 669 sublimes
1336 641 1371 669 ad
1390 645 1414 668 te
1435 641 1587 672 transibunt,
1608 645 1631 668 et
1651 641 1688 668 tui
1706 644 1780 668 erunt

991 692 1065 723 servi,
1077 695 1132 725 post
1151 694 1174 716 te
1186 689 1353 716 ambutabunt
1366 688 1480 724 colligati
1497 687 1603 715 vinculis
1616 687 1695 722 (lsai.
1716 695 1779 722 ην,

993 737 1048 771 ss).
1065 737 1132 764 Sunt
1147 741 1173 763 et
1184 736 1234 762 alia
1246 735 1346 762 diaboli
1355 735 1473 768 vincula,
1489 734 1584 768 quibus
1594 733 1731 768 disruptis,
1741 735 1780 760 vi·

992 783 1029 810 cit
1043 783 1134 809 hostes
1148 782 1271 808 Samson.
1287 781 1324 808 De
1336 781 1432 815 quibus
1448 779 1583 813 Propheta
1596 778 1660 806 dicit
1674 787 1680 805 :
1702 778 1782 805 Diru-

993 829 1052 864 pisti
1061 828 1164 855 vincula
1172 835 1237 861 mea,
1249 826 1450 860 tibisacrt'ficabo
1461 825 1661 852 tiostiamtamtis
1668 824 1781 860 (Psatm.

993 875 1074 910 eno.
1214 908 1296 944 450
1309 907 1423 935 CAPUT
1443 906 1567 934 xxvtn:

1030 957 1056 984 1.
1080 956 1209 984 vicesima
1234 960 1328 982 octava
1351 955 1456 981 mansio
1471 959 1512 980 est
1536 953 1701 986 Bunetacam,
1724 960 1784 987 qum

994 1011 1042 1038 per
1057 1002 1308 1036 interpretationem
1325 999 1484 1026 transfertur
1494 999 1520 1025 in
1531 999 1599 1032 lilios
1613 998 1782 1030 necessitatis,

995 1055 1042 1075 seu
1066 1048 1194 1074 stridoris.
1237 1046 1288 1079 Qui
1318 1046 1373 1072 sint
1399 1045 1443 1071 isti
1467 1044 1512 1070 filii
1540 1044 1706 1070 necessitatis
1728 1044 1785 1078 ipse

996 1093 1112 1128 psalmus
1128 1100 1176 1119 nos
1191 1092 1270 1118 docet
1283 1099 1289 1117 z
1307 1090 1403 1122 Afferte
1417 1089 1539 1121 Domino,
1559 1088 1608 1123 filii
1620 1088 1678 1122 Dei,
1693 1089 1784 1122 afferte

997 1139 1107 1166 Domino
1135 1138 1204 1172 filios
1234 1137 1342 1164 arietum
1369 1135 1483 1170 (Psalm.
1513 1135 1621 1169 xxvnt).
1653 1135 1717 1168 Quae
1745 1139 1787 1162 est

997 1189 1070 1212 tanta
1096 1184 1253 1215 necessitas,
1267 1190 1327 1218 quae
1352 1182 1504 1209 nolentibus
1529 1181 1699 1215 imponatur?
1721 1189 1782 1208 eunt

997 1231 1095 1259 divinis
1119 1230 1264 1264 Scripturis
1280 1229 1361 1256 l'ueris
1377 1228 1499 1255 eruditus
1513 1237 1520 1261 ς
1545 1232 1573 1254 et
1594 1228 1667 1262 leges
1681 1234 1785 1260 earum,

997 1285 1029 1305 ac
1054 1277 1218 1308 testimonia,
1244 1276 1349 1302 vincula
1373 1275 1442 1302 scies
1470 1274 1601 1306 veritatis,
1623 1273 1788 1301 contendens

999 1330 1059 1351 cum
1076 1321 1247 1355 adversariis,
1264 1321 1357 1355 ligabis
1369 1327 1430 1352 eos,
1447 1325 1473 1347 et
1490 1320 1594 1347 vinctos
1609 1319 1690 1346 duces
1706 1319 1732 1345 in
1743 1326 1789 1346 ca-

999 1368 1159 1404 ptivitatem.
1183 1371 1210 1393 et
1234 1367 1266 1392 de
1286 1366 1406 1392 hostibus
1421 1366 1560 1400 quondam
1582 1369 1662 1399 atque
1677 1364 1789 1398 captivis

1000 1413 1098 1440 liberos
1124 1411 1169 1438 Dei
1185 1410 1297 1443 efficies,
1324 1415 1352 1436 ut
1378 1414 1488 1444 repente
1511 1409 1584 1436 dicas
1605 1417 1667 1436 eum
1695 1409 1759 1436 Sion
1779 1418 1786 1436 :

1001 1457 1056 1493 Eyo
1071 1456 1174 1490 sterilis,
1192 1461 1214 1482 et
1227 1464 1276 1482 non
1292 1455 1407 1488 patiens,
1423 1455 1617 1488 transmigrata,
1633 1459 1656 1480 et
1668 1454 1788 1487 captiva:

1000 1510 1024 1530 et
1044 1504 1105 1530 istos
1118 1504 1174 1538 quis
1190 1502 1330 1529 enutrivit?
1353 1500 1407 1536 qu
1423 1501 1555 1531 destituta,
1571 1505 1594 1527 et
1610 1501 1683 1531 sola‚·
1700 1505 1723 1527 et
1746 1500 1789 1527 isti

1001 1550 1043 1576 ubi
1058 1554 1130 1576 erant
1147 1548 1226 1582 (lsai.
1242 1556 1316 1580 xmx,
1330 1547 1394 1582 21)?

1036 1595 1154 1621 2.Porro
1168 1593 1238 1627 quod
1251 1593 1454 1626 interpretatum
1471 1596 1512 1619 est
1527 1592 1595 1624 filios
1606 1591 1739 1624 stridoris,
1754 1591 1788 1619 ad

1001 1641 1075 1668 illum
1101 1646 1209 1667 sensnm
1237 1638 1372 1670 refertur,
1394 1638 1464 1672 quod
1487 1638 1582 1665 timore
1602 1637 1735 1672 supplicii,
1760 1641 1790 1665 et

1000 1685 1059 1720 ejus
1073 1684 1124 1711 loci
1138 1684 1181 1711 ubi
1196 1687 1236 1710 est
1248 1683 1326 1710 fletus
1338 1687 1364 1709 et
1377 1682 1475 1709 stridor
1490 1681 1618 1714 dentium,
1634 1682 1790 1709 deserentes

1002 1730 1099 1757 diaboli
1115 1729 1230 1762 vincula,
1254 1728 1361 1756 Christo
1386 1727 1498 1755 Domino
1523 1728 1688 1755 credentium
1706 1727 1790 1756 turbae
1831 1763 1832 1770 ἵ

1001 1777 1069 1803 colla
1084 1775 1250 1802 submittant.

1291 1809 1335 1836 CA
1342 1809 1409 1837 PUT
1430 1808 1526 1837 ΧΧΙΧ.

1038 1858 1064 1883 1.
1086 1856 1217 1883 Vicesima
1243 1863 1314 1883 nona
1327 1855 1431 1882 mansio
1454 1861 1494 1882 est
1517 1856 1543 1882 in
1558 1859 1650 1884 monte
1670 1855 1790 1889 Gadqad,

1003 1902 1073 1936 quod
1088 1902 1280 1936 interpretatur
1302 1902 1415 1932 nuntius,
1431 1901 1487 1928 sive
1501 1901 1635 1934 accinctio,
1653 1901 1693 1928 vel
1720 1906 1792 1928 certe

1003 1948 1124 1974 concisio.
1141 1947 1198 1974 Non
1213 1947 1284 1974 enim
1300 1947 1378 1974 aliter
1392 1954 1535 1982 possumus
1547 1947 1664 1982 magistri
1677 1947 1792 1981 discipu-

1005 1993 1090 2020 lorum
1115 1997 1195 2027 atque
1209 1993 1375 2020 credentium
1391 2000 1436 2020 eos
1451 1993 1538 2020 tacere
1554 1993 1622 2019 tilios
1645 1993 1793 2020 necessita-

1005 2038 1048 2071 tis,
1066 2038 1116 2064 nisi
1129 2041 1307 2072 praeceptores
1322 2045 1413 2064 eorum
1427 2037 1651 2065 interfecerimus.
1667 2037 1794 2065 Crudeles

1005 2084 1088 2111 simus
1104 2085 1129 2111 in
1144 2084 1278 2111 occisione
1294 2091 1399 2116 eorum,
1417 2092 1468 2111 non
1485 2088 1576 2118 pareat
1590 2091 1685 2111 manus
1702 2088 1793 2112 nostra

1007 2136 1119 2162 armum,
1146 2133 1190 2156 aut
1202 2133 1353 2156 extremum
1379 2128 1506 2155 auriculae
1519 2128 1553 2156 de
1568 2136 1615 2156 ore
1642 2128 1727 2156 leonis
1747 2135 1795 2156 ex-

1007 2175 1122 2201 trahere.

201 2262 265 2289 Cttr.
286 2270 340 2289 xxt-
356 2261 388 2289 N.
406 2262 431 2289 1.
447 2262 564 2294 Botion„
576 2266 632 2296 post
647 2263 759 2289 ecclesia·
773 2263 954 2291 habitationem
968 2253 994 2283 D
1007 2265 1185 2300 Hieronymus
1200 2269 1249 2299 pro
1263 2263 1394 2291 nomam
1406 2263 1512 2290 mam’cts
1525 2263 1683 2296 reddiderit,
1697 2268 1727 2291 ut
1750 2264 1796 2293 ttte

166 2298 200 2324 ud
215 2302 333 2324 montem.
348 2296 380 2324 Et
395 2297 476 2329 illico,
491 2305 524 2324 ex
540 2297 652 2330 Isidoro,
669 2298 695 2323 in
709 2305 760 2331 quo
781 2299 857 2332 positi
872 2299 957 2325 mim-

167 2341 223 2359 mur
234 2333 260 2358 in
273 2340 340 2359 eum.
355 2332 441 2359 Annv.

203 2367 268 2394 Cttr.
296 2374 371 2394 uin.
388 2367 420 2394 N.
439 2367 464 2393 1.
484 2367 599 2398 Βοηοῃ.,
615 2372 700 2393 custos
723 2371 760 2394 est
778 2367 955 2401 beatitudinis.

169 2403 207 2429 vel
223 2402 386 2434 humilitatis,
403 2406 430 2428 nt
444 2401 535 2434 altum,
551 2407 602 2428 etc.
620 2403 706 2428 Anev.

203 2437 366 2464 cti..xx1v.
390 2436 422 2463 N.
446 2438 472 2463 1.
488 2436 589 2463 Mansio
601 2441 637 2463 est
653 2437 679 2463 in
698 2437 794 2469 Thai-e.
805 2445 881 2470 quam
893 2446 957 2465 non-

169 2472 235 2499 nulli
256 2476 352 2499 verttmt
365 2472 392 2498 t'n
406 2472 540 2505 malitiam,
560 2472 612 2498 sive
625 2477 768 2506 pasturam.
786 2472 872 2499 Verba
894 2478 956 2501 sunt

138 2515 143 2526 v
171 2507 336 2542 Hieronymi,
359 2507 406 2534 sed
432 2507 500 2533 hanc
524 2507 771 2541 interpretationem
799 2507 956 2542 rejicientis.

170 2541 236 2569 Cnin
250 2547 338 2569 autern
352 2541 487 2576 allegoria}
502 2542 592 2573 verba.
608 2549 668 2576 quae
687 2546 835 2578 sequnntur
848 2551 855 2569 ε
883 2543 958 2576 Quod

170 2578 208 2604 vel
226 2577 259 2603 ad
278 2578 426 2612 proepouttos
441 2575 624 2610 Ecctestamm,
646 2581 711 2611 ete„
730 2585 763 2604 ex
777 2578 871 2605 eodem
890 2579 957 2611 sint,

172 2611 342 2639 manifestum
364 2616 405 2639 est
427 2612 522 2639 deesse
537 2612 782 2645 interpretationem
798 2620 877 2647 quain
901 2613 959 2648 ipse

172 2646 278 2681 prohat,
303 2646 436 2674 abactoris
451 2646 561 2680 scillcet,
575 2647 616 2674 vet
631 2646 794 2681 depulsoris.
815 2647 958 2682 Propterea

173 2681 304 2708 asterisco
318 2681 405 2708 locum
421 2682 580 2714 notavimus,
592 2689 670 2717 quern
685 2682 794 2717 explere
811 2682 862 2710 sibl
873 2681 959 2718 quivis

174 2714 253 2743 tacite
266 2720 301 2743 ex
316 2716 390 2744 Hier.
425 2717 501 2745 ossit.
517 2716 613 2744 Gnnu..

211 2750 276 2778 Cn».
296 2758 378 2779 nvn.
417 2771 424 2778 .
439 2751 467 2779 2.
486 2752 542 2779 Viri
556 2752 675 2780 subtimes
687 2753 722 2779 ad
731 2755 756 2780 te
769 2753 921 2786 tramitum.
935 2757 961 2780 et

177 2785 215 2810 tui
233 2790 306 2812 erunt
331 2787 406 2819 servi,
423 2790 479 2821 post
493 2791 515 2814 te
530 2787 695 2814 ambutabunt
716 2787 829 2824 colligati
839 2788 958 2816 vinculis.

178 2818 220 2845 Ex
234 2819 314 2852 Lxx,
329 2827 395 2848 voce
407 2822 480 2854 servi,
494 2822 593 2849 addita.
606 2822 660 2849 Sed
671 2823 754 2850 miror
766 2829 816 2850 cnr
826 2822 960 2858 inoerpres

179 2852 288 2882 tatinus
305 2854 442 2886 Editionis
466 2855 556 2891 Lxx,
579 2863 628 2891 pro
654 2857 827 2896 χιιροπὲδαις,
842 2857 959 2895 vinulis,

1008 2307 1061 2328 non
1076 2300 1186 2331 Graecae,
1202 2300 1249 2326 sed
1264 2299 1403 2325 Hebraicae
1414 2298 1488 2325 vocis
1503 2298 1633 2325 rationein
1653 2299 1795 2334 babuisse,

1009 2335 1185 2369 Hieronymus
1196 2337 1288 2360 eontra
1316 2332 1481 2366 septuaginta
1498 2332 1687 2367 interpretibus
1698 2339 1797 2368 praeter

1009 2377 1110 2397 morem
1125 2369 1299 2395 subserviisse
1314 2367 1444 2394 videatur.
1459 2366 1555 2394 Gntn..

1045 2403 1114 2431 Iln'd.
1130 2404 1157 2430 ln
1172 2403 1232 2430 cod.
1246 2403 1368 2434 Atborn..
1385 2402 1417 2429 de
1429 2402 1519 2436 quibus
1534 2403 1559 2429 in
1574 2402 1738 2436 Ecclesiaste,
1752 2412 1797 2432 ceu

1010 2438 1082 2465 Isaia
1097 2439 1200 2473 taqttnr.
1215 2438 1249 2464 Et
1261 2444 1334 2470 mox,
1347 2436 1463 2464 vinculis.
1483 2436 1515 2463 Et
1527 2437 1573 2464 otti
1587 2437 1685 2464 diaboti
1701 2438 1798 2467 tneetti-
1828 2446 1832 2447 ⁷

1009 2472 1191 2508 yuntvt‘ncttla,
1203 2472 1295 2506 quibus
1307 2473 1476 2506 disruptus...-
1490 2471 1528 2499 De
1537 2473 1653 2505 quatiens
1663 2473 1796 2508 propheta.

1011 2509 1039 2536 ln
1057 2508 1167 2542 Vulgata
1190 2508 1269 2535 verba
1299 2507 1371 2534 lsaiae
1395 2512 1457 2534 sunt
1474 2516 1480 2533 :
1501 2507 1557 2534 Viri
1583 2507 1702 2536 sirmium
1725 2508 1759 2534 ad
1773 2514 1798 2538 te
1827 2526 1832 2527 ν

1010 2543 1164 2574 transibunt,
1185 2546 1209 2569 et
1224 2543 1261 2569 tui
1283 2548 1367 2576 erunt,
1390 2547 1449 2576 post
1473 2543 1496 2569 te·
1519 2542 1697 2576 antbutabune,
1721 2543 1800 2572 vincti

1010 2578 1124 2606 inanibus
1136 2582 1251 2613 perqent.
1266 2579 1351 2604 Anev.
1824 2595 1832 2599 ,

1045 2613 1109 2640 Cn».
1125 2620 1200 2640 xxix.
1215 2612 1246 2640 N.
1263 2613 1290 2640 1.
1308 2613 1351 2640 Vel
1366 2617 1432 2640 certe
1444 2612 1565 2640 concteto.
1580 2612 1748 2649 Hieronym..
1758 2613 1810 2643 vel<

1011 2654 1077 2676 certe
1092 2648 1171 2683 (quod
1196 2656 1242 2676 nor
1265 2648 1347 2675 verius
1366 2647 1544 2683 arbitramur),
1555 2650 1694 2680 κατακοπὴ,
1711 2648 1741 2676 id
1761 2653 1832 2677 cuv!

1011 2684 1132 2711 concisio.
1145 2683 1240 2712 GmAt..
1550 2682 1552 2684 ’
1824 2683 1832 2686 ”

1046 2719 1116 2745 thid.
1129 2717 1283 2746 Extrahere.
1293 2718 1353 2751 Alii,
1365 2718 1519 2748 abstrahere.
1533 2717 1661 2747 Nonnulli
1673 2717 1796 2751 addunt:

1012 2753 1175 2787 Ezaemtim:
1195 2762 1226 2782 ne
1239 2759 1384 2790 torpeamus
1406 2753 1502 2782 Christi
1523 2753 1640 2781 inimicos
1660 2757 1720 2782 onte
1752 2754 1759 2760 '

1011 2794 1152 2816 extremum
1165 2797 1238 2826 prece
1305 2797 1337 2816 tte
1359 2789 1454 2817 hunda
1468 2787 1608 2817 aemulari
1617 2787 1650 2815 de
1661 2795 1706 2816 ore
1717 2787 1757 2816 ho
1792 2791 1794 2794 ’

1012 2825 1118 2888 Tum.
1139 2824 1216 2859 Quod
1239 2824 1274 2853 ab
1308 2823 1533 2854 numdi-nm
1554 2822 1787 2867 pronuntietur

1038 2866 1100 2887 mcv.
1667 2865 1671 2870 “
