1832 3016
12 2992 17 3016 l

33 2814 68 2904 ,ist

31 2906 59 3016 ἶ

71 130 123 158 785

549 118 593 155 DE
612 124 895 155 accensissrtcts
914 124 1061 155 omens
1080 124 1146 154 un.
1167 124 1200 152 ΙΙ.

1647 120 1698 150 786

70 188 254 220 offerentibus,
268 190 296 216 et
312 185 499 220 spernentibus
512 184 698 212 sacerdotibus
711 184 795 212 lsrael
809 192 856 218 per
870 186 896 217 Α
909 183 1046 217 cumbere,
1071 190 1132 210 cum
1155 182 1283 210 tratribus
1307 189 1399 217 pacem
1415 182 1525 216 habere,
1541 188 1591 210 nec
1604 188 1700 216 quein·-

70 235 225 263 Malachiam
240 231 426 268 improperavit
440 230 512 257 Deus
525 229 617 256 dicens
632 238 640 256 ε
656 229 696 256 Aa
716 237 768 261 vor,
783 237 797 255 o
808 236 855 255 sa-

70 283 194 315 cerdotes,
208 281 252 316 qui
265 280 390 316 polluistis
410 285 500 304 nomen
522 285 614 309 meum,
631 282 654 304 et
676 277 776 303 dixistis
796 284 806 303 :
825 276 858 302 In

69 338 119 365 quo
134 328 270 363 polluimus
285 326 326 353 te?
342 324 446 358 Offertis
465 332 540 359 super
559 324 640 350 altare
664 332 747 350 meum
767 330 857 357 ponem

69 376 205 411 pollutum.
231 372 324 400 Nonne
343 372 366 398 si
386 371 499 405 offeratis
522 378 626 401 caecum,
650 374 672 396 et
696 369 856 403 lanquidum,

70 427 153 447 »tenne
163 418 258 446 malum
272 422 308 443 est
321 415 448 450 (ΜαίιιεΙι.
467 423 484 448 t,
501 414 528 450 6)
538 415 549 434 ⁴?
563 414 638 442 Unde
652 418 679 441 et
692 415 717 441 in
734 413 857 440 Numeris

69 464 231 495 vitula-rusa,
245 462 321 497 cujus
331 463 400 490 ciuis
413 461 533 495 expiatio
547 465 589 488 est
601 460 701 494 populi,
718 467 769 486 non
781 459 858 486 aliter

67 511 174 547 jubetur
196 508 285 535 offerri
305 508 337 535 ad
361 508 445 534 altare
472 507 586 537 Domini.
610 506 660 533 nisi
674 513 732 540 quae
753 510 857 532 tetreua

68 563 147 589 opera
164 562 215 581 uon
231 553 334 585 recent,
349 553 494 587 jugumque
509 552 597 579 delii-ti
610 559 662 578 uon
677 552 797 584 traxerit,
810 558 859 578 nec

67 601 178 629 vinculis
194 606 359 634 peccatorum
375 598 452 625 l'uerit
473 597 578 631 alligata
594 596 687 632 (Num.
706 595 761 630 19).

103 647 148 674 15.
167 646 218 674 S‹·d
233 645 295 680 quid
309 645 383 679 plura
400 643 557 678 subjiciam?
571 642 599 670 Si
615 643 684 669 enim
700 643 722 668 is
736 641 790 675 qui,
802 641 858 674 jam

68 694 94 721 in
109 681 263 728 episcopatu
291 691 335 719 vel
358 690 523 725 presbyterio
547 689 658 723 positus.
681 688 792 714 mortale
811 687 860 713 ali-

68 739 137 775 quod
150 742 286 773 peccatum
300 736 441 763 admiserit
455 734 600 762 tetrahitur
610 733 643 760 ab
652 733 859 767 officio,quanto

70 786 155 820 magis
169 789 231 811 aute
252 783 446 810 ordinationem
464 786 588 816 peccatur
604 781 727 807 inventus
750 786 800 805 nou
816 786 859 805 or-

68 830 194 858 dinetur?
206 832 374 863 Quapropter
385 828 446 861 quia
461 828 501 854 lex
515 832 668 861 peccatores
678 833 692 851 a
706 824 856 852 sacerdotio

914 237 992 264 quam
1007 229 1032 255 in
1048 229 1175 256 memhris
1197 229 1252 255 suis
1276 229 1422 264 despicere,
1446 229 1545 257 millum
1560 229 1700 262 damnare,

911 274 962 300 nisi
973 276 1188 309 comprohatum,
1204 275 1306 301 nullutn
1322 276 1562 306 exconuuunica·e.
1578 275 1627 302 nisi
1643 276 1700 302 dio·

910 326 1028 346 cussum.
1044 320 1147 352 Quique
1163 321 1197 346 ita
1213 320 1389 347 humilitatem
1406 320 1504 354 pariter
1514 326 1539 346 et
1556 321 1701 348 auctorita-

910 368 963 391 tem
984 365 1131 397 praestavit,
1154 370 1183 391 ut
1207 373 1294 399 neque
1320 373 1366 399 per
1392 366 1500 392 nimiam
1525 366 1702 394 humilitatem

910 417 985 436 suam
1010 410 1177 436 subditotum
1203 411 1268 437 vitia
1294 413 1483 438 convalesiere
1511 412 1600 445 saciat,
1618 420 1704 447 neque

910 462 958 490 per
972 454 1174 481 immoderatam
1203 457 1389 482 auctotitatem
1415 456 1565 483 severitatis
1589 463 1703 490 potesta·

910 504 963 526 tvm
990 505 1136 531 exerce-‘tu
1160 500 1206 526 sed
1233 505 1305 526 tauto
1331 501 1434 527 c.·utius
1458 508 1520 535 erga
1547 502 1706 529 continuisses

911 551 980 582 agat.
998 551 1099 580 ‹ptanto
1114 548 1206 573 durius
1221 554 1235 573 a
1250 546 1359 573 Christo
1369 547 1480 579 judicari
1497 547 1631 574 l'ortuidat.

948 594 992 622 ¹8.
1016 593 1128 620 Tenebit
1151 601 1255 627 quoquc
1276 593 1346 619 ittam
1363 594 1603 627 supereminentem
1629 593 1706 620 donis

912 639 1037 666 omnibus
1050 639 1218 670 charitatem,
1231 641 1289 665 siue
1303 646 1354 673 qua
1371 638 1458 665 omnis
1472 640 1555 665 virtus
1570 638 1632 665 nihii
1649 644 1705 670 vsu

910 690 1001 712 custos
1015 686 1087 711 ettitn
1114 684 1261 710 sauctitatis
1276 683 1405 715 cha-itas,
1422 684 1495 710 lucus
1519 688 1606 710 autem
1628 683 1706 717 hujus

911 730 1031 757 custodis
1056 730 1202 756 humilitus.
1230 729 1340 756 itauetm
1357 730 1436 755 etiam
1463 729 1531 756 intet-
1546 730 1603 755 haec
1617 730 1707 757 omnia

911 780 938 803 et
952 775 1083 802 castitatis
1097 775 1281 806 eminentiam,
1298 774 1333 801 ita
1349 779 1376 800 ut
1394 783 1468 801 tuens
1492 774 1590 801 Christi
1611 782 1707 809 corpus

915 821 1070 849 conlectura
1087 820 1121 847 ab
1134 822 1207 847 omni
1232 822 1431 855 inquinamento
1453 823 1540 847 carnis
1556 821 1590 847 sit
1610 822 1707 847 munda

69 881 199 909 removet,
217 875 365 902 cousi-leret
382 880 411 900 se
432 879 624 906 imusquisque,
643 876 670 898 et
684 871 782 901 sciens,
799 877 860 904 qma
876 868 899 898 Β
913 874 939 896 et
955 868 1047 895 libera.
1064 868 1134 895 luter
1151 869 1207 893 lta-c
1218 868 1349 901 «portetur
1364 875 1422 894 eum
1438 867 1550 894 sollicita
1567 867 1707 901 dispensa-

69 927 180 957 potentes
194 925 306 956 potenter
330 924 455 946 tormenta
470 918 598 953 patientur
611 916 686 952 (Sap.
709 924 744 949 vt,
762 916 800 949 7),
818 923 861 942 re-

71 969 158 994 trahat
179 974 208 994 se
229 967 262 993 ah
287 966 339 993 hoc
361 973 412 991 nou
436 970 489 991 tam
512 964 615 991 honore
634 970 712 996 quam
728 970 819 994 onere,
835 966 860 988 et

69 1012 182 1040 aliorum
203 1012 289 1039 locum
303 1012 347 1045 qui
362 1010 434 1045 digni
451 1015 509 1036 suut
534 1017 586 1035 non
603 1009 704 1035 ambiat
718 1015 859 1040 occupare.

72 1059 121 1093 Qui
135 1059 205 1086 euim
223 1060 247 1084 iu
263 1057 425 1088 erudiendis,
443 1061 523 1090 atque
539 1055 708 1082 instituendis
728 1055 761 1080 ad
777 1054 861 1081 virtu-

72 1109 125 1131 tem
142 1103 248 1137 populis
264 1101 381 1136 praei-it,
400 1108 511 1128 necesse
525 1105 566 1127 est
581 1105 608 1127 ut
619 1100 644 1126 iu
658 1099 781 1126 omnibus
795 1106 863 1126 sun-

70 1156 128 1177 ctus
151 1148 194 1179 sit.
210 1154 236 1175 et
261 1148 286 1174 in
311 1147 383 1173 nullo
404 1145 621 1180 reprehensibilis
644 1145 784 1172 habeatur.
813 1145 863 1178 Qui

71 1195 142 1222 enim
166 1195 246 1221 alium
270 1194 303 1220 de
318 1192 435 1228 peccatis
448 1192 545 1227 arguit,
563 1192 619 1226 ipse
631 1198 646 1218 a
662 1196 769 1226 peccato
784 1189 863 1218 dehet

70 1249 130 1269 esse
145 1241 257 1268 ali‹·nus.

108 1288 150 1314 ¹6.
164 1287 230 1314 Nam
245 1294 303 1313 cum
316 1293 366 1320 qua
378 1285 464 1312 fronte
477 1284 614 1319 subiectos
626 1291 738 1318 arguere
754 1283 862 1316 poterit,

70 1341 130 1361 cum
146 1333 183 1360 illi
198 1332 287 1359 statim
304 1331 388 1364 possit
401 1336 539 1364 correptus
552 1330 673 1363 ingerere
690 1338 697 1355 ε
714 1329 782 1355 Ante
795 1329 862 1356 doce

72 1382 98 1406 te
119 1385 178 1413 quae
190 1381 259 1404 recta
275 1377 354 1404 suut?
366 1377 534 1409 Quapropter
548 1375 592 1408 qui
608 1374 718 1409 negligit
733 1378 804 1401 rect-t
826 1375 863 1400 la-

70 1432 142 1456 cere,
154 1422 259 1450 desinat
273 1426 345 1449 recta
361 1421 470 1448 docere.
487 1420 563 1447 Prius
578 1420 676 1454 quippe
690 1420 861 1453 semetipsum

70 1470 206 1504 corrigere
221 1467 309 1499 debet.
324 1467 368 1501 qui
384 1466 452 1493 alios
476 1465 508 1492 ad
532 1466 599 1492 hene
613 1465 754 1492 vivendum
767 1468 860 1491 admo-

70 1523 136 1543 nere
150 1514 249 1544 studet.
268 1514 303 1541 ita
320 1519 347 1540 ut
372 1513 397 1539 iu
414 1512 538 1539 omnihus
554 1513 727 1545 semetipsum
749 1510 860 1538 formam

914 914 985 941 tione
1001 921 1091 941 curant
1110 921 1256 948 patuerunt
1283 921 1386 948 gerere,
1411 915 1558 940 esurientes
1587 920 1708 947 pascere,

917 960 1016 987 vestire
1040 960 1134 991 nudos,
1153 960 1289 993 suscipere
1315 961 1480 994 peregrinos,
1495 961 1615 993 captivos
1636 959 1708 987 redi-

914 1014 998 1038 mere.
1017 1005 1110 1032 viduas
1134 1013 1165 1032 ac
1190 1006 1304 1039 pufillus
1328 1008 1407 1039 tueri,
1425 1007 1578 1040 pervigdem
1596 1006 1621 1032 iu
1644 1013 1710 1032 cun-

915 1052 967 1078 ctis
981 1052 1109 1078 exhibere
1121 1058 1224 1084 curam,
1241 1051 1435 1085 providentiam
1450 1057 1476 1080 et
1492 1051 1710 1079 distributionem

915 1096 1070 1124 discretam.

952 1142 995 1168 19.
1013 1142 1039 1168 ln
1051 1149 1105 1176 quo
1117 1141 1198 1168 etiam
1215 1141 1382 1176 hospitalitas
1398 1143 1433 1169 ita
1448 1142 1499 1170 erit
1520 1142 1663 1177 praecipua,
1681 1146 1714 1171 ut

915 1198 1008 1218 omnes
1025 1197 1083 1217 cum
1104 1190 1186 1225 424
1206 1190 1371 1225 benignitate
1385 1195 1412 1216 et
1427 1190 1556 1216 charitate
1571 1189 1709 1223 suscipiat.

915 1236 943 1265 Si
958 1237 1028 1263 euim
1042 1244 1134 1263 ornnes
1151 1237 1241 1263 litleles
1257 1237 1319 1263 illud
1335 1236 1517 1270 evangelicum
1531 1235 1624 1262 audire
1636 1234 1710 1262 desi-

913 1283 1030 1310 derant:
1051 1282 1149 1318 Hospes
1164 1283 1212 1317 rui,
1233 1286 1256 1308 et
1277 1282 1421 1317 suscepistis
1441 1289 1481 1308 me
1503 1280 1611 1315 (ΜαιιΙι.
1627 1282 1708 1316 xxv);

913 1333 1012 1362 quanto
1029 1329 1112 1362 magis
1137 1327 1289 1361 episcopus,
1306 1325 1384 1359 cujus
1406 1325 1581 1352 diversorium
1597 1332 1710 1353 cuncto-

914 1379 972 1398 rum
988 1372 1068 1399 dehet
1089 1379 1151 1398 esse
1175 1370 1391 1405 receptaculum?
1415 1370 1511 1397 Laicus
1534 1371 1604 1397 euim
1629 1378 1709 1398 unum

913 1424 958 1445 aut
972 1418 1041 1446 duos
1056 1417 1208 1452 suscipiens
1235 1417 1356 1451 implevit
1373 1417 1561 1451 hospitalitatis
1581 1415 1711 1450 osticium,

913 1465 1068 1499 episcopus,
1082 1464 1133 1491 nisi
1158 1471 1252 1491 omnes
1275 1464 1416 1497 receperit,
1434 1463 1594 1490 inhumanus
1615 1467 1665 1490 est.
1683 1463 1711 1490 ln

915 1510 1029 1543 negotiis
1051 1516 1139 1536 autem
1155 1509 1327 1536 saecularibus
1351 1508 1509 1536 dirimendis
1528 1514 1632 1542 oportet
1650 1517 1712 1536 eum

71 1562 174 1589 vivendi
197 1560 276 1596 [423
293 1559 419 1594 praebeat,
436 1564 599 1592 cunctosque
622 1557 654 1584 ad
677 1557 776 1584 honum
796 1563 863 1590 opus
878 1551 901 1582 C
915 1562 1023 1582 causum
1050 1555 1145 1582 merito
1162 1555 1328 1585 discernere.
1352 1561 1404 1581 nou
1423 1555 1518 1588 gratia,
1533 1562 1619 1588 neque
1640 1555 1711 1581 euim

71 1607 192 1634 doctriua
208 1613 234 1633 et
249 1612 330 1640 opere
345 1609 481 1639 provocet.
496 1604 544 1632 Cui
560 1605 640 1631 etiam
660 1604 772 1631 scientia
788 1604 861 1631 Scri-

73 1659 208 1689 pturarum
233 1652 383 1679 necessaria
406 1656 468 1683 est,
489 1652 549 1685 quia
575 1651 596 1679 si
621 1650 737 1685 episcopi
761 1655 863 1678 tantum

73 1704 163 1728 sancta
178 1698 214 1726 sit
229 1698 291 1730 vita,
308 1697 359 1724 sihi
374 1697 424 1725 soti
450 1703 537 1732 potest
558 1697 684 1732 prodesse
702 1698 739 1724 sic
759 1696 862 1724 vivens.

72 1745 156 1774 Porro
168 1745 191 1771 si
210 1749 237 1771 et
251 1743 370 1771 doctrina
385 1749 412 1771 et
431 1751 557 1771 sermone
576 1743 656 1771 fuerit
670 1743 801 1776 eruditus,
819 1751 865 1777 po-

73 1795 124 1819 test
146 1795 257 1818 caeteros
281 1797 401 1824 quosque
428 1789 585 1823 instituere,
612 1794 639 1817 et
662 1789 761 1816 docere
789 1797 863 1823 suos,

74 1842 100 1863 et
125 1834 294 1862 adversarios
318 1839 498 1868 repercutere,
513 1835 557 1869 qui
579 1835 605 1861 ui
630 1835 737 1862 refutati
755 1836 863 1867 luerint,

74 1885 153 1915 atque
167 1879 294 1915 convicti,
311 1879 390 1907 facile
404 1885 504 1914 queunt
527 1879 688 1915 simplicium
705 1881 784 1907 corda
807 1887 867 1915 per-

74 1931 188 1954 vertere.

111 1972 142 1999 Π
170 1970 253 2006 liujus
267 1974 356 1999 autem
369 1978 457 1998 sermo
471 1970 551 1998 debet
562 1978 622 1999 esse
636 1979 728 2007 purus,
742 1973 866 2008 simplex,

76 2022 195 2051 apertus,
212 2018 306 2051 plenus
320 2015 460 2051 gravitate,
476 2021 504 2044 et
529 2016 677 2051 honestate,
694 2019 786 2052 plenus
806 2025 869 2045 sua-

75 2065 167 2096 vitate,
182 2067 209 2089 et
226 2062 321 2097 gratia.
338 2067 453 2090 tractans
468 2062 502 2090 de
526 2064 653 2098 mysterio
670 2064 744 2098 legis,
759 2064 793 2090 de
805 2064 869 2091 doc-

78 2109 146 2136 triua
172 2101 245 2140 lidei,
268 2108 302 2135 de
322 2109 420 2135 virtute
447 2109 639 2141 continentiae,
669 2109 703 2135 de
730 2108 869 2142 disciplina

75 2155 195 2190 justitia»,
210 2161 428 2189 unmnquemque
451 2154 598 2181 admonens
617 2154 723 2181 diversa
742 2154 870 2181 exhorta-

78 2200 149 2227 tione
161 2199 236 2234 juxta
251 2199 425 2233 professionis
440 2207 597 2234 morumque
611 2200 777 2234 qualitatem.
792 2200 870 2227 scili-

77 2251 120 2274 cet
141 2251 169 2273 ut
192 2250 354 2280 praenoscat,
368 2246 441 2281 quid,
458 2246 512 2279 cui,
533 2247 651 2281 quando,
666 2246 709 2274 vel
733 2246 868 2281 quomodo

78 2292 203 2326 proterat.
227 2290 310 2326 Cujus
333 2299 387 2326 prae
413 2291 518 2319 caeteris
541 2291 660 2326 speciale
684 2291 802 2319 osticium
828 2297 870 2320 est

79 2337 230 2372 Scripturas
256 2337 365 2373 legere,
395 2345 552 2372 percurrere
583 2345 720 2371 canoneS,
746 2339 867 2373 exempla

79 2387 231 2410 sanctorum
245 2382 353 2417 imitari,
369 2383 478 2419 vigiliis,
498 2384 617 2419 iejuniis,
641 2384 807 2412 orationibus
828 2384 870 2413 in-

82 2465 155 2488 creat
179 2467 234 2488 non
254 2464 358 2488 tautum
381 2468 495 2491 mortem
518 2463 696 2496 spiritualem,
721 2463 768 2491 sed
789 2463 870 2491 etiarn

82 2501 197 2523 mortem
221 2497 385 2523 centonio-m.
410 2497 475 2524 Nam
493 2497 563 2526 inter
587 2499 797 2533 irregularitates
812 2506 870 2534 quae

82 2530 226 2558 obstabant
237 2537 272 2557 ne
282 2531 342 2564 quis
356 2537 566 2564 promoveretur,
579 2534 770 2560 recensebatur
781 2538 872 2561 exant-

83 2565 136 2592 lata
157 2565 322 2600 poenitenua.
338 2564 405 2593 Vide
427 2565 574 2599 Petaviutu.
595 2567 641 2596 hb.
667 2576 685 2595 n
702 2568 740 2595 ne
765 2569 870 2603 poenit„

83 2606 143 2633 cap.
159 2599 202 2631 tt.
215 2606 243 2626 n.
261 2599 305 2632 ¹5,
318 2603 345 2626 et
358 2599 404 2626 lib.
417 2607 456 2632 vt.
469 2608 528 2635 cap.
543 2601 571 2635 6,
585 2610 612 2630 n.
627 2602 655 2630 5.
667 2605 753 2630 Αιιεν.

123 2633 165 2662 15.
182 2634 346 2667 Quapropter
357 2635 418 2667 qttt'a
430 2635 471 2662 tote
489 2643 572 2671 pecc..
587 2644 671 2671 usque
683 2638 718 2664 ad
737 2645 871 2673 occupare,

83 2669 165 2697 vet-ha
178 2673 241 2696 sunt
255 2669 406 2703 Hieronymi
421 2669 474 2696 inid
501 2670 596 2698 Gntet..

121 2704 165 2732 we
178 2703 248 2731 Nem
258 2711 315 2730 cunt
327 2711 378 2739 qtto
389 2703 483 2738 from,
495 2711 579 2740 usque
589 2705 623 2732 ad
637 2710 706 2734 reeta
717 2711 786 2740 sunt,
798 2707 872 2743 eius-

73 2737 147 2769 dem
161 2744 233 2767 sunt.
248 2738 344 2766 cutis.

121 2773 192 2802 tm.
206 2773 254 2802 Cui
264 2778 340 2801 ettam
349 2773 454 2801 scientia
465 2773 575 2809 script..
587 2782 671 2811 usque
679 2775 713 2804 ad
723 2783 872 2812 pervertere,

43 2787 53 2803 ⁷
80 2808 185 2845 ansa..
199 2809 265 2837 tntu.
280 2807 376 2837 oms.

119 2842 191 2872 md.
215 2842 313 2873 Excusi
334 2843 437 2880 antiqpi
459 2845 605 2880 revincere.
630 2853 679 2882 pro
703 2852 873 2883 repmnme.

917 1600 956 1628 sic
969 1601 1050 1627 debet
1063 1601 1204 1634 episcopus
1219 1600 1356 1634 suscipere
1371 1603 1518 1633 potentem,
1530 1604 1559 1626 ut
1574 1600 1713 1626 contristet

920 1651 1014 1674 contra
1028 1646 1160 1681 justitiam
1176 1653 1331 1680 pauperem,
1346 1654 1432 1680 neque
1448 1654 1496 1680 pro
1512 1652 1628 1680 paupere
1641 1647 1713 1673 aule—

916 1698 957 1720 rat
969 1692 1101 1728 justitiam
1117 1700 1132 1718 a
1147 1696 1266 1727 potente.

953 1739 997 1767 20.
1021 1739 1077 1767 Non
1101 1739 1226 1766 defendat
1241 1739 1402 1772 improbum,
1420 1746 1470 1766 nec
1492 1743 1585 1766 sancta
1602 1738 1712 1773 indigno

916 1784 1107 1812 committenda
1135 1784 1290 1815 arbitretur,
1316 1791 1403 1818 neque
1428 1788 1531 1818 arguat.
1556 1788 1602 1810 aut
1624 1785 1715 1818 impu-

917 1836 988 1865 gnet,
1001 1829 1076 1864 cujus
1089 1830 1190 1856 crimen
1205 1837 1257 1855 non
1273 1829 1454 1863 reprehendit.
1476 1829 1531 1856 Erit
1551 1837 1657 1864 quoque
1677 1828 1715 1856 illi

917 1876 997 1903 etiam
1019 1877 1094 1910 juxta
1118 1875 1278 1909 Apostolum
1306 1876 1493 1907 mansuetudo,
1517 1876 1651 1910 patientia,
1672 1883 1716 1903 so-

918 1920 1030 1952 brietas,
1056 1921 1216 1952 moderatio,
1238 1919 1416 1952 abstinentia,
1438 1920 1495 1947 sive
1521 1920 1661 1954 pudicitia,
1686 1924 1717 1947 ut

919 1974 971 1994 non
983 1967 1070 1994 sotum
1084 1967 1119 1994 ab
1130 1974 1212 2001 opere
1225 1966 1365 1994 immundo
1378 1974 1408 1994 se
1420 1966 1565 1999 abstineat,
1576 1967 1621 1993 sed
1633 1966 1715 1993 etiam

920 2021 934 2040 a
947 2014 1024 2048 jactu
1039 2015 1121 2048 oculi,
1137 2019 1166 2042 et
1179 2014 1348 2049 cogitationis
1360 2022 1461 2048 errore,
1477 2015 1513 2041 ita
1535 2020 1563 2041 ut
1576 2015 1639 2041 dum
1655 2014 1718 2043 nul-

920 2060 974 2087 lum
987 2061 1081 2087 vitium
1105 2060 1131 2087 iu
1147 2068 1177 2088 se
1200 2068 1313 2095 regnare
1329 2061 1467 2095 permittit,
1484 2061 1628 2095 impetrare
1647 2060 1717 2095 apud

921 2107 1004 2134 Deum
1029 2107 1136 2134 veniam
1163 2115 1210 2141 pro
1235 2106 1403 2134 subditorum
1430 2107 1592 2134 tactum-ibus
1618 2107 1716 2134 valeat.

921 2153 970 2186 Qui
992 2153 1063 2180 enlm
1086 2153 1135 2179 ista
1149 2154 1302 2186 sectaverit,
1319 2158 1346 2180 et
1371 2153 1417 2180 Dei
1434 2154 1554 2180 minister
1569 2153 1639 2180 utilis
1654 2152 1715 2186 erit,

922 2204 948 2226 et
962 2198 1110 2235 perfectum
1124 2200 1303 2227 sacerdotium
1319 2199 1533 2235 repraesentabit.

1234 2245 1347 2273 CAPUT
1363 2245 1407 2273 vt.

1189 2291 1228 2318 De
1250 2291 1448 2327 chorepiscopis.

958 2336 984 2362 t.
1000 2335 1202 2371 chorepiscopi,
1215 2337 1241 2363 id
1252 2342 1303 2370 est,
1320 2338 1411 2365 vicarii
1427 2337 1626 2371 episcoporum,
1641 2334 1718 2370 iusta

921 2382 991 2418 quod
1011 2390 1127 2410 canones
1148 2383 1198 2419 ipsi
1212 2387 1356 2418 testantur,
1380 2384 1494 2412 instituti
1508 2384 1614 2411 suntad
1628 2391 1718 2413 exem-

910 2463 1010 2526 -snfiv'-
1035 2496 1144 2524 Veteres
1166 2496 1304 2525 Editiones
1316 2516 1324 2530 ,
1350 2497 1469 2531 indagari
1480 2516 1490 2531 ,
1516 2504 1566 2533 pro
1590 2498 1718 2534 judicari.

924 2534 1008 2595 Antzssv..
1020 2566 1053 2594 In
1073 2568 1170 2594 cunctis
1184 2567 1299 2595 exhibere
1312 2575 1410 2599 curam,
1425 2573 1479 2596 etc.
1495 2568 1557 2600 Atii.
1574 2569 1600 2594 in
1621 2571 1719 2597 cunetis

925 2603 1015 2630 habere
1028 2610 1128 2635 curaui,
1141 2608 1166 2630 ct
1177 2603 1364 2638 providentiam
1379 2603 1558 2630 distributione
1570 2604 1716 2632 discretam.

925 2641 1011 2700 ΑἺΞΪ..
1020 2672 1053 2699 ln
1067 2681 1117 2707 qno
1131 2675 1206 2700 etiam
1220 2673 1383 2709 hospitalitas
1396 2680 1480 2709 usque
1498 2674 1532 2702 ad
1552 2674 1718 2710 initantum,

925 2708 1092 2741 tlterouym..
1108 2709 1171 2735 ibid.
1183 2707 1280 2738 Gaui..

959 2744 1004 2769 2⁰.
1023 2743 1079 2770 Erit
1099 2751 1200 2778 quoque
1213 2743 1264 2776 itti,
1285 2744 1365 2779 justa
1377 2745 1495 2778 Ανροειοι.
1511 2745 1576 2774 ibid.
1591 2750 1620 2774 et
1633 2752 1642 2773 t
1653 2753 1718 2774 con-

925 2782 966 2806 tre
977 2778 1110 2806 savinian.
1126 2779 1221 2805 Gaui„

963 2812 1028 2840 Cn.
1053 2819 1088 2840 vt.
1105 2813 1136 2840 Ν.
1152 2814 1179 2842 ¹.
1199 2814 1265 2848 Qum
1278 2814 1312 2842 de
1324 2815 1476 2851 eliorepise.
1490 2815 1567 2851 dicit,
1581 2823 1598 2845 e
1618 2814 1714 2844 concil.

927 2848 1056 2882 antioch„
1067 2855 1127 2883 cap.
1143 2849 1186 2883 10,
1200 2855 1306 2886 sumptu
1315 2850 1402 2880 videri
1414 2855 1535 2887 possunt.
1550 2851 1608 2882 viu.
1618 2850 1720 2886 Leon..
