1832 3016
60 99 126 132 1061

63 205 134 233 sicut
155 213 307 242 personam,
331 208 371 236 sie
392 211 420 235 et
431 210 553 235 naturam
566 213 744 243 asserentem
770 209 852 240 nti-m

61 249 134 285 Filii,
160 253 239 282 aliam
266 253 380 288 denique
402 252 519 288 Spiritus
543 253 640 287 saneti.
668 259 698 283 ut
717 255 772 290 jam
798 264 852 285 non

57 295 215 332 (secundum
229 302 328 327 sancite
339 296 485 333 Scripturae
497 298 679 335 traditionem)
695 308 765 329 unus
780 301 852 330 Deus

56 345 84 369 et
98 342 226 373 Dominus
238 344 382 378 coleretur,
391 343 452 378 sed.
461 345 536 379 iuxta
551 344 711 376 idololatr-ia¹
722 347 852 382 supersti-

56 388 169 424 tionem,
184 395 238 418 tres
249 389 288 418 dii
298 394 501 419 venerarentur.
516 391 599 426 Cuius
609 391 785 427 blasphemiae
798 401 852 422 mn·

56 432 111 462 lum
127 443 174 470 per
193 435 330 463 decessum
347 440 508 472 temporum,
525 445 671 474 regumque
684 446 847 473 successum,

54 480 132 508 annis
146 487 224 508 ccxnt
241 483 395 510 tenuerunt.
405 482 456 519 Qui
472 483 578 511 tandem
590 485 792 514 reminiscentes
803 494 850 514 sa·

54 525 188 559 intissam,
199 527 419 556 renuntiaverunt
433 529 534 557 inolitae
547 530 676 565 periidiae,
684 537 709 559 et
718 540 766 567 per
772 532 850 560 Chri-

52 570 85 600 ttti
98 572 212 607 gratiam
233 573 266 600 ad
283 573 411 602 unitatem
427 573 490 603 sidet
506 576 644 606 catholicae
657 583 846 613 pervenerunt.

87 617 113 644 9.
134 617 200 646 AEra
217 627 306 652 coxvr.
329 628 400 648 anno
419 629 465 649 xtv
487 622 593 658 imperii
610 623 737 659 Valentis,
754 625 846 661 Gothi,

51 663 94 700 qui
109 665 223 700 primum
238 666 406 695 Christianos
419 677 435 696 a
451 674 521 697 terra
536 677 584 698 sua
600 672 771 707 expulerant,
788 682 847 702 rur-

5 734 6 738 ,
42 713 97 738 mus
110 710 160 746 ipsi
180 711 214 739 ah
228 712 330 741 llunnis
341 722 405 747 *cum
420 723 482 752 rege
497 724 546 744 suo
558 718 722 748 Athanarieo
742 721 847 756 expulsi

42 759 129 790 {sunu
146 758 312 795 transitoque
326 759 457 796 Danubio,
479 770 541 791 eum
554 764 608 792 vim
623 764 695 794 terre
715 774 768 795 non
785 775 847 802 pos-

42 807 109 831 ·sent
123 803 245 833 Valentis
267 806 453 841 imperatoris,
468 816 528 837 sese
546 818 599 838 non
615 811 746 846 depositis
762 814 845 841 armis

0 896 4 902 '
40 893 101 923 fiseo
127 895 171 923 ubi
200 895 321 925 viderunt
348 905 378 926 se
404 900 518 935 opprimi
545 909 560 930 a
591 902 720 932 Romanis
747 909 841 933 contra

40 943 271 973 «consuetudinem
296 946 410 981 propriae
429 948 574 984 libertatis,
600 950 633 978 ad
662 951 844 981 rebellandum

39 990 133 1018 eeoacti
157 995 230 1020 sunt.
251 991 393 1020 Thraciam
422 993 494 1022 ferro
526 996 710 1033 incendiisque
725 999 844 1034 depopu-

40 1034 149 1070 Uantur,
171 1036 311 1074 deletoque
332 1039 515 1069 Romanorum
539 1045 670 1078 exercitu,
685 1045 771 1080 ipsum
788 1046 845 1074 Va-

41 1082 146 1110 nentem
165 1082 256 1118 jaculo
272 1084 453 1120 vulneratum,
475 1088 502 1115 in
521 1089 636 1124 quadam
656 1091 719 1118 villa
742 1091 845 1127 fugien-

40 1130 112 1161 ttem,
128 1128 335 1164 succenderunt,
348 1138 377 1158 ui.
390 1132 487 1160 merito
502 1133 560 1169 ipse
575 1135 608 1162 ab
620 1136 659 1164 ets
675 1137 752 1172 112
769 1138 844 1165 vivus

41 1173 191 1208 ttemporali
215 1181 381 1204 cremaretur
402 1178 548 1214 incendio,
572 1180 617 1215 qui
641 1185 693 1208 tam
718 1182 844 1218 pulchras

42 1219 153 1248 :animas
170 1221 278 1257 ignibus
302 1225 410 1252 :eternis
433 1226 589 1254 tradiderat.

81 1267 124 1295 ¹0.
141 1267 303 1298 invenerunt
318 1275 407 1299 autem
427 1279 459 1300 co
471 1273 564 1308 praelio
575 1273 654 1302 Gothi
672 1276 843 1305 consessores

39 1312 149 1353 rariores
160 1313 273 1350 Gothos,
285 1323 351 1353 quos
367 1316 466 1346 dudum
477 1323 588 1355 propter
598 1314 676 1349 fidem
689 1329 702 1349 a
715 1326 785 1351 terra
794 1330 842 1352 sua

39 1362 213 1397 exputerani,
225 1369 252 1392 ct
260 1365 401 1392 volucrunt
412 1373 459 1394 eos
470 1366 520 1394 sibi
532 1367 565 1394 ad
576 1368 674 1402 praedae
685 1370 842 1398 societatem

38 1408 217 1444 «conjungere.
234 1408 295 1443 Qui,
306 1417 366 1438 cum
379 1418 431 1438 non
442 1412 649 1446 acquievissent,
659 1415 786 1449 aliquanti
803 1416 842 1443 in-

39 1451 148 1482 uerseeti
163 1459 236 1483 sunt.
252 1454 303 1482 Atii
313 1476 320 1489 ‚
334 1462 474 1484 montuosa
487 1458 545 1486 loca
557 1463 687 1493 tenentes,
703 1464 730 1487 ct
742 1459 840 1495 refugia

38 1498 95 1527 sihi
110 1499 304 1537 qualiacunque
319 1508 519 1538 construentes,
542 1513 596 1533 non
612 1506 698 1534 solum
715 1515 840 1543 perseve-

40 1592 88 1620 =dia
103 1591 296 1629 Romanorum,
322 1602 336 1622 a
357 1595 452 1630 quibus
467 1596 567 1625 dudum
594 1598 699 1634 excepti
722 1598 839 1635 fueraut,

37 1646 259 1676 ipermanserunt.

80 1686 124 1714 il.
145 1686 212 1715 AEra
234 1696 323 1722 cnxtx,
339 1696 409 1717 anno
431 1690 537 1725 imperii
557 1691 701 1720 Theodosii
728 1692 841 1728 llispani

39 1739 85 1766 unt,
115 1733 295 1762 Athanaricus
317 1743 376 1763 cum
403 1735 556 1764 Theodosio
575 1737 619 1773 jus
642 1738 841 1774 amicitiamque

1 1809 4 1816 ,
42 1775 203 1815 disponens,
234 1788 297 1808 mox
322 1780 582 1818 Constantinopolim
614 1785 720 1819 pergit,
750 1785 840 1820 ibique

58 1925 108 1954 ege
132 1918 271 1953 deiuncto,
295 1921 457 1956 aspicientes
483 1923 675 1959 benignitatem
697 1925 840 1954 Theodosii

44 1966 225 2000 imperatoris,
243 1965 309 1994 inito
330 1968 440 2002 ioedere,
458 1969 580 1998 Romano
601 1978 631 1999 se
646 1971 760 2007 imperio
785 1978 840 2001 tra-

61 2007 168 2038 iderunt
189 2016 216 2039 et
231 2011 339 2040 suerunt
363 2022 423 2041 cum
439 2014 566 2044 [iomanis
580 2025 663 2046 xxvttt
679 2019 767 2047 annis.

79 2055 123 2083 ¹2.
144 2056 210 2084 AEra
229 2065 313 2092 cuxx,
329 2066 399 2087 anno
418 2060 524 2096 imperii
537 2061 680 2091 Theodosii
693 2072 730 2099 tv,
747 2063 839 2099 Gothi,

51 2103 219 2131 iatrociuium
241 2103 357 2133 Romani
373 2106 482 2135 loederis
510 2114 678 2143 recusantes,
701 2111 839 2140 Alaricum

44 2155 132 2185 regem
141 2148 193 2176 sibi
203 2150 380 2186 constituunt,
395 2152 531 2188 indignum
544 2154 696 2190 judicantes
710 2157 838 2188 Romanae

45 2262 149 2301 ‘'eorgii
160 2265 291 2294 Friderici
306 2267 426 2303 lleupelii
437 2269 653 2300 dissertationem
666 2273 699 2301 de
711 2274 831 2309 Ulphila,

103 2301 226 2329 versione
242 2308 357 2336 quatuor
369 2306 593 2339 evangelistarum
608 2308 733 2337 Gothica.
747 2311 833 2338 Anev.

55 2367 63 2374 θ
78 2330 106 2362 9.
125 2334 155 2362 ln
169 2336 290 2366 Editione
310 2338 414 2380 Griahi,
430 2341 568 2375 mendose,
585 2350 672 2371 annus
683 2344 719 2371 45
735 2345 831 2375 Valen-

63 2371 781 2449 aa·⁰.:5209222‘2‘552‘222‘3amaenitatis'.·„2
795 2389 835 2446 ig:

44 2441 132 2467 ctione
150 2437 353 2485 Πιηυιὶεῑ-ιιιιοᾱι
365 2445 448 2479 inagis
460 2454 605 2476 commune
619 2455 671 2478 est.
697 2452 748 2479 Pro
763 2453 834 2480 dete-

55 2479 130 2509 cque.
145 2475 216 2511 quod
235 2476 279 2505 ain
294 2478 431 2512 extiment,
445 2481 472 2510 iu
483 2482 607 2511 Editione
620 2485 714 2514 Grialii
728 2492 771 2515 est
785 2489 832 2515 de-

56 2513 169 2545 ectoqu.
193 2509 317 2541 Peresius
332 2514 445 2544 torum
458 2517 565 2546 volebat
588 2519 756 2557 trajectoque.
780 2523 834 2552 Pro

135 2543 239 2580 derum,
261 2551 315 2578 etc.
333 2548 552 2587 attimacum,
566 2559 597 2582 tu
617 2557 709 2585 mrito
723 2558 780 2595 ipae
800 2559 833 2586 ab

67 2585 81 2606 ι
90 2578 186 2607 νίκη.
199 2585 286 2611 antv-

98 2614 125 2642 θ.
141 2614 205 2644 Alii·
216 2615 284 2648 Vido
301 2613 469 2661 flutropium·

115 2667 125 2677 .
138 2647 156 2678 1
192 2685 199 2692 ι
251 2659 264 2681 .·
274 2653 313 2684 ai.
324 2659 449 2690 martur,
459 2657 546 2687 Am.

102 2702 163 2754 snt
177 2689 270 2762 933ἷο
279 2687 332 2754 ¹⁸:ss
345 2724 427 2756 oti-ut
442 2692 774 2766 ,ιἰυιὲῗτρῗῃροῃτνίίῗ
785 2706 835 2770 :3

101 2755 163 2792 mia
177 2760 214 2785 na
227 2744 325 2789 meiiu-
341 2760 406 2791 ιω
418 2766 482 2790 nm
498 2768 564 2792 enm
584 2766 663 2795 nm
687 2767 836 2806 impuno·

107 2791 726 2900 ,ffldbfflfflmflbn
739 2805 834 2836 “den

304 2829 578 2863 mbo-d

580 105 741 136 msronta
759 105 806 136 DE
824 106 973 140 necteus
992 109 1192 142 cornotmtt.

57 163 87 189 et
97 159 236 188 amborum
251 160 380 196 obsequio
389 160 535 189 subditum.
551 159 638 189 Atium
649 162 850 198 quoquel’atric
862 165 887 195 A
901 165 1006 200 pridem
1029 167 1102 204 leges
1122 169 1318 206 imperiumque
1337 175 1504 206 respuerant,
1526 175 1554 201 et
1577 172 1612 202 de
1629 180 1698 210 quo-

41 848 169 882 ttratlunt,
192 854 219 878 et
245 850 387 880 Thraciam
409 852 442 880 ad
468 854 672 884 inhabitandum
696 857 841 892 accipiunt.
858 851 883 880 Β

38 1551 172 1574 rraverunt.
195 1547 341 1576 Christiani
364 1550 500 1585 catholici,
524 1551 571 1579 sed
594 1552 674 1579 etiam
691 1553 717 1580 in
732 1539 875 1582 concor-c

1629 116 1701 146 ¹⁰⁰2

902 219 962 240 rum
989 220 1021 243 se
1044 215 1174 243 societate
1194 216 1287 250 pradia
1311 217 1506 252 triumphantes
1533 222 1698 248 averterant.

941 268 986 297 13.
1007 269 1072 298 AEra
1092 279 1229 306 cmxxvii,
1254 280 1325 301 anno
1346 269 1451 309 imperii
1472 274 1583 304 ttonortt
1600 281 1627 304 et
1647 276 1700 305 Ar·-

905 316 974 344 cadii
988 319 1100 354 quinto,
1123 319 1215 354 Gothi,
1232 321 1258 348 in
1277 321 1384 350 Alarico
1399 326 1426 350 ct
1439 322 1590 359 Radagaiso
1609 323 1698 359 divisi,

901 361 964 389 dum
979 364 1155 399 semetispsos
1167 366 1193 393 in
1209 366 1312 394 duabus
1325 366 1400 402 regni
1414 367 1534 402 partibus
1549 368 1631 397 variis
1645 377 1698 398 cae-

900 406 978 434 dibus
992 406 1152 442 lacerarent,
1168 411 1202 437 ob
1222 411 1359 440 excidium
1383 411 1566 441 Romanorum
1584 421 1698 443 eoncor-

899 452 947 480 des
959 453 1059 487 ellecti,
1075 455 1218 483 consilium
1235 457 1262 484 in
1287 465 1431 487 commune
1453 460 1634 492 constituunt,
1650 469 1698 496 pa-

899 498 975 533 rique
991 499 1142 527 intentione
1153 501 1186 528 ad
1202 503 1361 536 praedandas
1381 511 1556 540 quascunque
1572 506 1697 541 reglones

901 544 981 572 italia!
996 545 1030 572 ab
1043 545 1158 574 invicem
1177 547 1341 576 dividuntur.

936 600 979 629 t-t.
1001 602 1067 630 AEra
1079 611 1188 638 cnxutt,
1208 612 1280 633 anno
1299 602 1410 634 lionorit
1424 611 1451 635 ct
1470 607 1577 636 Arcadii
1595 605 1634 643 x't,
1647 608 1697 637 ‘rex

899 647 1048 676 Gothorum
1062 649 1237 686 Radagaisus,
1249 660 1348 688 genere
1363 653 1472 690 Scytha,
1485 655 1566 682 cultui
1583 655 1697 684 idolola-

901 694 960 722 tria:
977 695 1097 730 deditus,
1119 697 1268 725 barbarica:
1293 699 1467 728 immanitatis
1483 700 1591 729 feritate
1604 702 1698 730 saevis-

899 740 994 774 simus,
1008 748 1068 768 curn
1086 741 1209 771 ducentis
1223 748 1387 772 armatorum
1409 746 1528 774 millibus
1542 747 1625 775 italiae
1636 755 1698 783 par-

898 789 939 814 tes
964 788 1118 816 vehementi
1140 791 1291 819 vastatione
1320 793 1484 828 aggreditur,
1510 794 1645 829 spondeus
1669 795 1696 822 in

898 839 1079 870 contemptum
1089 836 1186 866 Christi
1201 839 1278 874 113
1285 838 1463 868 Romanorum
1478 842 1634 876 sanguinem
1645 841 1697 870 diis

898 881 952 909 suis
967 882 1062 916 libare,
1079 883 1101 910 si
1118 883 1250 912 vinceret.
1265 884 1349 920 Cujus
1368 886 1511 921 exercitus,
1527 894 1542 914 a
1564 886 1696 915 Stilicone

898 928 967 956 duee
991 929 1113 958 Romano
1134 930 1160 958 in
1177 932 1326 960 montuosis
1352 932 1474 960 Thuscia:
1491 933 1557 960 locis
1581 933 1696 964 circum-

899 974 1001 1009 clusus,
1019 975 1088 1003 same
1101 981 1140 1004 est
1153 976 1240 1011 potius
1256 986 1335 1012 quam
1352 978 1423 1006 ferro
1438 983 1623 1014 consumptus.
1636 978 1696 1014 lpse

897 1025 1063 1055 postremum
1079 1030 1125 1050 rcx
1142 1027 1237 1058 captus
1250 1028 1276 1052 et
1291 1024 1447 1053 interfectus
1462 1030 1514 1053 est.

934 1080 978 1107 15.
1000 1080 1064 1108 AEra
1086 1089 1206 1115 cumn,
1229 1090 1299 1110 anno
1324 1083 1430 1118 imperii
1455 1083 1563 1111 Arcadii
1584 1091 1630 1117 xv,
1646 1091 1695 1111 ex-

896 1125 994 1154 stincto
1019 1126 1181 1163 Radagaiso,
1204 1127 1327 1156 Alaricus
1352 1136 1463 1156 consors
1485 1130 1571 1165 regni,
1585 1130 1695 1158 nomine

896 1173 1004 1208 quidem
1031 1174 1216 1208 Christianus,
1247 1174 1295 1202 sed
1333 1175 1499 1211 professione
1531 1177 1692 1212 haereticus,

896 1220 989 1247 dolens
1022 1225 1123 1248 tantam
1151 1221 1349 1249 multitudinem
1377 1223 1525 1250 Gothorum
1554 1230 1570 1249 a
1595 1223 1692 1252 Roma-

897 1265 940 1293 nis
962 1267 1134 1300 exstinctam,
1155 1269 1180 1294 in
1203 1268 1356 1299 vindictam,
1372 1270 1510 1305 sanguinis
1525 1277 1634 1298 suorum
1647 1271 1692 1299 ad-

895 1319 990 1340 versus
1015 1313 1128 1341 Romam
1155 1314 1275 1349 praelium
1302 1316 1395 1350 gessit,
1421 1317 1612 1352 obsessamque
1639 1317 1691 1345 im-

895 1367 968 1396 petn,
989 1362 1060 1397 igne,
1076 1363 1182 1397 gladiis,
1195 1363 1329 1398 irrumpit,
1341 1363 1433 1398 sicque
1448 1363 1517 1391 Urbs
1532 1368 1689 1391 cunctarum

893 1407 1012 1442 gentium
1029 1408 1140 1440 victrix,
1159 1407 1283 1436 Gothicis
1299 1408 1442 1441 triumphis
1457 1409 1525 1436 victa
1539 1409 1690 1443 succubuit,

893 1454 986 1488 eisque
1005 1459 1083 1489 capta
1098 1454 1294 1490 subjugataque
1308 1454 1430 1483 servivit.
1447 1454 1513 1482 Tam
1534 1459 1622 1483 autem
1638 1455 1691 1483 Go-

894 1502 931 1529 thi
947 1501 1096 1529 clementes
1124 1501 1160 1528 ibi
1180 1502 1351 1533 exstiterunt,
1378 1506 1408 1529 ut
1432 1506 1524 1529 votum
1542 1506 1619 1528 antea
1644 1501 1693 1528 da-

893 1552 962 1581 rent,
977 1548 1049 1583 quod
1071 1547 1094 1575 si
1117 1547 1324 1583 ingrederentur
1339 1548 1450 1581 Urbem,
1470 1549 1623 1584 quicunque
1638 1548 1691 1576 iio-

893 1602 1035 1622 manorum
1052 1594 1077 1621 in
1099 1594 1165 1622 locis
1192 1594 1293 1622 Christi
1318 1594 1496 1628 inveniretur,
1519 1595 1544 1621 in
1563 1595 1692 1622 vastatio-

891 1648 952 1668 nem
979 1640 1056 1668 Urbis
1075 1648 1128 1668 non
1148 1641 1312 1668 mitteretur.
1329 1641 1393 1668 Post
1417 1640 1467 1668 hoc
1492 1640 1573 1674 igitur
1586 1646 1687 1673 votum,

892 1687 1010 1722 aggressi
1026 1685 1136 1719 Urbem,
1163 1686 1288 1714 omnibus
1303 1690 1331 1715 et
1356 1694 1429 1714 mors
1452 1690 1478 1714 et
1493 1686 1634 1721 captivitas
1650 1686 1690 1713 in-

892 1734 964 1761 dulta
977 1738 1028 1766 est,
1042 1733 1087 1768 qui
1101 1733 1134 1760 ad
1151 1738 1305 1761 sanctornm
1320 1733 1411 1761 limina
1430 1733 1618 1768 confugerunt.
1635 1732 1689 1761 Sed

891 1784 919 1806 et
932 1779 976 1814 qui
989 1783 1065 1806 extra
1083 1778 1142 1806 loca
1155 1785 1303 1814 mai-tyrum
1325 1784 1413 1812 erant,
1435 1784 1462 1807 et
1476 1786 1573 1807 nomen
1589 1779 1688 1807 Christi

891 1828 918 1852 et
938 1830 1093 1853 sanctorum
1111 1825 1329 1859 nominaverunt,
1352 1829 1379 1854 et
1400 1825 1465 1861 ipsis
1485 1825 1566 1853 simili
1582 1825 1690 1853 miseri-

892 1871 983 1898 cordia
1010 1876 1197 1906 pepercerunt.

927 1931 972 1959 ¹6.
985 1931 1013 1958 ln
1025 1931 1135 1966 reliquis
1148 1933 1305 1964 autem,etsi
1316 1931 1404 1967 praeda
1416 1932 1532 1959 hostium
1544 1933 1639 1967 patuit,
1650 1932 1690 1961 se-

891 1977 978 2005 riendi
997 1982 1086 2005 tamen
1103 1978 1256 2004 immanitas
1272 1978 1406 2005 refrenata
1422 1982 1472 2005 est.
1489 1978 1689 2007 incursantibus

891 2028 979 2050 autem
989 2023 1015 2050 in
1030 2023 1075 2051 illa
1084 2023 1207 2051 vastitate
1222 2031 1268 2059 per
1280 2023 1378 2051 Urbem
1389 2024 1494 2057 Gothis,
1505 2025 1567 2052 dum
1580 2024 1688 2060 quidam

892 2074 988 2104 potens
1002 2069 1131 2104 virginem
1150 2075 1334 2097 consecratam
1347 2075 1426 2098 aetate
1440 2075 1595 2106 provectam
1611 2079 1688 2107 repe-

892 2116 984 2148 risset,
997 2115 1232 2149 caniquehoneste
1241 2115 1398 2143 admoneret
1414 2120 1453 2149 ut,
1467 2117 1488 2144 si
1504 2113 1566 2151 quid
1579 2121 1646 2152 apud
1658 2125 1688 2146 se

891 2161 952 2188 auri
963 2161 1119 2196 argentique
1127 2165 1210 2194 esset,
1219 2161 1363 2196 proferret:
1373 2162 1415 2189 itta
1429 2162 1500 2190 tideli
1510 2163 1684 2197 conscientia,

59 2199 103 2224 sse
128 2195 249 2224 subditos
266 2199 402 2234 potestati,
422 2207 524 2236 eosque
543 2204 637 2239 sequi,
651 2212 763 2240 quorum
776 2207 831 2242 iam
846 2225 874 2256 D
890 2205 961 2242 quod
975 2206 1067 2234 hahuit
1085 2206 1196 2241 protulit
1210 2215 1216 2240 ;
1231 2214 1346 2242 cumque
1365 2208 1409 2236 ille
1429 2216 1551 2236 vasorum
1573 2209 1686 2236 formam

926 2274 970 2302 tt.
992 2274 1042 2302 Pro
1057 2281 1127 2302 anno
1145 2274 1190 2307 tt,
1208 2275 1252 2302 aiii
1273 2275 1400 2304 exhibent
1422 2275 1465 2308 lt),
1480 2276 1517 2303 uti
1542 2283 1626 2308 nuper
1647 2276 1684 2303 di-

887 2314 978 2337 ctum.
992 2310 1116 2342 Grotius,
1142 2318 1199 2337 cum
1225 2311 1340 2338 ducentis
1368 2312 1473 2338 armatis
1503 2311 1684 2339 Sarmatarum

888 2345 1019 2377 millibus,-
1043 2351 1069 2372 at
1092 2345 1214 2373 Labbeus
1235 2354 1296 2373 cuin
1313 2346 1372 2373 Edi.
1392 2347 1484 2373 Griaiii
1505 2345 1578 2373 facit.
1596 2348 1682 2375 Anav-

923 2380 968 2408 15.
984 2380 1052 2407 AErn
1079 2389 1194 2408 convii.
1214 2378 1282 2408 Vide
1307 2381 1479 2415 Procopium,
1505 2380 1682 2417 Jornandem,

887 2416 1082 2447 Marcellinum.
1099 2417 1208 2448 Paulum
1226 2416 1384 2443 Diaconum.

922 2451 1031 2478 101d.tn
1048 2451 1172 2478 Editiune
1194 2451 1297 2483 Grialii,
1313 2459 1382 2478 anno
1405 2451 1507 2486 imperii
1520 2455 1544 2479 et
1565 2451 1682 2480 Arcadii.

887 2487 1012 2515 Fortasse
1028 2486 1121 2513 Editor
1132 2486 1226 2517 voluit,
1252 2493 1319 2512 αιιηο
1336 2485 1447 2512 Honor-ii
1462 2491 1486 2513 et
1510 2487 1626 2521 Arcadii,
1653 2492 1683 2522 ut

886 2522 932 2550 alii
944 2522 1053 2549 habent.
1070 2521 1167 2548 Verum
1183 2520 1323 2548 Florezius
1347 2521 1487 2557 legendum
1505 2522 1600 2555 probat
1613 2531 1685 2551 anno

885 2557 987 2594 imperii
1001 2556 1124 2591 Hortarii,
1139 2556 1229 2583 deleto
1243 2556 1350 2583 Arcadii
1377 2557 1486 2584 ninnine
1510 2562 1566 2584 tum
1590 2558 1616 2586 in
1630 2558 1681 2590 itae

885 2600 952 2626 aera,
967 2597 1023 2620 tum
1038 2592 1065 2619 in
1083 2591 1187 2619 duabus
1202 2591 1378 2626 scquentibus
1392 2590 1446 2619 448
1467 2597 1496 2620 et
1508 2591 1572 2625 454.
1599 2593 1683 2628 siqui·

885 2627 948 2656 dem
963 2627 1093 2655 Arcadius
1101 2627 1156 2662 jam
1167 2626 1282 2659 obierat,
1297 2631 1324 2654 et
1338 2626 1466 2656 tredecim
1480 2632 1582 2655 tantum
1596 2633 1684 2657 annot

885 2671 946 2691 curn
961 2662 1079 2690 lionorio
1090 2664 1260 2698 regnaverat,
1277 2665 1307 2690 ut
1319 2669 1352 2690 ex
1374 2661 1470 2691 Isidori
1491 2662 1630 2702 Chronico
1652 2671 1683 2695 a·

887 2703 934 2726 tet.
951 2698 1076 2731 Libri-rii,
1104 2701 1134 2725 nt
1158 2696 1272 2725 eredere
1305 2702 1335 2724 ar
1349 2702 1402 2732 est,
1417 2705 1450 2726 ex
1468 2700 1631 2732 praecedenti
1643 2704 1684 2729 »us

885 2735 948 2762 εει-13
962 2733 1070 2762 Arcadii
1084 2739 1182 2761 nomen
1198 2738 1260 2760 cum
1300 2733 1394 2762 onorio
1405 2733 1613 2769 conjunxerunt.
1627 2732 1682 2773 k't'q

885 2770 992 2806 impetu,
1004 2769 1074 2810 ique,
1085 2767 1190 2806 gladiis,
1199 2767 1321 2796 habeus
1335 2767 1424 2797 atinus
1433 2767 1502 2797 hene
1515 2768 1612 2806 impetet
1626 2777 1683 2809 ny·

884 2813 944 2842 qnae
951 2804 1046 2836 cluam
1054 2810 1105 2840 pro
1117 2802 1303 2838 Romanorum.
1311 2803 1358 2833 aiii
1367 2800 1586 2835 caristiam-m.

876 2838 1246 2908 ffflssssssfflsfffssv'f‘
1272 2834 1410 2881 ΝΜ
1426 2843 1503 2880 αντε
1515 2805 1681 2882 mm
