1832 3016
133 157 186 185 287

168 214 213 242 ὕῦ.
232 212 364 246 Properea
379 207 449 236 enim
465 206 575 240 figuram
592 204 662 232 servi
680 203 803 232 Salvator
825 206 917 229 noster
931 204 958 235 Α

132 265 160 290 ct
175 259 300 288 Dominus
322 254 418 286 induit,
435 257 461 280 et
474 259 523 287 pre
547 251 631 278 libero
655 255 681 277 et
700 256 779 276 servo
796 247 916 280 servivit,

134 312 161 335 ut
175 305 296 333 omnibus
316 299 488 328 credemibus
504 298 531 324 in
546 304 575 324 se
591 296 694 331 aequale
712 296 811 322 donum
828 294 918 322 bono-

130 357 188 378 rutn
203 346 349 376 coelestium
372 344 509 379 largiatur.
531 342 588 370 Nec
609 341 750 377 prael'ertur
760 341 829 376 apud
843 340 916 367 illum

130 396 173 430 qui
187 393 332 422 secundum
344 398 451 419 carnem
469 389 584 416 nobilior
605 389 650 415 sit.
669 388 828 423 Quicunque
844 388 915 415 enim

752 515 812 555 IN
850 513 1133 555 EXODUM.

357 629 438 665 359
460 629 656 658 PRAEFA'rto.

166 691 192 717 t.
212 688 337 723 Quaedam
354 687 480 722 mysteria
496 694 528 714 ex
541 676 614 714 iil›ro
629 688 751 720 Genesis,
773 693 800 715 ct
822 690 919 716 obscu-

130 737 202 764 riora
226 743 314 762 rerum
335 739 481 768 gestarum,
497 741 556 768 quae
573 726 727 769 allegoricis
741 740 802 762 sunt
815 736 920 762 obtecta

131 781 234 816 figuris,
251 789 284 808 ex
297 780 371 807 libris
386 780 516 814 majorum
534 780 651 808 brevitet·
664 787 776 816 excepta
788 783 920 817 perstriu-

130 834 227 853 ximus.

165 883 191 909 2.
213 882 345 909 Nonnulla
366 889 429 909 vero
453 883 590 916 sequentis
612 883 679 918 legis
699 884 786 919 typica
809 890 836 912 et
853 886 919 920 lign-

130 932 187 955 rata
212 928 338 963 mysteria
354 928 507 962 singillatim
523 937 554 955 ex
572 929 669 957 litteris
684 937 836 958 sanctornm
851 933 921 960 viro—

129 985 187 1004 rum
210 977 315 1003 sublata
338 976 532 1011 subjungimus,
560 984 642 1011 pauca
665 978 767 1006 scilicet
780 987 811 1006 ex
827 987 919 1007 eorum

129 1024 198 1059 stylo
211 1028 376 1059 promentes.

165 1079 192 1106 5.
214 1079 278 1106 Nam
305 1079 393 1106 oninia
416 1078 483 1114 legis
506 1079 566 1114 quis
586 1081 685 1114 poterit
708 1081 845 1117 indagare,
863 1091 921 1115 ‹tnae

130 1128 183 1151 tam
209 1126 339 1153 immensa
364 1130 436 1159 sunt,
460 1130 487 1152 ut
508 1133 556 1153 nec
577 1126 652 1160 juxta
678 1127 796 1155 historiae
820 1133 921 1156 textum

130 1170 261 1204 explicar'i
289 1171 367 1198 facile
388 1171 508 1205 possint?
528 1172 643 1199 Proinde
661 1177 761 1200 tantum
778 1175 861 1201 secuti
878 1183 922 1202 su·

133 1222 202 1248 mna,
222 1222 350 1250 quantum
374 1218 499 1252 contiguo
521 1219 596 1252 operi
618 1218 802 1246 sufficiendum
819 1221 923 1255 pulavi-

133 1267 202 1294 mns,
219 1269 251 1288 ne
268 1262 372 1290 libellus
384 1263 497 1290 excedat
508 1264 627 1297 modum,
645 1272 694 1292 nec
709 1266 792 1293 lector
805 1267 923 1294 incurrat

130 1307 278 1334 fastidium.

450 1354 562 1381 CAPUT
582 1355 603 1382 1.

344 1409 380 1437 De
394 1412 555 1445 septitayinla
571 1412 704 1438 animabus

171 1466 197 1494 1.
219 1466 309 1494 Primo
328 1468 446 1493 omnium
467 1469 631 1502 septuaginta
647 1468 741 1496 animae
764 1477 823 1497 cnm
843 1472 923 1499 Jacob

133 1513 295 1540 introierunt
320 1513 345 1539 in
369 1512 524 1547 AEgyptnm.
550 1514 721 1549 Septuaginta
746 1516 869 1551 discipnli
889 1519 920 1546 ad

132 1560 329 1594 praedicandum
351 1560 461 1587 verbum
478 1560 523 1587 Dei
540 1565 623 1588 totum
644 1563 786 1590 mittuntur
802 1564 827 1590 in
842 1572 921 1591 mun-
936 1556 958 1587 C

132 1606 206 1633 dunt.

166 1661 193 1688 2.
208 1661 291 1689 Aliter
307 1661 347 1687 hae
362 1661 529 1695 septuaginta
541 1661 647 1693 animae,
661 1669 721 1696 quae
735 1663 760 1689 in
777 1663 921 1699 AEgyptnm

131 1708 259 1742 ingressae
273 1712 344 1739 sunt,
362 1708 473 1742 mystice
489 1707 515 1734 in
532 1716 644 1735 numero
663 1710 830 1738 remissionis
852 1712 923 1738 acci-

131 1755 250 1788 piuntur.
278 1754 380 1781 scilicet
408 1759 435 1780 ut
459 1753 519 1780 huic
545 1754 626 1789 360
652 1755 766 1788 saeculo,
792 1757 861 1790 quod
877 1765 922 1791 per

131 1799 274 1835 AEgyptum
291 1799 465 1834 figurabatur,
483 1804 542 1833 post
558 1805 629 1827 tanta
645 1806 754 1835 peccata
769 1806 795 1829 et
810 1803 921 1830 sacrile-

133 1845 176 1880 gia
197 1845 341 1872 ‹lunaretur
356 1845 479 1872 remissio
497 1852 676 1879 peccatorum.
697 1846 829 1883 AEgyptus
851 1849 921 1877 enim
961 1845 963 1847 ’

132 1890 177 1917 hic
192 1891 308 1918 mundus
329 1899 388 1918 esse
404 1891 549 1926 liguraiiter
564 1892 654 1920 multis
668 1895 856 1928 prophetarunt
875 1904 921 1923 vo-

129 1935 206 1963 cibus
216 1937 388 1971 approbatur.

442 1981 554 2010 CAPUT
575 1982 606 2010 ΙΙ.

400 2038 438 2065 De
452 2043 532 2066 morte
544 2038 651 2074 loseph.

166 2089 203 2122 t.'
217 2095 321 2122 Mortuo
342 2094 453 2129 loseph,
477 2099 505 2123 et
532 2096 659 2123 tratribus
681 2096 757 2130 eim,
781 2101 923 2124 creverunt

131 2142 177 2169 mii
193 2141 285 2174 israel,
301 2146 330 2169 et
351 2143 518 2169 invaluerunt
535 2143 625 2170 nimis.
641 2143 686 2170 Sic
698 2148 725 2170 et
738 2148 831 2170 noster
844 2150 923 2170 verus

131 2187 240 2221 loseph,
267 2191 406 2221 postquam
431 2195 481 2222 pro
505 2188 629 2215 omuibus
655 2189 770 2222 gnstavit
797 2194 921 2222 mortem,

130 2241 178 2269 per
201 2240 280 2267 qnam
305 2232 438 2259 destruxit
462 2233 609 2265 diabolum,
637 2234 681 2266 qui
698 2234 812 2260 habebat
829 2234 922 2261 mortis

130 2280 284 2314 imperium,
306 2279 498 2312 multiplicatus
513 2285 555 2306 est
572 2280 690 2306 lidelium
716 2281 839 2314 populus.
865 2281 921 2308 Nisi

131 2325 213 2358 cnim,
237 2325 307 2352 sicut.
327 2325 385 2360 ipse
405 2325 453 2358 ait,
470 2325 614 2352 cecidisset
628 2332 740 2360 granum
754 2326 882 2352 frumenti
896 2326 922 2353 in

131 2375 242 2404 terram,
264 2365 291 2399 et
314 2374 450 2399 mortuum
467 2370 562 2398 luisset
577 2371 668 2407 (loun.
686 2371 746 2406 xit),
765 2378 818 2397 non
834 2370 923 2405 utiquc

131 2417 248 2444 fructum
272 2417 344 2446 hunc
363 2417 506 2453 plurimum
527 2418 608 2445 totius
622 2418 695 2445 orbis
709 2420 788 2445 terrm
803 2417 923 2445 Ecclesia

131 2464 274 2492 attulisset.

167 2534 293 2562 Pura-r.
311 2533 344 2561 N.
359 2533 387 2562 2.
404 2532 510 2569 Tym‘ca.
526 2533 565 2560 ita
579 2532 700 2561 nonrmlli
713 2532 777 2561 Mss.
792 2537 819 2560 ct
837 2532 920 2562 Editi-

132 2570 209 2604 Apud
221 2569 349 2596 Grialium
362 2570 454 2605 lypieoe
465 2569 579 2597 tortasse
591 2569 718 2597 mendum
731 2573 784 2596 est.
799 2569 884 2598 Anu.

166 2604 231 2631 Car.
247 2611 264 2631 t.
281 2604 313 2631 N.
330 2605 356 2632 t.
377 2605 547 2640 Septuaqinta
570 2605 673 2632 animoe.
697 2604 796 2632 Conl'er
819 2604 854 2632 dc
878 2603 920 2632 his

133 2643 224 2667 notam
243 2639 332 2668 Suarii
347 2640 380 2668 ad
395 2640 556 2674 Allegorias,
584 2648 612 2668 n.
631 2641 676 2674 65,
697 2640 741 2666 nbi
756 2646 865 2668 calisam
881 2639 920 2667 al-

133 2674 185 2702 sert
203 2681 252 2702 cur
265 2674 393 2702 Duininus
411 2675 578 2711 septuaginta
605 2676 673 2703 dnos
696 2674 843 2710 discipulos
862 2675 918 2710 ele<

132 2710 203 2745 gissa
215 2710 351 2738 credatur.
378 2710 431 2740 Sed
452 2711 603 2739 notandum,
625 2710 759 2739 interdum
778 2714 919 2738 nanterum

133 2744 281 2778 perrectum
294 2753 343 2772 seu
356 2745 518 2781 completum
535 2754 584 2781 pro
598 2745 757 2780 imperfecto
776 2750 805 2773 et.
816 2746 920 2781 incon,-

134 2779 207 2814 pleto
217 2779 347 2809 adbiberi.
365 2781 404 2809 De
417 2789 471 2816 quo
485 2782 581 2810 itennu
591 2782 698 2822 ¹redibit
708 2787 818 2824 sermo.¹
859 2815 863 2818 η
911 2790 922 2807 ι

169 2813 234 2841 Cn».
248 2822 280 2842 n.
293 2815 454 2854 Harmedon
485 2816 519 2851 Ιι,’
580 2824 615 2846 un
627 2816 662 2847 ιι]
681 2815 802 2845 nectem
902 2848 917 2855 Ν

129 2848 805 2922 emwmmtaaffl

640 146 670 175 S.
692 143 814 173 tslnont
834 142 1054 171 nisum-:asts
1074 142 1229 172 Eptscot’l

937 852 960 881 B
974 872 1006 891 ex
1032 864 1087 891 into
1110 869 1136 891 et
1160 865 1242 892 latet-e
1265 866 1390 899 operari;
1412 866 1437 892 id
1452 870 1503 899 est,
1528 868 1640 894 terrenis
1653 872 1680 895 et
1696 869 1766 895 lutu-
1795 891 1798 894 Α

1707 145 1760 174 288

970 201 1048 229 tidem
1073 201 1178 229 Domini
1205 201 1388 236 promeretur,
1414 202 1496 230 nullis
1510 201 1624 231 maculis
1644 203 1779 232 caritatis

972 247 1116 281 nativitatis
1145 247 1303 276 offuscatur.
1327 248 1393 276 Nam
1415 249 1465 277 hoc
1485 249 1521 276 ita
1542 249 1659 278 futurum
1681 250 1760 279 eliam

972 301 1019 328 per
1032 293 1193 328 Prophetam
1206 294 1381 330 significatur,
1396 295 1502 323 dicente
1516 295 1630 323 Domino
1644 306 1651 323 ε
1664 296 1721 324 Eril
1734 298 1761 325 in

971 343 1113 370 novissimis
1127 343 1227 376 diebus,
1249 342 1379 377 effundam
1394 343 1425 370 de
1440 343 1534 379 spiritu
1551 351 1607 371 meo
1616 352 1693 378 super
1707 353 1762 372 om-

971 396 1028 414 nem
1040 397 1153 416 caruem?

1275 631 1389 660 CAPUT
1414 632 1456 659 lii.

1217 679 1255 706 De
1268 679 1401 714 afflictione
1413 680 1512 713 populi.

1012 724 1036 750 t.
1065 724 1166 758 Al’ssigit
1191 724 1292 751 Pharao
1320 725 1390 752 lilios
1414 724 1496 752 lsrael
1525 726 1589 758 into,
1619 731 1646 753 et
1669 727 1764 756 latere.
1803 726 1806 732 '

975 771 1055 798 Israel
1075 771 1222 798 similitudo
1238 776 1279 798 est
1294 773 1382 806 populi
1398 773 1493 799 nostri.
1509 772 1611 800 Pharao
1622 778 1709 802 autem
1725 778 1766 802 est

976 816 1087 850 diaboli,
1106 818 1149 851 qui
1165 819 1291 851 imposuit
1310 819 1402 853 jugum
1420 819 1606 853 gravissimum
1630 821 1766 849 servitutis

972 910 1051 937 lcntis
1072 910 1197 942 operibus
1219 911 1356 943 incubare.
1373 911 1495 939 admistis
1509 912 1589 940 eliam
1605 913 1699 947 paleis.
1717 913 1767 941 hoc

972 961 1023 989 est,
1041 957 1140 984 levibus
1154 963 1180 984 et
1199 957 1424 986 irrationabilibus
1446 959 1530 991 iactis,
1544 963 1572 985 ιιι
1584 959 1625 986 his
1640 960 1765 987 vitiorum
1799 987 1802 990 Δ

973 1003 1076 1030 actibus
1098 1004 1224 1038 populum
1247 1004 1292 1031 Dei
1315 1005 1504 1038 comprimere,
1527 1009 1554 1033 et
1575 1011 1683 1040 pectora
1708 1014 1767 1034 om-

973 1049 1046 1076 nium
1066 1057 1141 1076 muro
1163 1050 1358 1077 incredulitatis
1373 1055 1465 1085 posset
1478 1051 1630 1083 occludere,
1647 1057 1675 1078 ut
1688 1060 1767 1080 nemo

973 1098 1056 1125 esset,
1072 1094 1117 1123 uui
1134 1101 1245 1129 reguum
1268 1095 1326 1128 ejus
1356 1099 1402 1121 aut
1425 1095 1609 1130 disperderet,
1636 1101 1682 1124 aut
1709 1097 1766 1125 vin-

974 1143 1056 1166 ceret.

1282 1174 1394 1202 CAPUT
1414 1175 1457 1202 tv.

1218 1221 1256 1249 De
1270 1223 1442 1249 masculorum
1454 1230 1523 1250 nece.

1011 1267 1036 1293 l.
1057 1267 1137 1295 Jubet
1151 1275 1258 1303 quoqne
1272 1269 1405 1296 masculos
1423 1270 1525 1297 Pharao
1538 1270 1635 1302 occidi,
1652 1276 1677 1299 et
1690 1271 1766 1299 semi-

975 1320 1022 1339 nas
1035 1314 1134 1340 vivere.
1152 1314 1195 1341 Sic
1211 1315 1291 1349 361
1314 1315 1435 1342 diabolus
1459 1324 1492 1343 ne
1517 1317 1597 1344 robur
1618 1318 1677 1345 [idei
1698 1326 1767 1352 prae-

974 1360 1060 1387 valeat
1077 1366 1198 1393 conatur,
1214 1366 1245 1388 ut
1261 1362 1414 1389 interiectis
1432 1365 1576 1391 virtutibus
1597 1365 1659 1391 vitia
1681 1373 1767 1393 rema-

975 1411 1068 1438 neant,
1095 1407 1311 1441 fortissimosque
1326 1413 1352 1435 et
1367 1408 1457 1435 viriles
1472 1410 1554 1436 animi
1571 1418 1675 1444 seusus,
1698 1413 1767 1439 unde

975 1451 1095 1478 coelestia
1115 1453 1245 1486 sapimus,
1264 1453 1401 1486 ctdiviua,
1426 1454 1450 1480 id
1472 1462 1522 1486 est,
1544 1456 1688 1488 rationem,
1706 1465 1767 1492 pru-

975 1496 1102 1529 dentiam,
1127 1499 1319 1533 constantiam,
1345 1500 1525 1527 innocentiam
1539 1505 1565 1527 et
1580 1501 1659 1528 tidem
1680 1502 1704 1529 iu
1721 1505 1767 1529 lia-

975 1545 1047 1571 mine
1073 1545 1212 1575 occidere:
1234 1550 1260 1572 et
1282 1546 1347 1572 illud
1374 1547 1399 1573 in
1423 1554 1456 1574 eo
1475 1547 1578 1580 vivere,
1601 1549 1670 1582 quod
1692 1549 1767 1576 semi-
1802 1542 1805 1546 ¹
1823 1550 1825 1554 '

975 1598 1064 1622 neum,
1088 1591 1158 1624 quod
1186 1591 1360 1624 imbecillum,
1391 1596 1417 1619 et
1440 1592 1543 1627 fragile,
1559 1598 1586 1621 et
1599 1601 1709 1626 pronum
1734 1595 1766 1623 ad

975 1635 1039 1661 vitia
1056 1636 1185 1668 cernitur,
1202 1636 1227 1663 id
1241 1641 1291 1670 est,
1306 1637 1491 1670 ambitionem,
1507 1638 1690 1671 vinolentiam,
1706 1640 1766 1667 libi-

975 1682 1075 1713 dinem,
1102 1683 1275 1715 iracundiam,
1296 1684 1493 1717 crudelitatem,
1518 1684 1646 1718 furorem,
1672 1691 1699 1713 et
1714 1694 1766 1714 cze-

975 1733 1031 1755 tera
1045 1728 1084 1755 his
1100 1729 1208 1761 similia,
1226 1738 1284 1764 qna}
1297 1730 1322 1756 in
1337 1730 1495 1759 l'ominarum
1510 1731 1590 1766 ligura
1605 1737 1676 1760 sunt.

1284 1777 1396 1804 CAPUT
1418 1777 1449 1804 V.

1235 1821 1272 1848 De
1286 1822 1429 1849 inventione
1444 1822 1538 1858 Moysi.

1015 1866 1036 1892 l.
1054 1866 1155 1893 Deinde
1170 1872 1274 1900 moyses
1286 1867 1317 1893 ad
1336 1868 1419 1901 ripam
1436 1867 1553 1894 lluminis
1568 1869 1707 1903 expositus
1721 1876 1765 1897 re·

974 1913 1087 1947 pei-itur,
1104 1917 1131 1939 et
1157 1913 1295 1945 Dominus,
1311 1914 1387 1947 cujus
1405 1915 1507 1949 Moyses
1523 1919 1614 1949 typum
1630 1915 1764 1950 induerat,

973 1959 1006 1985 ad
1021 1959 1118 1985 linmen
1136 1959 1233 1985 lavacri
1246 1979 1253 1991 ,
1268 1964 1294 1986 ct
1309 1959 1341 1986 ad
1362 1967 1457 1993 aquam
1475 1959 1641 1993 baptismatis
1663 1967 1678 1987 a
1705 1967 1766 1988 cre·
1799 1968 1804 1994 7

976 2005 1098 2032 :lentibus
1114 2005 1257 2032 invenitur.
1286 2005 1411 2033 plorabat
1437 2005 1532 2038 infans,
1557 2007 1619 2040 quia
1645 2005 1766 2035 Christus

974 2052 1102 2078 Dominus
1116 2052 1214 2078 veteris
1243 2052 1368 2085 hominis,
1396 2060 1476 2087 quem
1494 2052 1627 2086 induerat,
1658 2059 1767 2087 peccata

974 2098 1101 2132 denehat3
1117 2099 1185 2125 unde
1201 2098 1233 2125 ad
1250 2100 1460 2126 resuscitandum
1473 2099 1601 2127 Lazarum
1618 2099 1702 2132 nevit,
1718 2100 1765 2127 Ju-

975 2145 1092 2172 daeornm
1109 2145 1252 2179 deplorans
1265 2146 1413 2180 perfidiam.

1010 2190 1037 2216 ⁵2.
1057 2190 1122 2217 Filia
1139 2190 1284 2217 Pharaonis
1299 2191 1465 2218 descendens
1480 2192 1512 2218 ad
1529 2199 1663 2219 lavacrum
1679 2192 1768 2219 linim-
1808 2222 1812 2226 ,

975 2235 1025 2267 nis,
1042 2236 1151 2270 collegit
1175 2236 1312 2263 infantem.
1329 2236 1449 2264 Ecclesia
1465 2244 1496 2264 ex
1523 2238 1645 2272 gentibus
1669 2238 1765 2265 lavacri

977 2279 1102 2306 salutaris
1118 2279 1357 2305 sanctificationem
1374 2279 1545 2311 desiderans.
1560 2281 1694 2308 Christum
1720 2289 1767 2308 cx-

977 2326 1049 2359 cepit
1063 2333 1077 2351 a
1094 2325 1233 2360 Synagoga
1250 2329 1335 2352 matre
1349 2325 1449 2354 carnali
1465 2326 1614 2360 expulsum,
1630 2326 1704 2360 (μυεῖ
1725 2327 1766 2354 in-

977 2371 1087 2400 fantem.
1105 2373 1171 2405 Quia
1189 2371 1390 2406 tuuc·parvulus
1406 2372 1554 2403 videbatur.
1575 2380 1635 2401 cum
1661 2374 1687 2401 in
1715 2374 1766 2402 ho—
1796 2411 1797 2414 Ἴ

976 2419 1049 2446 mine
1059 2423 1226 2446 cerneretur.

1012 2465 1039 2491 5.
1056 2465 1158 2492 invenit
1173 2465 1217 2492 illa
1231 2464 1341 2499 Moysen
1358 2464 1487 2492 inclusum
1505 2465 1532 2492 in
1555 2465 1666 2494 vasculo
1681 2466 1765 2508 thibi.

1011 2533 1076 2561 Cn.
1093 2542 1133 2562 ni.
1149 2533 1299 2562 occludere.
1313 2535 1368 2567 Al..
1385 2536 1526 2564 obdurare.
1538 2536 1631 2565 Gaui„

1009 2570 1071 2597 cn.
1084 2578 1110 2597 v.
1127 2570 1158 2596 N.
1172 2570 1199 2596 5.
1214 2570 1248 2597 ln
1259 2571 1362 2597 vasculo
1374 2571 1446 2598 thibi.
1460 2572 1517 2604 ΑΙ..
1526 2572 1607 2604 thebe.
1618 2579 1671 2606 non
1681 2574 1765 2604 male.

972 2605 1066 2633 Gratce
1079 2605 1151 2632 enim
1173 2605 1249 2637 θίὸις.
1264 2611 1290 2633 et
1312 2607 1375 2636 θήὸη
1395 2612 1475 2642 atque
1487 2607 1567 2635 etiam
1581 2607 1649 2639 θίὸηε
1660 2607 1701 2636 De
1731 2617 1748 2639 u

973 2647 1038 2668 voce
1063 2642 1188 2675 August„
1200 2641 1226 2668 in
1243 2641 1423 2669 locutionibus
1437 2651 1443 2669 :
1460 2642 1530 2676 Quint
1545 2641 1709 2689 εἰΐῐὴὕό-ίρζ
1767 2655 1769 2658 ’

972 2674 1074 2711 difficile
1084 2680 1122 2703 est
1133 2684 1218 2708 noue,
1233 2677 1296 2712 qnia
1310 2685 1389 2711 neque
1402 2677 1509 2705 Groecn
1526 2677 1655 2716 inm
1673 2712 1677 2714 ἡ
1708 2677 1767 2708 fla-

971 2710 1050 2743 broeo.
1066 2719 1148 2746 neque
1167 2711 1275 2740 Latium
1289 2721 1321 2740 ea:
1332 2713 1421 2740 Graeco
1435 2714 1523 2750 Wffll,
1681 2711 1721 2722 '¹⁰'
1732 2730 1733 2733 =
1744 2712 1759 2742 2⁶
1776 2743 1778 2747 ,

973 2746 1106 2774 transtulit
1115 2751 1144 2774 tu
1155 2746 1258 2774 invenit.
1274 2747 1340 2776 Eam
1353 2746 1577 2785 difficultassffif
1595 2749 1601 2764 ‘¹
1619 2761 1621 2771 ι
1771 2751 1774 2755 ”

973 2788 1112 2824 ronymus,
1130 2781 1251 2811 numnius
1263 2788 1292 2826 et
1311 2782 1459 2828 Grncus..
1484 2796 1504 2825 »ΙΙ
1522 2789 1535 2832 J
1548 2798 1553 2824 ζ
1562 2797 1593 2816 μ·
1627 2784 1633 2793 '

972 2812 1044 2848 rb'm
1055 2817 1320 2900 ‘ml'fif'mfl‘bgssw
1424 2836 1440 2843 ..
1553 2836 1558 2838 .
1631 2833 1634 2838 ι

1288 2886 1295 2900 Ι

974 2849 1060 2882 va
