1832 3016
443 197 557 226 CAPUT
575 197 659 225 xm(

259 247 298 274 De
309 243 473 280 irreparabili
487 242 644 270 desolatione
657 241 821 269 Judoeorum.

183 295 209 321 t.
231 292 297 325 Quia
317 290 402 318 Judaei
416 290 489 324 juxta
502 295 577 323 spem
593 295 669 315 suam
681 293 819 322 nunquam
836 292 942 320 repara-

147 342 258 372 buntur,
271 337 403 365 Jeremias
417 336 481 362 dicit
495 344 500 360 :
518 333 637 361 Civitates
651 333 742 360 Austri
754 333 850 360 ctausae
866 337 941 366 aunt,

147 387 273 414 translata
298 389 335 413 est
361 384 441 412 omnis
465 382 559 409 Jadoea
583 381 806 416 transmigratione
830 380 943 415 perfecta

149 434 258 470 (Aerem.
284 439 341 464 xm,
364 429 426 464 ¹9);
452 428 477 455 id
504 433 557 461 est,
574 427 746 455 irrevocabili
774 426 940 461 captivitate.

148 479 212 505 ltem
236 478 293 512 ipse
318 485 324 503 :
343 484 353 500 ‹
371 474 438 508 Quia
459 473 559 500 oblitus
575 477 616 500 est
644 473 696 499 mei
710 471 825 507 populus
846 478 940 503 meus,

149 525 247 551 frustra
263 522 387 553 libantes,
403 525 429 547 ct
444 520 622 554 impingentes
642 519 668 546 in
684 518 735 545 viis
747 518 812 550 suis,
824 521 851 545 et
861 517 888 544 in
900 524 942 544 se-

148 570 220 597 mitis
246 567 337 599 lsrael.
354 572 383 594 ut
405 566 576 594 ambularent
599 572 648 600 per
663 572 710 592 eas
725 565 750 591 in
774 565 872 591 itinere
888 571 942 591 non

149 613 229 647 'trit0;
245 618 273 641 ut
288 614 365 641 fieret
389 617 461 640 terra
488 618 582 639 eorum
608 611 634 638 in
656 610 850 638 desolationem
869 615 897 636 et
915 609 942 636 in

148 661 256 689 sibilum
271 659 476 694 sempiternum.
491 657 584 685 Omnis
594 658 639 692 qui
653 657 811 692 praeterierit
823 663 870 691 per
883 663 943 683 eam

150 708 336 740 obstupescet,
352 710 380 732 et
402 703 522 732 movebit
547 708 627 738 caput
652 710 742 735 suum,
758 702 827 730 sicut
847 706 943 729 ventus

149 761 231 782 urens
244 753 395 788 dispergam
406 759 454 779 eos
470 761 479 777 ι
495 750 604 786 (Ierem.
624 757 698 782 xvm,
714 748 771 783 15).

184 801 211 827 2.
235 801 307 827 llanc
322 798 402 826 etiam
418 797 610 832 sempiternam
625 795 742 823 earnalis
758 795 840 822 lsrael
863 795 943 822 deso-

149 846 275 874 lationem
300 845 372 872 idem
396 843 526 878 propheta
554 842 618 869 alibi
643 841 807 876 proclamat.
823 840 940 867 dicens:

148 891 290 927 Argentum
305 890 442 926 reprobum
455 893 542 916 vocate
554 896 607 920 eos,
622 888 683 922 quia
695 886 822 913 Dominus
836 885 944 921 projecit
959 886 983 916 B
998 896 1073 930 Quod
1086 915 1094 929 ⁹
1113 895 1201 923 Veteri
1213 895 1375 922 Tesmmemo
1398 899 1530 929 evacuato,
1549 894 1652 922 Nouam
1674 880 1794 930 [uturum]
1810 870 1822 920 3

146 937 206 965 illos
222 936 331 972 (Jerem.
345 944 382 970 vt,
398 935 456 970 30).
475 935 506 962 Et
520 938 580 968 post
595 933 730 968 paululum
751 941 757 959 :
785 931 944 958 Efderettn-

148 991 225 1018 qaam
239 982 362 1016 populum
386 989 470 1007 meum
481 1000 488 1013 ‚
502 985 526 1007 et
541 979 659 1006 recedam
675 979 707 1005 ab
723 979 760 1005 eis
776 977 885 1011 (Jerem.
901 985 942 1010 ix,

147 1029 187 1064 2).
203 1029 237 1056 Et
252 1029 304 1056 alio
318 1028 396 1055 loco:
412 1037 421 1052 t
442 1028 474 1054 Et
486 1026 673 1061 derelinquam
684 1032 743 1057 vos,
759 1029 785 1052 et
806 1024 945 1051 civitatem

151 1079 279 1107 vestram,
295 1082 374 1109 quam
397 1073 460 1100 dedi
480 1072 557 1099 vobis
580 1077 607 1099 et
635 1071 756 1106 patribus
776 1070 886 1097 vestris.
911 1069 945 1096 Et

149 1121 219 1148 dabo
233 1128 280 1147 vos
296 1121 321 1147 in
337 1119 511 1154 opprobrium
529 1118 722 1152 sempiternum
747 1121 774 1144 et
789 1116 815 1143 in
831 1115 945 1151 ignomi-

149 1168 221 1195 niam
247 1171 388 1200 aeternam,
404 1173 463 1201 quae
482 1172 619 1200 nunquam
637 1164 774 1192 oblivione
787 1162 918 1191 delebitur
932 1171 942 1188 ι

151 1212 259 1249 (Ιενεηι.
272 1220 327 1239 un
337 1234 344 1245 ,
360 1211 417 1247 59).

184 1259 211 1286 5.
244 1259 325 1285 Amos
350 1265 457 1292 quoque
483 1257 615 1292 propheta
644 1257 679 1284 de
709 1256 753 1283 his
789 1254 946 1290 plenissime

149 1304 287 1340 praedicat,
312 1309 392 1338 atque
406 1304 458 1338 91
477 1304 512 1330 ita
536 1308 692 1330 aversatum
718 1302 802 1329 Deum
824 1301 889 1328 dicit
912 1301 947 1328 ab

149 1350 241 1383 lsrael,
259 1357 291 1377 ne
306 1349 358 1377 illis
371 1356 487 1383 unquam
502 1349 677 1380 misereatur,
694 1348 742 1374 sed
758 1345 948 1380 inseparabili-

150 1401 192 1424 ter
217 1396 243 1423 in
266 1399 366 1422 aeterna
387 1394 556 1422 desolatione
583 1397 775 1428 permaneant.
806 1391 851 1419 Sic
875 1391 945 1418 enim

150 1442 212 1469 ait:
239 1450 248 1467 t
266 1440 363 1469 Audite
385 1440 495 1467 verbum
518 1440 582 1472 hoc,
609 1438 682 1473 quod
709 1445 758 1473 ego
781 1438 842 1465 levo
867 1444 947 1471 super

149 1495 197 1515 vos
211 1488 354 1522 planctum.
372 1488 471 1514 Domus
486 1486 570 1514 lsrael
587 1485 697 1518 cecidit,
719 1493 772 1512 non
794 1483 904 1519 adiiciet
918 1488 947 1511 ut

150 1539 283 1569 resurgat.
305 1534 386 1569 Virgo
401 1533 481 1560 lsrael
497 1532 617 1567 projecta
633 1535 677 1559 est
694 1531 721 1558 in
742 1536 843 1558 terram
858 1537 946 1562 suam,

150 1589 203 1609 non
219 1585 271 1614 est,
288 1580 333 1615 qui
359 1580 470 1607 suscitet
486 1586 547 1605 earn
567 1578 667 1612 (Amos.
683 1585 710 1609 v,
726 1576 765 1611 1).
782 1586 791 1602 ι
818 1576 887 1603 Ecce
901 1575 946 1602 ubi
960 1573 984 1606 C
999 1575 1097 1602 namin
1110 1574 1212 1601 deserto
1227 1574 1304 1607 viam,
1320 1577 1344 1600 et
1355 1573 1383 1599 in
1400 1572 1469 1599 inuio
1484 1571 1604 1607 flumina.
1619 1570 1677 1603 Quo
1689 1569 1828 1604 signin&

150 1628 190 1655 sic
205 1626 301 1654 cecidit
325 1626 398 1660 plebs
414 1625 470 1657 illa,
487 1628 516 1651 ut
540 1631 593 1650 non
616 1626 747 1658 resurgat.
764 1622 905 1657 Siquidem
920 1625 947 1648 et

150 1671 327 1700 caeremonias
350 1670 474 1698 carnales
499 1669 621 1704 ejusdem
648 1668 735 1703 plebis
762 1668 801 1695 sic
825 1666 946 1694 cadendo

152 1724 266 1747 evacuat
280 1718 407 1746 veniente
421 1716 546 1748 veritate,
569 1722 603 1742 ne
629 1714 773 1749 aliquando
787 1717 886 1748 queant
900 1719 945 1740 re-

154 1765 290 1796 suscitari,
315 1771 374 1791 cum
396 1762 463 1790 dicit
479 1770 486 1788 :
501 1761 620 1795 Projecta
644 1765 682 1787 est
703 1760 729 1786 in
744 1763 838 1787 terram
853 1766 944 1792 suam,

151 1819 202 1837 nort
217 1815 252 1837 est
268 1810 311 1844 qai
325 1809 428 1835 suscitet
445 1815 512 1833 eam.

187 1856 214 1882 4.
224 1854 299 1887 Quod
311 1853 442 1880 veraciter
456 1852 490 1879 dc
504 1852 561 1886 ipsa
574 1854 680 1878 terrena
696 1849 827 1884 accipitur
841 1847 950 1876 iudaeo-

153 1908 211 1928 rum
237 1907 301 1934 spe;
322 1899 496 1933 sequiturque
524 1898 549 1923 in
563 1897 659 1924 eodem
675 1896 825 1930 propbeta:
843 1904 853 1921 t
872 1894 952 1922 Venit

153 1947 215 1974 finis
243 1953 324 1981 super
348 1944 478 1980 populum
501 1948 589 1971 meum
621 1942 713 1976 lsrael,
745 1948 799 1969 non
824 1941 949 1975 adjiciam

154 1994 222 2021 ultra
247 1996 276 2019 ut
296 1996 479 2026 pertranseam
496 1997 545 2024 per
566 1996 639 2021 eum,
669 1992 696 2015 et
723 1986 874 2014 stridebunt
889 1993 951 2014 car-

153 2039 229 2067 dines
248 2038 340 2072 templi
362 2038 389 2065 iu
411 2036 454 2064 die
470 2036 526 2069 illa,
548 2035 613 2062 dicit
634 2034 762 2061 Dominus
775 2033 855 2060 Deus.
871 2032 947 2060 Multi

154 2085 311 2116 morientur,
327 2083 353 2110 in
367 2082 440 2110 omni
455 2082 515 2109 loco
536 2080 692 2116 projicietur
711 2079 847 2107 silentium
860 2079 949 2114 (Amos

156 2136 214 2162 vm,
232 2129 273 2163 Ξ).
290 2137 298 2154 ι
318 2129 346 2155 ln
359 2127 436 2162 cujus
449 2127 607 2161 prophetico
619 2130 692 2153 textu
706 2125 784 2153 tertio
797 2125 898 2159 reperit
910 2124 948 2151 sic

155 2180 185 2202 se
195 2178 346 2200 aversatum
361 2173 445 2200 tuisse
459 2172 493 2200 ab
508 2172 590 2199 lsrael
608 2172 750 2199 Dominum
763 2192 771 2205 ,
787 2179 821 2199 ne
835 2171 903 2205 illis,
920 2175 949 2197 ut

155 2219 278 2256 praedixi,
294 2219 369 2253 juxta
383 2226 460 2253 spem
472 2218 590 2252 ipsorum
603 2225 718 2251 unquam
734 2206 900 2244 misereatur.
920 2215 948 2242 ln

156 2264 291 2300 prioribus
307 2265 379 2291 enim
395 2262 461 2290 dicit
475 2270 482 2288 :
500 2261 610 2295 Cecidit,
626 2269 677 2288 non
691 2262 795 2296 adjiciet
812 2266 840 2288 at
859 2268 951 2288 resur-

156 2316 199 2347 9at
210 2311 281 2346 virqo
295 2308 392 2336 teraet.
407 2308 436 2336 ln
450 2307 568 2336 secundo
583 2306 667 2334 dixit:
695 2305 762 2333 Ecce
785 2314 832 2340 eqo
857 2314 950 2340 ponam

190 2377 254 2404 Cir.
285 2383 343 2404 xm.
363 2375 395 2403 N.
421 2374 449 2403 ¹.
472 2373 528 2408 At..
551 2377 674 2410 perpetua
697 2380 745 2407 pro
773 2374 896 2407 perfecta.
917 2372 952 2400 Et

159 2418 225 2447 tuto,
241 2420 289 2447 pro
303 2413 374 2438 trito.
393 2410 426 2437 Et
438 2409 595 2445 disperdam,
612 2416 659 2443 pro
673 2407 914 2444 aispergam-Min.

193 2449 222 2477 2.
243 2448 296 2481 AL,
311 2446 466 2478 Jerusalem,
481 2453 529 2480 pro
543 2444 720 2472 InaehMan.

193 2483 220 2511 5.
243 2483 298 2515 At,
311 2481 465 2514 Jerusalem,
480 2489 510 2507 ne
521 2481 584 2508 iilis.
600 2480 672 2508 Μιιι.

195 2519 264 2546 Ibid.
280 2518 371 2551 Forte,
381 2516 426 2544 sed
438 2516 650 2552 irreparabiliter.
665 2517 752 2543 Αιιιν.

194 2556 222 2583 4.
239 2554 292 2583 ΑΙ..
304 2554 362 2588 ipra
373 2559 468 2580 oeterna
478 2552 622 2587 captivitate
629 2550 779 2578 Jadoeoram
789 2550 948 2587 accipitur...

159 2590 328 2627 projicientur
341 2588 468 2615 scelerati.
490 2586 524 2613 In
534 2588 609 2620 cuius
622 2586 763 2622 propltetioe
775 2590 904 2614 contextu.
917 2585 951 2614 Et

160 2634 254 2662 ponam
266 2623 458 2651 tribulationem
468 2624 496 2650 in
505 2623 600 2650 medio.
612 2622 684 2650 Mas.

196 2662 223 2689 5.
238 2659 292 2692 At..
304 2658 480 2694 reparationes
500 2665 548 2694 pro
565 2658 748 2693 reparationis.
765 2657 798 2686 ttt
814 2656 950 2690 credituri,

146 2704 210 2731 -pro
225 2695 375 2723 redimendi.
389 2693 460 2721 Mn.

197 2732 262 2759 Cir.
278 2737 332 2758 xiv.
347 2729 380 2757 N.
396 2730 422 2756 Ι.
437 2730 493 2762 At,
505 2737 563 2763 σω
583 2736 662 2763 nnnc,
680 2736 729 2771 pro
739 2733 764 2757 et
785 2735 864 2756 natta.
879 2725 950 2755 fln-

189 2767 225 2806 ·'.’›.
241 2766 296 2798 At..
312 2765 422 2793 uenient.
437 2765 470 2793 Et
483 2764 579 2792 Christi
601 2773 618 2792 a
636 2764 779 2798 nativitate,
800 2769 850 2799 pro
873 2761 952 2790 chri·-

162 2804 246 2827 etiam
254 2806 337 2828 oetaoe.
348 2799 419 2828 un.
879 2809 882 2811 ·

199 2834 270 2876 thia.
290 2836 402 2863 nubium
415 2840 458 2864 est
467 2843 503 2864 aa
521 2835 642 2864 uari-aa
659 2835 792 2865 dinnao
805 2833 953 2862 'moneta

165 2870 399 2905 menteojeeerit
411 2879 461 2908 pro
473 2874 621 2907 amnt,
631 2878 668 2902 ιιι
679 2877 734 2908 pro
745 2869 874 2900 matr.
892 2868 956 2898 Vat-

684 139 716 168 S.
735 136 860 168 lSiDORi
878 134 1104 168 fflSPALENSIS
1124 133 1280 164 Ertscort

953 196 980 226 Δ
993 193 1098 221 truttam
1119 193 1146 220 in
1175 191 1259 219 aredio
1282 190 1372 226 populi
1387 189 1481 225 Israel,
1496 189 1548 218 non
1567 190 1688 226 adiiciam
1711 191 1749 218 ntt

991 240 1189 276 superinducere
1201 246 1270 266 eam.
1282 237 1374 265 Tertio
1388 244 1494 272 quoque
1516 237 1599 264 dicit:
1626 236 1702 264 Venit
1722 236 1751 272 fi

991 293 1068 320 saper
1089 284 1213 321 populum
1235 291 1320 311 meam
1344 282 1443 317 Israel,
1458 291 1509 311 non
1523 283 1646 319 adjiciam
1670 282 1741 310 ultra
1769 295 1781 312 κ

993 337 1165 367 pertranseam
1178 340 1223 368 per
1237 341 1295 360 eum
1306 332 1406 367 (Amor.
1423 339 1470 366 vn,
1487 332 1526 368 8).

994 391 996 393 >
1029 380 1058 408 5.
1077 381 1143 415 Quae
1156 381 1245 423 omnia
1260 381 1394 416 pertinent
1409 381 1443 408 ad
1455 381 1563 409 carnale
1588 381 1673 417 ipsius
1688 381 1772 417 popul

992 433 1106 460 regnum
1117 446 1125 459 ‚
1139 427 1182 453 vel
1205 427 1419 461 observantiam,
1436 427 1499 462 quia
1514 427 1583 454 ultra
1598 426 1767 462 irreparabili
1780 426 1782 431 '

994 475 1083 498 erunt.
1110 471 1177 498 Nam
1202 471 1254 498 illae
1277 472 1499 506 repromissiones
1516 471 1704 507 reparationis,
1719 478 1768 507 qua
1785 479 1804 497 ¹i

994 523 1088 543 eorum
1112 515 1302 550 prophetarum
1322 523 1411 544 sermo
1434 517 1631 550 complectitur,
1654 516 1692 543 illi
1717 523 1762 550 par

994 564 1188 599 promittuntur
1201 570 1261 598 quae
1274 570 1307 590 ex
1323 562 1422 590 Judaeis
1436 564 1463 590 in
1478 563 1562 591 Deum
1575 563 1709 591 creditura
1724 567 1766 590 est
1783 584 1787 590 .

993 617 1055 636 nam
1072 616 1158 644 neque
1173 615 1266 636 omnes
1280 607 1366 635 tudaei
1379 607 1529 635 redimendi
1542 613 1614 641 sunt,
1628 615 1713 642 neque
1726 614 1770 634 om
1801 622 1804 627 ·

997 662 1046 683 nes
1059 655 1127 682 salvi
1141 658 1231 681 erunt.
1247 653 1299 681 Sed
1311 653 1448 681 sceleratis
1457 674 1464 686 ,
1481 657 1507 681 et
1519 653 1705 688 peecatoribus
1718 660 1768 680 oon
1784 648 1786 650 ’

994 701 1064 729 tritis
1077 706 1156 736 atque
1171 699 1347 734 consumptis,
1365 700 1390 727 Ιιὶ
1406 700 1451 735 qui
1465 699 1515 727 fide
1529 699 1606 727 electi
1622 699 1719 727 suerint
1732 701 1773 727 sal
1786 702 1804 740 -9

995 747 1136 774 rabuntur.
1152 746 1274 773 Diximus
1289 745 1323 772 de
1347 741 1444 779 populo
1463 750 1490 772 et
1504 745 1538 772 de
1551 744 1637 772 urbe:
1666 744 1770 772 dicamu
1784 748 1804 765 «Ἰ

994 792 1057 827 quid
1071 791 1209 827 prtmhetae
1225 795 1369 818 tenuerunt
1386 790 1420 818 de
1431 790 1507 818 Novo
1521 790 1705 818 Testamenta.

1297 848 1410 876 CAPUT
1430 848 1500 876 XlV.

1374 935 1438 956 erat.

1032 977 1058 1003 i.
1079 976 1133 1004 Sed
1150 975 1222 1010 quia,
1236 980 1364 1003 evacuato
1378 975 1478 1002 carnali
1507 975 1602 1003 eodem
1623 975 1712 1003 Veteri
1724 975 1790 1003 'tes-
1815 968 1818 970 ’

996 1026 1127 1055 tamenta,
1154 1029 1252 1048 novum
1276 1022 1330 1056 92
1352 1021 1552 1048 Testamentum
1580 1022 1691 1048 daturus
1719 1025 1791 1048 esset

997 1067 1081 1099 Deus,
1098 1067 1248 1094 clarissime
1263 1074 1311 1101 per
1323 1066 1418 1093 isaiam
1431 1067 1587 1101 prophetam
1603 1066 1731 1093 Dominus
1743 1072 1791 1093 au-
1805 1055 1820 1096 ζ

996 1114 1112 1147 nuntiat,
1134 1113 1228 1140 dicens
1252 1112 1313 1139 :Ne
1335 1112 1522 1145 memineritis,
1538 1112 1632 1147 inquit,
1654 1099 1818 1147 prior-unns

999 1165 1028 1188 et
1041 1161 1152 1195 antiqua
1168 1167 1201 1187 ue
1216 1159 1381 1187 intueamini.
1398 1159 1465 1186 Ecce
1491 1166 1541 1194 ego
1570 1158 1640 1186 facio
1661 1165 1746 1191 nova,
1763 1160 1790 1187 et
1807 1146 1818 1186 ⁶.

1000 1214 1072 1234 nune
1085 1207 1217 1233 orientur.
1238 1205 1335 1240 Utique
1347 1205 1514 1239 cognoscetis
1528 1211 1576 1231 ea:
1594 1211 1688 1238 ponam
1704 1203 1731 1230 in
1744 1202 1791 1230 de-
1803 1199 1820 1225 ⁷¹5

998 1257 1072 1281 serto
1088 1253 1167 1285 viam,
1182 1256 1210 1279 et
1223 1252 1250 1279 in
1265 1251 1336 1279 invio
1350 1250 1469 1278 flumina.
1484 1249 1649 1277 Glorilicabit
1663 1256 1706 1276 me
1722 1249 1792 1276 bes·
1804 1246 1818 1269 ’ν

998 1300 1036 1327 tia
1065 1300 1133 1334 agri,
1159 1299 1292 1326 dracones
1305 1319 1312 1332 ,
1344 1302 1371 1324 et
1397 1297 1572 1330 struthiones,
1597 1295 1658 1331 quia
1680 1294 1741 1322 dedi
1763 1295 1791 1323 in
1805 1312 1812 1330 .-

998 1346 1105 1373 deserto
1113 1345 1194 1377 viam,
1212 1344 1320 1371 flumina
1336 1344 1361 1370 in
1377 1343 1450 1370 invio
1462 1342 1539 1376 (lsai.
1550 1349 1630 1373 ιιιιιι,
1648 1340 1690 1374 18,
1705 1340 1763 1375 22).
1776 1347 1788 1366 ι
1802 1341 1813 1375 ξ

1032 1390 1060 1417 2.
1081 1389 1189 1417 Talibus
1209 1389 1280 1416 enim
1296 1388 1433 1415 vaticiniis
1457 1387 1543 1422 legem
1565 1386 1670 1414 Veteris
1695 1385 1819 1413 Testa-

997 1435 1080 1463 menti
1092 1434 1263 1462 commendat
1277 1433 1411 1466 oblivisci,
1423 1437 1450 1460 et
1465 1434 1527 1460 novi
1542 1432 1605 1459 facit
1615 1425 1818 1468 mentionems·

998 1480 1111 1508 dicendo
1123 1489 1130 1507 ε
1145 1480 1186 1507 Ne
1201 1480 1365 1507 memineritis
1379 1479 1503 1514 priorum,
1519 1486 1575 1505 ecce
1584 1478 1652 1513 facio
1666 1485 1731 1504 nova
1739 1485 1750 1510 ;
1764 1476 1795 1505 οἱ

999 1534 1028 1557 ιιι
1042 1529 1241 1556 demonstraret
1256 1535 1315 1563 quae
1330 1532 1421 1555 essent
1433 1534 1520 1558 nova,
1537 1530 1593 1553 tum
1607 1525 1725 1560 adjecit:
1741 1514 1817 1571 Ροῆᾷ

1003 1625 1078 1649 caret
1093 1621 1119 1648 in
1135 1619 1259 1655 gentibus
1272 1626 1347 1647 suam
1361 1618 1468 1646 dedisse
1482 1617 1643 1648 doctrinam,
1659 1615 1703 1643 ubi
1712 1608 1815 1658 glori-§¹

1005 1667 1068 1694 fleat
1082 1674 1143 1694 eum
1157 1665 1242 1693 bestia
1256 1664 1330 1700 agri,
1348 1664 1410 1691 dum
1426 1664 1512 1698 ipsum
1527 1662 1669 1690 credentes
1693 1660 1793 1688 collau-
1810 1663 1819 1705 j

1005 1713 1080 1745 dant,
1093 1717 1120 1740 et
1134 1719 1216 1746 regna
1231 1710 1421 1745 mundi,quem
1436 1709 1563 1744 populum
1571 1708 1621 1736 sibi
1636 1707 1794 1742 acquisitum
1811 1710 1818 1745 J

1004 1760 1080 1788 dicit.
1092 1758 1224 1786 Caeterum
1234 1756 1415 1785 contralsrael
1429 1763 1488 1790 quae
1503 1758 1651 1789 sequuntur
1659 1750 1794 1788 adiungit?
1814 1752 1817 1775 j

1005 1805 1067 1832 Non
1082 1813 1122 1832 me
1141 1804 1274 1836 invocasti,
1291 1803 1381 1836 Jacob,
1394 1810 1441 1829 nec
1460 1801 1581 1828 laborasti
1596 1800 1622 1826 in
1636 1807 1685 1832 me,
1701 1796 1794 1841 lsrael.
1807 1788 1818 1845 ξ

1040 1851 1068 1879 3.
1089 1850 1127 1878 Dc
1141 1850 1217 1884 cujus
1232 1849 1339 1884 quidem
1354 1847 1419 1875 Novi
1434 1847 1600 1874 Testamenti
1616 1842 1817 1884 promissionQ

1005 1900 1148 1932 sequenter
1160 1895 1231 1923 idem
1243 1895 1370 1922 Dominus
1383 1901 1431 1929 per
1444 1893 1567 1921 eumdem
1583 1893 1741 1928 prophetam
1757 1890 1764 1918 i

1003 1942 1143 1970 annuntiat
1158 1950 1167 1969 2
1185 1941 1249 1974 Qaoe
1261 1941 1345 1975 prima
1357 1941 1470 1975 suerunt,
1485 1947 1542 1966 ecce
1561 1942 1715 1970 evenerant,·
1731 1945 1773 1964 no
1793 1948 1797 1957 ι

1005 1996 1103 2024 quoque
1120 1996 1166 2024 eqo
1180 1988 1316 2020 annuntio,
1336 1991 1473 2021 antequam
1483 1985 1612 2019 orientur,
1630 1984 1718 2011 audita
1726 1992 1766 2011 vo

1005 2035 1102 2070 faciam
1117 2033 1195 2069 (lsai.
1212 2041 1278 2067 xtn,
1293 2033 1332 2067 9).
1347 2032 1450 2067 Quibus
1465 2031 1555 2059 verbis
1568 2037 1594 2058 et
1609 2030 1690 2058 Vetus
1704 2029 1755 2057 Tes
1787 2023 1797 2055 ’ἓ
1815 2051 1817 2053 .

1003 2085 1125 2108 mentum
1140 2080 1248 2107 venisse
1261 2078 1391 2110 declarat,
1407 2082 1434 2105 et
1448 2084 1546 2105 novum
1561 2075 1709 2109 annuntiat,
1725 2081 1770 2109 qu
1788 2060 1797 2119 Ξ

1001 2126 1154 2153 Christiana
1185 2129 1264 2153 :etate
1288 2125 1451 2159 completum
1471 2127 1522 2150 est.
1539 2121 1625 2149 Prima
1637 2122 1708 2149 enim
1722 2127 1764 2148 sn
1780 2122 1797 2158 ᾖ

1008 2177 1102 2200 vetera
1136 2179 1267 2199 novorum
1284 2191 1291 2203 ‚
1321 2170 1370 2198 sed
1399 2169 1495 2197 ordine
1511 2190 1518 2202 ‚
1554 2175 1606 2196 non
1637 2167 1764 2202 dignitate
1790 2159 1796 2199 ξ

1004 2218 1075 2244 unde
1101 2222 1129 2244 et
1154 2221 1232 2252 pacta
1248 2223 1309 2251 quae
1334 2221 1454 2250 tempore
1464 2214 1613 2250 posteriora
1638 2216 1710 2246 sunt,
1734 2219 1750 2239 e
1792 2236 1794 2238 ,

1003 2263 1090 2290 cuatis
1104 2262 1297 2295 anterioribus,
1311 2261 1413 2296 majora
1433 2262 1551 2295 priorum
1563 2259 1704 2286 habentur.

1038 2308 1065 2335 4.
1085 2307 1137 2335 Per
1157 2306 1301 2335 teremiam
1315 2311 1421 2340 quoque
1443 2304 1612 2340 proplietam,
1638 2303 1756 2332 'restam
1791 2339 1795 2349 ἡ

1002 2379 1064 2411 gata
1075 2378 1208 2406 venerunt,
1227 2380 1276 2408 pro
1289 2375 1434 2400 evenerunt.
1452 2373 1535 2399 Anev.
1792 2390 1794 2398 ‚

1039 2411 1065 2437 t.
1080 2409 1176 2436 Foedus
1186 2416 1290 2439 novam,
1305 2415 1356 2434 non
1370 2406 1510 2434 secandam
1523 2410 1643 2440 pactam,
1657 2408 1709 2443 etc.
1719 2403 1747 2432 J.
1789 2413 1794 2439 ς

1003 2445 1066 2472 miae
1078 2444 1215 2477 xxm-5¹,
1229 2447 1258 2470 ut
1273 2442 1450 2478 Hieronymus
1461 2441 1552 2473 vertit,
1566 2445 1593 2468 et
1603 2445 1634 2468 ut
1643 2444 1684 2468 eat
1693 2440 1720 2467 itt
1741 2443 1747 2447 '
1760 2454 1762 2458 ·
1789 2443 1794 2453 ¹

1004 2480 1078 2508 tione
1096 2479 1212 2514 vulgata.
1226 2478 1308 2506 Multo
1317 2482 1406 2505 autem
1421 2476 1588 2504 commodius
1602 2474 1685 2504 Lxx.
1697 2473 1733 2502 111·

1004 2522 1074 2547 nam,
1089 2514 1224 2549 inquiunt,
1239 2513 1327 2540 domui
1345 2512 1444 2545 Israel,
1457 2517 1480 2539 et
1500 2511 1588 2539 domui
1611 2510 1684 2538 tuda
1707 2509 1743 2537 T„
1757 2515 1766 2548 j
1792 2519 1793 2530 ³

1003 2554 1116 2577 mentam
1128 2548 1242 2581 Novam.
1258 2556 1309 2575 non
1321 2547 1461 2576 secundum
1477 2550 1652 2575 testamentum
1657 2554 1669 2578 ,·
1687 2545 1714 2572 id

1004 2585 1094 2613 braiea
1104 2583 1187 2612 dictio
1197 2583 1285 2611 Berith
1302 2584 1443 2620 signifieat.
1455 2582 1502 2610 Sic
1514 2581 1616 2616 antiqui
1624 2580 1717 2608 Patres
1731 2592 1733 2601 ν
1749 2592 1750 2595 =

1004 2620 1092 2648 locum
1106 2620 1265 2647 retulerunt.
1278 2619 1437 2654 Cyprianus,
1446 2616 1669 2646 :contraluaaeoe
1678 2621 1710 2643 ca
1729 2617 1741 2643 t

1005 2654 1180 2689 Augustinus.
1196 2655 1243 2682 lib.
1259 2661 1324 2683 xvnt
1348 2654 1383 2682 de
1401 2653 1516 2682 Civitate
1526 2652 1593 2686 ,Βοὴ
1609 2657 1668 2686 cap.
1724 2649 1746 2676 ’λ

1005 2690 1104 2718 Paulus
1116 2690 1148 2718 ad
1162 2690 1291 2718 Hebraeos
1302 2697 1362 2723 vm,
1382 2690 1410 2718 8.
1426 2688 1496 2723 Quin
1513 2687 1608 2723 potius
1628 2690 1663 2714 ex
1695 2696 1740 2726 ¹4,

1006 2725 1173 2755 Testamenti
1196 2726 1302 2754 ratione
1324 2724 1435 2760 colligit,
1449 2722 1594 2756 Christum,
1617 2720 1663 2756 qni

1006 2759 1210 2790 Testamentum
1226 2761 1398 2796 nuncupavit,
1418 2757 1582 2794 uooesear‘o,
1604 2759 1634 2784 ut
1662 2770 1672 2777 -f
1685 2772 1694 2777 „

1006 2796 1102 2838 lidum,
1126 2796 1184 2825 tore
1203 2796 1362 2825 moriturum
1389 2792 1531 2835 enpust
1552 2788 1636 2827 ‘rtet
1654 2805 1671 2832 '.
1687 2794 1729 2828 „st

1005 2814 1556 2903 mmmm-arm*
1688 2839 1728 2859 ⁴¹--
