1832 3016
70 89 104 121 vs
666 92 970 124 DIFFERENTIARUM
989 93 1055 126 Lm.
1075 95 1099 126 1.
1163 133 1166 135 Α
1675 101 1711 131 66

104 151 167 180 545.
193 151 263 180 inter
282 155 345 179 snite
366 153 393 179 et
405 157 459 178 m.
475 149 545 178 Suus
567 156 717 185 pronomen
736 155 797 187 est,
813 158 860 180 sus
874 152 902 183 A
953 152 1016 181 559.
1025 153 1097 181 luter
1108 151 1189 185 Tulit,
1197 152 1495 188 Aatstuttnetmtutit.
1503 153 1575 185 Tulit
1587 158 1635 193 qui
1646 158 1711 193 lert,

67 198 168 226 animal
182 204 235 226 est.

103 241 167 271 546.
180 242 349 278 interSyram
357 245 382 270 et
392 249 492 270 suram.
500 241 568 277 syra
582 242 670 278 gentis
682 249 739 270 suae
749 241 862 276 femina,

68 295 130 316 sura
147 295 210 323 pars
223 287 308 322 pedis.

104 335 168 363 5⁴7.
189 335 261 362 Inter
281 333 414 361 sartorem
441 338 469 362 et
480 335 483 339 ’
495 335 689 363 sarcinatorem.
714 335 861 369 Sartorem,

67 388 160 415 agrum
173 379 349 412 sarrientem;
368 380 559 408 sarcinatorem
568 401 576 413 ,
590 386 679 408 vestes
690 381 861 408 sarcientem.

70 439 82 445 ·-
103 425 163 453 568.
182 424 253 451 later
263 424 380 452 Similem
391 429 418 452 et
428 425 603 453 simulantem.
615 426 748 459 Similem,
762 427 858 460 talem;

69 470 248 503 simulantem,
265 470 346 498 talem
362 471 547 499 mentientem.

67 533 73 539 .
100 513 247 542 549.1nter
262 515 403 543 Strenuum
424 522 450 544 et
472 522 616 545 externum.
632 518 789 553 Strenuum,
809 520 862 546 lor-

65 563 119 588 tem
132 569 139 593 ;
155 565 308 595 externum,
320 567 477 590 extraneum
492 563 617 592 dicimus.

100 606 162 635 550.
174 607 246 636 lnter
256 608 359 636 Statum
367 614 394 637 et
406 611 666 645 staturamstatum,
681 612 859 647 quaestionem
873 618 882 624 ³

64 653 107 681 vel
125 655 259 683 scenicam
274 660 391 689 vestem;
411 660 551 691 staturam,
576 657 753 692 quantitatem
768 658 861 694 cujus-

83 708 116 729 ue
135 709 186 729 rer.
833 724 839 731 .

63 708 80 735 q
98 743 153 782 70
167 746 231 774 551.
247 746 319 774 lnter
339 746 503 782 Scriptus-am
517 752 545 775 et
558 747 703 776 tectionem.
719 748 811 777 Lectio
832 748 860 776 in

63 798 144 827 opere
154 796 205 825 est,
221 793 352 828 scriptura
366 794 392 821 in
404 793 512 828 affectu,
525 794 568 822 vel
582 795 695 829 pictura.
844 801 847 803 ’

370 840 406 867 De
421 841 505 868 littera
523 841 555 868 T.

101 885 163 912 552.
183 885 254 913 Inter
269 884 386 918 Terram,
401 891 430 914 et
445 887 576 921 tellurem,
594 892 621 915 et
636 888 751 915 humum.
776 889 860 916 Terra

64 930 183 966 squalida
193 935 235 958 est
245 935 273 958 et
281 930 391 964 inculta,
401 932 478 959 tellus
490 933 626 961 fructifera
636 942 643 966 ;
654 927 859 967 numus'autem,

64 976 183 1010 inferior,
203 981 230 1003 et
242 977 379 1010 deorsum.
403 982 429 1004 et
445 978 633 1014 liumida[At.
656 981 720 1006 add.
742 979 858 1015 tellus}

64 1021 142 1050 Unde
160 1026 188 1050 et
210 1021 321 1054 humati,
342 1022 449 1056 sepulti.
468 1023 636 1052 Generaliter
655 1030 744 1052 autem
761 1026 860 1060 ubique

65 1072 135 1095 terra
149 1073 205 1101 est,
225 1075 276 1095 non
297 1067 394 1102 ubique
412 1067 519 1096 humus.
538 1068 571 1096 Et
584 1070 610 1096 in
626 1070 772 1104 parietibus
789 1075 860 1098 terra

64 1118 115 1146 est,
139 1114 189 1141 hoc
202 1118 244 1141 est
259 1114 284 1141 in
307 1114 445 1147 lateribus,
467 1119 495 1142 et
507 1122 560 1142 non
574 1120 615 1143 est
634 1117 742 1143 humus.
759 1116 860 1144 liumus

64 1163 152 1186 autem
170 1162 242 1186 terra
256 1159 365 1186 humida
381 1163 432 1193 est,
455 1165 483 1187 et
493 1161 527 1187 ab
544 1161 655 1188 humore
670 1165 773 1194 vocata,
789 1162 860 1189 sicut

63 1208 93 1231 et
106 1208 187 1236 terra,
198 1204 268 1238 quod
277 1205 389 1231 naturali
401 1205 522 1232 siccitate
534 1210 643 1239 torreat,
653 1207 722 1234 sicut
732 1211 759 1234 et
768 1207 857 1235 tellus.

64 1249 135 1284 quod
148 1250 248 1277 fructus
263 1250 335 1285 [At.‚
351 1250 485 1285 fructum]
499 1252 556 1285 eJus
569 1251 695 1279 tollimus.

100 1295 162 1322 553.
177 1294 247 1322 inter
263 1294 469 1328 Temperantiam
488 1299 516 1322 et
528 1298 737 1330 tetttperalt'onem
752 1297 790 1325 sic
803 1298 858 1326 dis-

63 1339 191 1372 cernitur,
210 1344 238 1366 ut
262 1340 438 1374 temperantia
465 1341 617 1368 animorum
635 1342 680 1376 sit,
697 1344 857 1378 temperatio

62 1391 162 1411 rerum.

96 1428 160 1457 554.
183 1428 255 1457 Inter
279 1429 416 1458 Timentem
431 1435 457 1459 et
472 1432 598 1459 timidum.
614 1433 735 1461 Timidus
748 1439 790 1462 est
809 1435 855 1470 qui

62 1483 169 1511 semper
180 1476 266 1509 timet,
279 1477 376 1505 timeus
390 1485 454 1505 vero
463 1479 508 1513 qui
521 1479 553 1506 ad
565 1483 671 1515 tempus
683 1481 810 1509 formidat
821 1490 854 1510 ex

915 197 1026 226 abstulit
1040 198 1086 233 qui
1097 199 1131 226 ab
1144 198 1197 226 alio
1211 199 1280 234 tulit,
1296 201 1405 229 sustulit
1414 202 1459 237 qui
1469 210 1577 231 sursum
1593 205 1662 232 tulit.

949 243 1012 271 560.
1034 244 1104 272 lnter
1123 244 1262 272 Tumidum
1282 250 1309 274 et
1332 247 1472 283 turqidum.
1494 249 1593 278 Tumet
1612 257 1712 286 corpus

914 289 1018 323 aegroti.
1025 309 1027 311 -
1035 289 1135 325 Turget
1149 290 1274 318 cadaver.

950 333 1002 368 71
1032 333 1095 362 561.
1128 335 1200 363 Inter
1223 335 1315 364 Testor
1328 357 1336 371 ‚
1362 342 1506 372 contestor,
1535 334 1563 368 et
1589 342 1711 371 obtestor.

915 379 1011 407 Testor
1040 388 1225 415 saepenumero
1257 383 1291 410 ad
1320 383 1508 417 iusiurandum
1529 389 1660 421 pertinet,
1682 394 1712 416 ut

914 425 1053 460 Virgilius,
1068 434 1113 461 per
1127 427 1214 454 sidera
1229 431 1326 460 testam
1341 433 1479 457 contestor
1493 434 1582 458 autem
1599 433 1632 460 ad
1642 433 1713 467 judi-

916 478 974 505 ces,
986 471 1108 499 obtestor
1118 472 1151 499 ad
1163 472 1341 500 adversarios.

951 517 1013 544 562.
1030 516 1102 545 inter
1122 517 1207 553 Terqa
1231 523 1257 546 et
1280 522 1392 554 terqora.
1408 519 1495 555 Terga
1509 525 1571 548 sunt
1584 522 1711 556 hominis,

914 563 985 597 quod
997 563 1172 598 singulariter
1192 568 1296 598 tergum
1312 565 1389 597 lacit;
1407 569 1498 600 tergus
1511 574 1576 594 vero
1591 567 1711 602 quadru-

913 609 1014 644 pedum
1026 614 1078 637 est.
1096 609 1173 637 Unde
1184 610 1323 644 pluraliter
1339 616 1444 646 tergora
1455 612 1530 640 coria
1545 613 1681 642 dicuntur.

950 655 1012 683 565.
1029 655 1102 682 inter
1114 655 1264 683 Tumultum
1277 661 1303 684 et
1319 656 1426 684 bellum.
1442 657 1546 685 Bellum
1565 664 1606 686 est
1618 664 1711 688 contra

913 699 1004 728 hostes
1027 705 1167 734 exortum,
1184 701 1314 729 tumultus
1335 710 1399 730 vero
1414 701 1563 731 domestica
1586 705 1710 739 appella-

912 745 987 772 tione
998 745 1161 773 concitatus.
1174 745 1222 772 liic
1243 750 1270 772 et
1281 746 1378 773 seditio
1393 752 1572 781 nuncupatur.
1588 747 1653 774 Nam
1669 755 1712 775 se-

912 789 979 817 ditio
990 794 1031 817 est
1041 790 1171 817 discessio
1183 790 1192 826 l
1202 790 1259 824 At„
1267 790 1420 827 dissensio]
1432 791 1541 819 civium.
1550 792 1627 826 Quod
1638 794 1711 821 enim

878 840 903 870 B
915 842 1037 863 seorsum
1049 836 1093 863 alii
1109 837 1141 864 ad
1154 836 1221 864 alios
1229 842 1304 871 eunt,
1318 837 1414 865 seditio
1427 838 1536 866 dicitur.
1549 840 1601 867 Alii
1617 844 1712 874 putant

914 887 1024 917 propter
1047 883 1244 911 dissensionem
1266 884 1418 911 animorum
1440 885 1600 913 seditionem
1621 887 1711 914 vocari

913 926 923 963 ἰ
938 928 994 962 ΑΙ.,
1009 933 1129 956 vocatam
1142 928 1163 964 Ῑ,
1179 937 1258 963 quam
1274 930 1360 958 Graeci
1376 931 1505 959 diastasin
1522 937 1629 959 vocant.

949 973 1013 1001 564.
1030 975 1101 1002 inter
1117 975 1259 1002 Turbidum
1271 981 1298 1003 ct
1313 976 1498 1004 turbulentum.
1515 977 1661 1006 Turbidutn
1678 978 1712 1007 de

913 1024 1007 1046 natura
1024 1024 1075 1053 est,
1091 1020 1273 1048 turbulentum
1287 1021 1325 1048 lit.

949 1063 1011 1091 565.
1027 1065 1099 1092 Inter
1113 1066 1264 1099 Terrenum,
1280 1071 1407 1100 terrestre,
1420 1072 1447 1094 et
1459 1072 1597 1095 terrosum.
1612 1068 1709 1097 Terre-

912 1118 976 1137 num
986 1118 1053 1145 opus
1062 1111 1185 1145 dicimus,
1195 1117 1332 1146 terrestre,
1345 1117 1374 1139 ut
1386 1113 1562 1147 maritimum,
1576 1119 1708 1143 terrosum

912 1164 977 1184 vero
993 1157 1120 1185 frumenti
1132 1166 1215 1192 genus
1227 1166 1386 1186 arenosum.-

948 1204 1011 1230 566.
1030 1204 1100 1231 lnter
1116 1205 1187 1231 Tuus
1202 1209 1229 1232 et
1247 1208 1298 1231 tus.
1324 1205 1398 1232 Tuus
1419 1202 1566 1240 pronomen
1590 1209 1642 1241 est,
1667 1211 1710 1235 tus

912 1255 977 1276 vero
991 1250 1167 1284 pigmentum.
1691 1251 1693 1255 ’

947 1294 1018 1321 lnter
1039 1294 1122 1320 Tuum
1146 1298 1174 1321 et
1202 1298 1267 1320 tum.
1293 1294 1361 1322 Tum
1386 1294 1542 1324 adverbium
1565 1301 1616 1330 est,
1634 1301 1708 1326 tuum

910 1347 1071 1373 pronomen.

945 1383 1008 1411 567.
1026 1385 1098 1411 lntcr
1115 1384 1281 1418 Tempore'et
1295 1387 1413 1421 tempori.
1430 1386 1572 1422 Tempore,
1590 1387 1708 1417 ablativo

909 1437 982 1463 casu,
998 1431 1111 1465 tempori
1125 1431 1279 1458 adverbium
1293 1437 1345 1460 est.

945 1480 1008 1507 568.
1025 1481 1095 1507 {nter
1107 1479 1259 1509 Tristitiam.
1276 1484 1303 1506 et
1318 1480 1471 1507 moestitium.
1485 1479 1609 1508 Moestitia
1619 1481 1709 1509 cordis

61 1521 215 1549 causa.Tali
226 1522 364 1550 intellectu
374 1523 691 1558 distinguunturpavidus
700 1531 727 1554 et
739 1535 852 1562 pavens,
869 1520 892 1552 C
908 1530 961 1559 est.
984 1526 1092 1553 tristitia
1118 1525 1220 1552 vultus.
1246 1525 1368 1552 Moestum
1392 1533 1455 1560 ergo
1478 1525 1521 1553 vel
1546 1532 1706 1554 moerentem

60 1559 186 1602 providus
203 1572 229 1596 et
252 1568 403 1602 providens,
426 1570 555 1603 superbus
567 1575 599 1609 ιιιμ
612 1571 778 1606 superbiens,
798 1574 854 1601 lan-

59 1613 154 1647 guidus
176 1618 203 1641 et
221 1613 358 1648 languens,
372 1607 530 1643 furibundus
544 1621 572 1643 et
587 1616 690 1650 furens,
707 1623 733 1645 et
754 1624 852 1647 etatem

59 1657 165 1686 similia.

96 1704 157 1731 555.
173 1704 244 1732 inter
256 1704 405 1732 Tremulum
426 1710 454 1734 et
473 1710 632 1735 trementem.
654 1707 798 1738 Tremulus
811 1716 853 1739 est

62 1748 168 1791 natura,
186 1756 303 1779 tremens
319 1757 448 1787 tempore.

95 1796 156 1824 556.
184 1798 254 1826 lnter
283 1799 458 1828 Temen-itatem
478 1806 506 1830 et
533 1802 680 1831 audaciam.
704 1803 852 1833 Temeritas

60 1844 118 1871 sine
134 1845 246 1872 consilio
260 1845 356 1873 dicitur
366 1855 374 1880 ς
385 1847 508 1881 audacia,
523 1852 584 1883 post
596 1842 751 1877 consilium.

95 1891 158 1919 557.
173 1891 244 1920 lnter
256 1892 320 1920 Tum
335 1898 362 1921 et
381 1899 450 1922 tunc.
465 1895 533 1924 Tum
545 1897 673 1932 temporis
693 1902 735 1925 est
748 1898 850 1931 tuturi;

60 1944 133 1972 tunc,
149 1940 287 1974 praeteriti.

95 1985 156 2013 558.
173 1986 244 2014 inter
266 1986 388 2015 Tribuere
406 1993 434 2016 et
458 1990 606 2018 attribuere.
622 1990 776 2018 Trihuimus
790 1999 851 2018 cum

58 2032 155 2067 aliquid
168 2033 309 2067 donamus,
321 2034 501 2068 attribuimus,
513 2036 577 2064 dum
588 2036 697 2065 ordines
708 2037 852 2073 officiaque

58 2079 253 2107 distribuimus.

94 2137 156 2165 5⁴5.
171 2137 238 2164 Vide
253 2145 344 2171 supra.

93 2170 154 2200 547.
167 2173 205 2200 Ex
218 2173 286 2200 Non.
299 2174 404 2201 videtur
416 2173 478 2201 dict.
496 2173 624 2201 Sartores.

92 2207 328 2236 —Sarcinatorcm
336 2208 366 2236 C.
375 2209 484 2243 Fronto,
493 2209 665 2244 Sarcinatrix‚
672 2218 730 2245 quoe
735 2212 850 2240 sarcinas

57 2247 147 2271 servat.

61 2276 63 2278 ’
93 2278 164 2306 lbid.
187 2278 278 2306 Sartor
291 2286 343 2307 non
356 2280 442 2308 solum
457 2281 586 2315 accipitur
596 2289 689 2315 pro-eo
708 2282 753 2317 qui
773 2284 850 2310 sarrit

57 2321 166 2350 agrum,
180 2314 231 2341 boc
245 2319 300 2348 est,
311 2316 356 2350 qui
371 2316 477 2343 sarculo
492 2316 588 2343 herbas
610 2317 718 2344 inutiles
740 2318 848 2352 evellit,

57 2350 102 2377 scd
117 2349 195 2377 etiam
212 2357 260 2384 pro
272 2358 305 2377 eo
319 2351 364 2385 qui
378 2351 455 2378 sarcit
467 2356 566 2379 vestes.
587 2351 675 2379 Annv.

93 2384 156 2412 550.
169 2385 330 2419 interpretes
340 2384 458 2414 Terentii
476 2392 527 2414 act.
541 2393 582 2421 ιιι,
595 2394 669 2414 scen.
683 2388 712 2421 5,
726 2386 848 2416 Eunuch.

61 2418 167 2446 Statura
179 2421 280 2454 corpori
302 2421 447 2455 ascribitur,
459 2426 539 2449 status
555 2423 589 2448 ad
599 2422 714 2449 liabitum
726 2426 847 2457 refertur.

59 2452 217 2487 Ergostatus
226 2459 267 2482 est
277 2460 383 2493 σχῆμα,
396 2461 496 2484 statura
509 2457 646 2491 iongitudo
653 2459 772 2492 corporis
781 2467 788 2485 :
801 2466 849 2492 pro

59 2489 221 2522 quoeuionem
228 2494 327 2523 autem,
339 2492 430 2526 malim
441 2492 599 2525 quaestionis,
612 2494 846 2527 autquoestiortum.

60 2523 146 2551 Porro
157 2523 288 2552 dictiones
297 2526 423 2553 scenicam
441 2532 532 2554 vestem
550 2527 618 2554 lorte
632 2528 657 2554 in
671 2533 767 2564 σχῆμα
777 2537 848 2556 con-

60 2558 207 2591 trahendae,
226 2558 404 2594 lugendasque
418 2562 492 2589 locus
506 2571 512 2588 :
531 2567 625 2590 statum
638 2564 796 2598 quoestitmis,
809 2566 848 2591 vel

59 2593 177 2625 ιιΙιεηιιις
190 2597 244 2626 aut.
252 2597 346 2622 uatum
353 2597 508 2630 quaestionis,
515 2597 554 2624 tt‘el
561 2598 674 2631 schma,
682 2600 734 2626 sive
742 2604 845 2626 ventem.

60 2628 121 2656 vid.
138 2630 238 2656 Ascon.
257 2628 375 2660 Paediau.
387 2631 414 2658 in
432 2639 462 2660 ιιι
475 2633 595 2661 oration.
612 2638 708 2661 contra
724 2634 845 2663 Verrem.

94 2663 157 2692 551.
174 2663 243 2697 Quid
255 2663 279 2691 si
289 2663 419 2699 legamus,
434 2665 506 2694 luter
521 2669 676 2702 scripturam
690 2674 714 2696 et
724 2670 846 2705 scriptio-

58 2706 116 2728 unt
125 2698 259 2734 :Scaptio
273 2698 301 2725 irt
310 2707 396 2734 opere,
408 2701 537 2737 scripum
549 2703 578 2730 in
590 2703 697 2738 affectu,
709 2703 744 2731 V.
759 2713 785 2740 p.
798 2705 811 2731 ζ’

95 2733 157 2763 553.
169 2734 319 2770 Etymolog.
335 2734 383 2762 tib.
407 2741 445 2768 tv,
463 2742 523 2772 cap.
536 2736 564 2764 5.
587 2738 664 2766 varr.
675 2745 706 2767 iv
719 2740 754 2768 de
769 2739 845 2776 Ling-

59 2769 131 2802 ιιι..
141 2769 205 2798 diet.
217 2768 309 2796 Terra.
600 2788 603 2790 -

15 2806 33 2827 *÷
94 2802 157 2834 883.
172 2804 211 2832 Ex
220 2804 319 2839 Agrai.
330 2803 377 2868 aui
390 2804 464 2834 addit
476 2806 610 2842 temperies
619 2812 760 2845 ventarum.

11 2813 55 3016 Κ
93 2838 156 2869 856.
168 2839 208 2869 Ει
219 2839 296 2869 Serv.
313 2847 328 2869 a
360 2838 401 2868 ιΙΙ.
426 2840 520 2877 ΕοΙος.
540 2841 568 2876 7,
581 2841 737 2900 'W
753 2852 846 2882 “W-

910 1572 1002 1599 animo
1016 1570 1141 1603 dicimus,
1157 1571 1260 1598 tristem
1277 1575 1393 1605 aspectu.
1411 1570 1476 1598 item
1496 1572 1622 1599 rnoestitia
1638 1576 1707 1599 tem-

910 1617 983 1651 poris
998 1620 1048 1648 est,
1061 1619 1088 1643 et
1103 1616 1132 1643 lit
1145 1616 1288 1650 aliquando
1298 1623 1330 1643 ex
1351 1617 1442 1650 aliquo
1456 1617 1587 1644 accidenti
1599 1618 1704 1646 dolore.

909 1661 1118 1694 Tristitiavero,
1134 1660 1227 1688 vitium
1239 1665 1342 1688 naturae
1357 1664 1516 1696 perpetuum
1527 1666 1579 1689 est.

1217 1716 1255 1743 De
1268 1716 1354 1743 littera
1368 1715 1401 1744 V.
1685 1755 1687 1758 .

942 1763 1006 1791 560.
1020 1763 1091 1790 lnter
1106 1761 1186 1789 Vetus
1201 1766 1229 1788 et
1243 1762 1388 1796 antiquum.
1411 1761 1493 1791 vetus
1506 1762 1583 1791 annis
1596 1769 1706 1792 enume-

906 1815 993 1842 ratur,
1007 1809 1144 1843 antiquum
1159 1806 1277 1835 saeculis.
1685 1840 1687 1843 ι

943 1856 995 1891 72
1012 1854 1074 1882 570.
1087 1854 1158 1881 luter
1176 1852 1302 1880 Virtutem
1324 1857 1350 1880 et
1370 1853 1558 1888 fortitudinem.
1579 1851 1705 1883 Uirtusin

905 1901 987 1928 animi
1011 1900 1103 1934 vigore
1128 1904 1155 1926 et
1172 1898 1263 1926 habitu
1285 1902 1337 1933 est,
1354 1898 1431 1933 cujus
1447 1906 1511 1933 pars
1523 1903 1565 1927 est
1575 1899 1705 1942 fortitudo

902 1945 1022 1974 mentis.
1039 1944 1105 1976 Quae
1128 1951 1161 1971 ex
1177 1946 1291 1977 quatuor
1307 1942 1451 1970 virtutibus
1466 1950 1518 1970 una
1533 1948 1586 1978 est,
1603 1943 1665 1971 licet
1676 1949 1704 1972 et

906 1991 1029 2026 corporis
1045 1990 1128 2017 robur
1140 1988 1268 2016 tortitudo
1282 1993 1404 2015 vocetur.

943 2038 1006 2066 571.
1031 2036 1104 2063 luter
1134 2034 1274 2061 Vecoraem
1300 2037 1327 2060 et
1348 2040 1486 2060 vesamum.
1516 2033 1615 2062 vecors
1640 2034 1704 2062 mali

906 2084 1007 2116 cordis,
1022 2082 1092 2110 sicut
1107 2088 1223 2109 vesanus
1234 2088 1287 2108 non
1299 2079 1383 2114 probe
1394 2078 1404 2115 [
1414 2079 1456 2107 At.
1470 2080 1596 2116 proprie]
1608 2088 1702 2109 sanus.

865 2145 892 2175 D
906 2140 974 2168 venit
989 2138 1078 2174 AEqle.

942 2175 1005 2202 5526.
1021 2174 1086 2201 vide
1096 2180 1186 2208 supra.
1459 2206 1465 2213 ι
1682 2207 1688 2213 .

940 2210 1002 2237 557.
1016 2210 1059 2236 Al.
1075 2208 1140 2235 Tum
1160 2207 1280 2243 temporis
1295 2211 1331 2235 est
1346 2213 1488 2242 praesentis,
1506 2211 1566 2235 tunc
1580 2211 1702 2243 tempor-u

918 2247 986 2273 uturi
1000 2249 1048 2272 est.

905 2247 920 2282 s
939 2281 1004 2308 56¹.
1016 2281 1061 2308 Sic
1071 2278 1148 2307 Serv.
1163 2279 1195 2306 ad
1212 2278 1251 2306 ill.
1265 2285 1284 2305 ιι
1298 2277 1373 2311 AEn.,
1388 2279 1479 2306 Testor
1490 2287 1585 2306 numen
1599 2279 1647 2306 ait.

938 2316 1007 2343 Ibid.
1019 2315 1048 2343 ln
1059 2314 1193 2342 nonnullis
1205 2314 1267 2341 ltlss.
1281 2318 1322 2341 est
1337 2321 1345 2341 ε
1358 2313 1431 2341 Inter
1447 2315 1586 2341 contentari
1596 2317 1620 2340 et
1633 2314 1702 2341 obte-

902 2353 967 2379 stari
985 2352 1032 2378 tuoe
1048 2351 1170 2382 interest,
1191 2350 1260 2384 quod
1279 2354 1451 2376 contestamur
1471 2350 1506 2376 ad
1521 2350 1698 2382 adversarios,

901 2388 1056 2415 obtestamur
1067 2386 1173 2412 amicos.
1191 2387 1277 2412 Anzv.
1351 2414 1353 2416 q

937 2422 1000 2450 562.
1012 2421 1100 2449 Caris.
1114 2420 1221 2447 brevius
1231 2429 1237 2446 :
1247 2420 1359 2454 Terqum,
1369 2419 1491 2450 hominis,
1501 2423 1588 2454 terque
1599 2418 1699 2459 preceris

902 2459 1058 2485 'nominatum
1073 2455 1132 2482 Vid.
1147 2455 1224 2482 Serv.
1235 2454 1270 2481 ad
1278 2454 1343 2481 illud
1354 2454 1432 2487 AEn.‚
1442 2454 1557 2489 Terqora
1568 2454 1697 2488 diripiunt

902 2494 988 2520 costis.
1009 2491 1070 2518 595.
1096 2489 1232 2516 Tumultus
1246 2489 1382 2523 propriam
1397 2488 1622 2524 significationem
1637 2489 1697 2516 vide

899 2528 972 2562 apud
994 2527 1071 2554 Serv.
1087 2525 1120 2552 ad
1144 2524 1182 2551 ill.
1199 2524 1295 2557 tAEn.,
1311 2523 1345 2552 Ut
1361 2524 1421 2551 tetta·
1438 2525 1549 2559 sianum.
1568 2531 1626 2556 viu,
1642 2528 1696 2551 etc.

902 2569 931 2591 ct.
946 2563 1023 2595 illud,
1038 2568 1085 2594 vit,
1101 2559 1163 2594 Ipse
1177 2565 1250 2586 vocat
1260 2568 1372 2596 puqnas.
1485 2594 1501 2600 ..
1561 2593 1567 2600 .

937 2597 1006 2625 Ibid.
1031 2597 1070 2623 De
1083 2595 1192 2623 tumuttu
1203 2594 1288 2623 fusius
1302 2596 1329 2623 in
1341 2595 1533 2630 Etymotogus,
1549 2594 1596 2622 tib.
1609 2601 1678 2622 xvttt
1686 2612 1698 2628 ,

901 2634 1006 2696 nagog.
1015 2632 1164 2695 gazaeum
1176 2667 1230 2696 sic:
1240 2666 1382 2700 Antiquam
1396 2668 1444 2696 cst,
1455 2664 1524 2700 quod
1534 2666 1640 2705 excessit
1651 2673 1696 2706 pa-

899 2709 968 2731 trum
981 2702 1138 2730 memoriam.
1159 2701 1236 2730 votus
1245 2708 1373 2730 annorum
1384 2700 1524 2729 multorum
1535 2703 1613 2727 seam
1623 2699 1695 2728 uult-

900 2743 988 2766 lalem.
1674 2750 1677 2755 ν

935 2774 998 2801 571.
1012 2771 1057 2801 Sic
1070 2772 1145 2801 Fest.
1157 2772 1222 2801 dict.
1241 2771 1347 2800 Vecors.

935 2807 1005 2836 laia.
1022 2808 1060 2835 De
1070 2808 1181 2837 vocibus
1209 2815 1252 2835 ute
1261 2815 1294 2836 ex
1304 2815 1334 2835 ve
1342 2810 1553 2843 componuntnr.
1564 2803 1696 2834 videndus

900 2842 1074 2878 annuntio.
1084 2850 1186 2880 neap.
1219 2842 1256 2879 Ξ,
1269 2847 1299 2873 et
1309 2842 1359 2883 tib.
1374 2849 1458 2878 xxvi,
1471 2849 1533 2878 ap.
1545 2840 1592 2872 ¹8.
1609 2841 1695 2870 Ann-
