1832 3016
675 122 704 153 S.
725 122 853 153 tstnom
870 123 1092 156 limenensis
1113 129 1266 158 Episcopi

118 206 121 208 .
155 186 195 210 tra
213 183 294 210 Deum
308 187 334 209 et
348 181 465 216 Moysen,
481 187 579 208 manna
593 181 742 216 fastidiunt,
755 184 789 217 [et
806 190 822 211 a
834 189 950 219 σοι-μη-
961 183 989 214 A
1001 184 1079 219 loeis,
1094 190 1124 214 et
1139 195 1188 222 per
1202 188 1325 216 haeresim
1341 189 1384 217 vel
1399 189 1516 218 schisma
1540 192 1696 221 verisimilia
1718 201 1772 222 met

123 223 124 226 ¹
156 229 227 256 tibus
239 229 421 255 vulnerantur.

189 275 216 301 2.
236 273 290 300 Sed
302 273 364 307 quid
379 273 444 299 illud
464 273 597 307 significat
614 274 686 308 quod
700 281 807 302 morsus
819 274 950 304 mortiferi

154 324 319 354 serpentum,
332 320 452 347 exaltato
462 324 489 347 et
502 325 625 354 respecto
635 327 712 349 aeneo
722 328 858 357 serpente,
871 330 950 351 sana·

153 366 261 397 bantur,
278 366 328 392 nisi
342 365 415 399 quod
428 373 498 392 nunc
514 365 540 392 in
556 370 619 401 typo
634 367 792 401 Salvatoris,
808 369 852 404 qui
865 369 949 396 ferum

154 413 347 448 antiquumque
357 418 509 447 serpentem
526 413 551 440 in
567 414 687 448 patibulo
699 415 883 450 triumphavit,
896 416 951 443 dia-

153 458 207 486 boli
221 465 326 486 venena
342 459 526 493 superantur?
543 459 577 486 ita
591 465 619 487 ut
632 461 675 495 qui
692 468 755 488 vere
768 468 950 496 expressoque

153 505 295 539 imaginem
321 503 381 531 Filii
406 503 454 531 Dei
481 505 687 541 passionemque
700 507 758 542 ejus
780 508 951 542 conspexerit

153 552 284 576 servetur.
301 548 357 576 Hoc
371 549 442 576 enim
453 549 604 584 significant
613 555 641 578 et
652 552 732 579 verba
748 545 831 587 ipsius
843 553 949 580 Domini

150 593 265 621 dicentis
281 602 288 620 τ
305 594 380 621 Sient
395 595 517 622 exaltavit
531 595 634 631 Moyses
649 602 788 631 serpentem
800 598 826 625 in
838 599 949 631 deserto,

150 639 187 665 sic
202 644 298 674 oportet
312 639 420 666 exaltari
435 639 533 667 Filium
546 642 664 674 hominis,
677 642 759 679 454
774 649 801 670 ιιι
817 646 898 671 omnis
908 646 950 680 qni

151 685 231 711 credit
246 685 273 710 in
284 692 341 710 eum
357 692 407 711 non
423 690 519 719 pereat,
533 687 577 712 sed
589 686 678 713 habeat
689 688 766 714 vitam
780 693 913 717 oeternnm.

188 730 215 757 5.
236 730 313 763 Quod
325 738 388 758 vero
404 738 495 759 aeneus
509 736 550 758 est
563 739 688 767 serpens,
704 733 762 768 ipse
772 734 895 762 Gbristus
907 736 950 762 in-

152 774 273 809 timatur,
287 776 333 810 qui
352 776 425 811 ligno
440 783 587 811 suspensus
601 782 657 811 est;
674 786 711 806 aes
721 780 820 815 quippe
835 780 950 808 metallis

152 823 258 849 coeteris
273 822 422 850 durabilius
435 830 495 851 esse
510 824 588 851 solet.
605 824 638 851 Et
658 830 721 860 apte
735 832 826 853 aeneus
838 833 949 861 serpens

1001 231 1076 266 titur,
1094 237 1123 260 ut
1137 233 1211 260 sallat
1223 234 1356 262 incautos.
1431 253 1436 257 -
1774 240 1793 272 't‘

1035 277 1064 304 2.
1084 277 1160 306 Runa
1171 278 1325 314 Amorrhoei,
1341 281 1368 308 id
1383 285 1435 314 est,
1446 283 1628 318 amaricantes,
1643 283 1743 313 habent

1001 329 1073 356 gem.
1083 323 1140 351 Nisi
1151 325 1224 352 enim
1235 326 1357 360 quaedam
1367 328 1503 355 simulatio
1515 330 1638 357 veritatis
1652 332 1773 365 praeeeda

1001 373 1056 394 non
1074 373 1139 395 sunt
1153 369 1270 398 hoereses
1289 373 1485 406 amaricantes,
1507 382 1560 401 non
1585 375 1728 404 schismata
1806 382 1813 386 “

1005 413 1188 441 acerbantium
1214 415 1240 443 ιιι
1263 416 1394 444 Ecclesia.
1417 418 1468 446 isle
1483 427 1547 454 ergo
1562 428 1607 448 rex
1620 421 1750 450 occiditur
1770 422 1777 450 ι

1002 466 1164 495 unoquoque
1187 461 1306 495 bomine,
1327 465 1434 498 quando
1452 466 1566 501 quisque
1589 467 1700 495 damnat
1713 469 1764 495 sim
1807 500 1810 507 ᾗ

1003 504 1142 538 lationem,
1157 511 1183 533 et
1197 507 1283 542 diligit
1299 510 1448 538 veritatem.
1471 513 1510 547 υς
1525 520 1590 540 vero
1602 521 1651 541 rex
1666 514 1810 549 interme-³,

1003 553 1074 577 tatur
1097 552 1237 585 conclusio,
1254 552 1341 580 Busan
1355 561 1443 583 autem
1455 558 1591 593 confusio,
1614 559 1642 586 id
1655 560 1728 587 euim
1743 560 1784 594 τις·

1002 596 1124 624 diabolus
1145 605 1263 633 semper,
1290 605 1318 628 ιιι
1340 603 1486 631 concludat
1505 605 1577 632 viam
1594 606 1626 633 ad
1643 606 1808 642 Dominum„

1002 642 1165 674 opponendo
1182 643 1250 670 idola
1266 652 1326 678 sua,
1342 654 1375 673 ne
1385 649 1511 676 credatur
1527 649 1712 679 inebriatum.
1726 651 1812 680 eon„

1001 686 1086 713 clusio
1101 689 1172 714 euim
1189 690 1326 725 praecedit,
1344 696 1374 719 ut
1387 701 1452 726 rex,
1475 695 1597 730 sequitur
1611 696 1744 730 contusio,
1768 700 1813 726 ιιιι

1003 733 1096 767 plebs:
1113 736 1173 769 quia
1189 743 1256 769 quos
1269 738 1348 765 modo
1358 741 1504 775 concludit,
1516 749 1549 769 ne
1559 742 1670 770 credant
1679 743 1707 771 in
1717 743 1806 772 chri--

1002 784 1082 814 stum,
1107 783 1214 816 qnando
1236 787 1390 819 apparuerit
1413 787 1546 819 Christus.
1572 797 1666 819 omnes
1684 792 1796 820 consun-

1003 825 1110 854 dentur.

153 867 226 902 ligno
241 876 389 904 suspensus
400 873 451 903 est,
466 874 495 897 ut
508 870 637 898 Dominus
652 876 679 899 ει
695 872 722 899 in
738 878 863 908 serpente
875 881 948 901 mor-
964 873 990 903 B
1040 874 1065 899 5-
1088 874 1190 902 Mansio
1203 882 1291 903 aulem
1308 878 1357 906 ista
1373 879 1511 916 Dibonqad
1526 882 1717 917 interpretatur
1740 886 1806 920 sor-n

152 914 223 946 talis,
241 920 267 942 et
283 915 310 942 in
324 922 378 943 aere
392 916 590 951 significaretur
602 922 735 951 aeternus;
758 918 894 954 videlicet,
923 925 951 947 ιιι

152 959 316 987 indicaretur
331 965 452 988 mortuus
467 969 513 995 per
529 961 718 995 bumilitatem,
735 968 761 990 ει
777 968 865 991 tamen
878 969 951 992 esset

151 1005 227 1039 quasi
248 1012 339 1032 aeneus
361 1012 410 1041 per
425 1006 603 1035 divinitatem.
628 1007 744 1035 Pulchre
759 1013 847 1036 autem
865 1011 949 1044 prima

150 1050 256 1078 mansio
269 1050 391 1078 Selmena
404 1052 596 1086 interpretatur
606 1054 782 1088 imaguncula,
795 1055 856 1088 quia
868 1056 949 1083 nimi-

151 1103 210 1124 rum
226 1097 263 1124 ibi
277 1096 367 1133 imago
381 1105 509 1133 expressa
525 1104 566 1127 est
579 1099 726 1128 salvatoris
739 1109 787 1135 per
798 1107 949 1136 serpentem

152 1150 266 1176 aeneum,
283 1144 327 1177 qui
341 1143 386 1177 ibi,
398 1149 428 1171 ιιι
443 1145 541 1180 imago,
557 1146 583 1172 in
599 1146 671 1180 ligno
685 1148 822 1181 pependit.

188 1188 216 1215 4.
237 1189 350 1217 Pulchre
365 1190 444 1218 etiam
457 1198 485 1219 et
496 1193 614 1220 secunda
627 1192 740 1220 Phanou
759 1195 950 1230 interpretatur

151 1243 190 1269 os,
218 1237 278 1271 qula
308 1243 399 1271 postea
427 1247 507 1274 quam
530 1241 683 1275 passionem
709 1241 755 1268 tilii
785 1242 833 1269 Dei
851 1250 950 1277 cogno—

150 1282 263 1316 scimus,
279 1283 350 1318 quod
366 1285 447 1312 corde
462 1286 597 1314 credimus
610 1295 657 1314 ore
672 1288 887 1322 pronuntiamus,
911 1289 950 1316 le-

151 1333 244 1364 gentes
258 1329 321 1357 illud
337 1331 455 1365 Apostoli
469 1341 475 1358 ε
489 1332 572 1359 Corde
588 1333 701 1360 creditur
711 1335 891 1370 adjustitiam,
906 1342 949 1362 ore

151 1380 236 1402 autem
249 1375 374 1410 consessio
389 1377 418 1410 fit
438 1378 471 1403 ad
486 1378 592 1405 satutem
606 1377 695 1412 (nom.
712 1379 754 1414 x).

415 1440 528 1469 CAPUT
548 1441 681 1470 xxxvu.

187 1483 212 1510 l.
234 1483 381 1511 Tricesima
397 1486 509 1520 septima
525 1487 628 1515 mansio
649 1491 691 1516 est
714 1488 741 1516 in
768 1486 863 1521 oboth,
888 1496 947 1524 quae

149 1530 263 1557 vertitur
278 1531 303 1557 ιιι
323 1530 428 1566 Maqos,
446 1532 504 1560 sive
519 1532 669 1567 Pytltones;
694 1533 764 1562 unde
780 1535 947 1562 demonstra-

148 1578 191 1602 tur
206 1575 270 1609 quia
294 1581 353 1610 post
368 1577 511 1612 imaginem
528 1578 587 1611 Dei,
605 1585 664 1613 quoe
681 1579 709 1606 in
734 1579 824 1607 cordis
844 1579 948 1608 ratione

147 1624 321 1654 momtratur,
338 1626 365 1648 et
376 1622 571 1650 contessionem
584 1623 656 1657 fidei,
669 1632 728 1658 quie
739 1632 786 1652 ore
800 1625 946 1660 profertur,

145 1671 312 1700 consurgunt
326 1672 478 1701 serpentes,
491 1672 518 1695 et
534 1673 606 1696 artes
618 1669 746 1697 maleticae
759 1670 791 1697 ad
808 1671 878 1698 bella
897 1678 947 1698 nos

146 1717 305 1746 provocant.
321 1712 375 1740 Sed
390 1719 439 1740 nos
462 1714 581 1741 custodia
605 1715 802 1743 circumdantes
823 1724 870 1743 cor
895 1724 944 1744 ιιο-

147 1762 244 1791 strum,
268 1757 423 1785 obturemus
435 1766 514 1786 aures
530 1765 647 1794 nostras,
661 1768 695 1788 ne
709 1762 850 1790 audiamus
864 1771 944 1791 voces

147 1802 352 1837 incantantium,
372 1808 400 1831 et
414 1804 562 1833 sirenarum
577 1806 697 1835 carmina
712 1808 888 1844 negligamus.

403 1873 517 1902 CAPUT
538 1874 682 1903 xxxviii.

183 1917 208 1944 l.
229 1917 375 1946 'tricesima
398 1925 491 1948 octava
517 1921 621 1950 mansio
646 1926 688 1950 est
711 1923 737 1950 in
761 1923 894 1951 hobarum
916 1924 943 1951 in

144 1962 243 1990 linibus
266 1962 354 1997 Moab,
373 1972 433 2000 quae
457 1966 590 2001 significat
603 1975 706 1995 acervos
722 1969 839 2004 lapidum
858 1974 943 1997 trans-

143 2008 268 2042 euntium,
282 2009 307 2036 id
322 2014 374 2044 est,
390 2014 507 2046 sanctos,
525 2020 571 2047 per
585 2013 664 2041 istum
675 2014 804 2042 saeculum
824 2015 858 2043 ad
876 2016 941 2044 allas

143 2055 296 2082 mansiones
308 2056 424 2083 transire
438 2056 608 2087 festinantes.

366 2112 447 2149 455
462 2113 577 2142 capus
596 2114 721 2144 xxxix.

180 2155 204 2182 t.
226 2155 371 2184 Tricesima
389 2168 458 2187 nona
473 2161 577 2188 mansio
591 2166 632 2189 est
647 2163 673 2190 in
690 2162 837 2200 Dibonqad.
849 2165 878 2192 ln
891 2165 941 2193 hac

141 2200 242 2235 geritur
257 2202 356 2230 bellum
371 2210 465 2231 contra
482 2204 571 2232 Sehon
591 2213 683 2240 regem
707 2209 936 2244 Amorrliaeorum,

1003 921 1062 945 liter
1087 921 1214 949 intellecta
1239 926 1355 958 tentatio,
1371 928 1431 960 quia
1459 928 1584 956 nimirum
1609 931 1631 957 si
1656 937 1807 967 superetur

1003 966 1148 1001 simulatio,
1174 977 1233 1003 quae
1248 978 1295 1004 per
1306 972 1423 999 schisma
1443 975 1486 1001 vel
1507 975 1630 1003 haeresim
1654 980 1807 1006 exercebat

1003 1012 1160 1047 Ecclesiam,
1175 1021 1202 1043 et
1217 1019 1363 1052 conclusio,
1380 1027 1438 1054 quae
1453 1028 1501 1055 per
1514 1022 1681 1057 sacrilegium
1697 1025 1797 1053 claudit

1003 1058 1065 1085 fidei
1078 1059 1158 1093 viam,
1170 1061 1345 1090 nihilominus
1358 1069 1470 1092 tentatio
1478 1065 1644 1102 intelligitur,
1657 1075 1689 1095 ac
1698 1068 1797 1096 deiude
1815 1072 1818 1073 ⁷

1003 1104 1139 1133 intellecta
1159 1108 1263 1135 sortiter
1275 1114 1427 1144 superatur.

1304 1160 1417 1188 CAPUT
1437 1161 1492 1190 XL.

1039 1197 1064 1224 l.
1085 1197 1294 1234 Quadragesima
1310 1202 1413 1229 mansio
1433 1207 1474 1230 est
1488 1204 1521 1231 de
1536 1203 1673 1240 Dibougad
1689 1207 1713 1233 in
1729 1206 1796 1235 Hel-

1002 1250 1062 1269 mon
1077 1244 1248 1279 Debtothaim,
1266 1254 1325 1280 quae
1340 1248 1450 1274 vertitur
1469 1249 1495 1275 in
1510 1255 1681 1285 contemptum
1695 1252 1796 1287 palata-

1001 1298 1070 1324 rum,
1085 1292 1142 1318 sive
1158 1293 1362 1327 opprobriorum.
1387 1295 1419 1321 Et
1441 1303 1487 1329 per
1509 1297 1560 1324 boc
1579 1297 1691 1325 dicimus
1706 1300 1795 1327 omnia

1000 1337 1088 1364 dulcia
1105 1346 1136 1365 ac
1147 1338 1288 1367 illecebras
1304 1341 1468 1375 voluptatum
1485 1344 1700 1377 praetereuntium
1714 1344 1796 1382 456

999 1383 1026 1410 ιιι
1038 1384 1136 1411 saeculo
1147 1386 1368 1420 contemnendas,
1379 1391 1407 1414 et
1418 1389 1559 1422 opprobria
1573 1389 1718 1428 diligenda.
1730 1392 1795 1424 Quae

999 1429 1021 1456 si
1037 1429 1102 1456 falso
1118 1430 1289 1465 objiciantur,
1306 1432 1497 1461 beatitudinem
1517 1439 1633 1468 pariunt,
1656 1435 1795 1465 Salvatore

999 1475 1154 1509 plenissime
1178 1478 1300 1509 docente,
1317 1479 1361 1512 qui
1376 1480 1412 1506 ιιιι
1429 1487 1436 1506 :
1456 1479 1519 1507 Cum
1531 1482 1737 1516 exprobraverint
1748 1490 1792 1510 ve-

1000 1520 1037 1547 bis
1051 1521 1175 1555 homines,
1193 1522 1255 1549 beati
1269 1524 1337 1550 eritis
1353 1524 1429 1558 (Luc.
1445 1525 1493 1560 Vt).

1296 1566 1410 1594 CAPUT
1429 1566 1497 1595 ΧΗ.

1038 1612 1064 1638 l.
1085 1611 1292 1647 Quadragesima
1321 1613 1404 1648 prima
1429 1615 1533 1642 mansio
1554 1621 1594 1643 est
1616 1616 1644 1644 ιιι
1667 1617 1792 1645 mantibus

999 1658 1116 1691 Abarim,
1132 1663 1226 1685 contra
1240 1658 1334 1686 faciem
1349 1659 1433 1692 Naho,
1454 1667 1513 1695 quae
1523 1661 1634 1689 vertitur
1648 1662 1674 1689 in
1694 1667 1791 1690 montes

998 1708 1196 1738 transeuntium,
1216 1709 1244 1732 et
1258 1709 1299 1733 est
1312 1710 1406 1733 contra
1425 1706 1519 1735 taciem
1532 1709 1630 1736 montis
1645 1708 1730 1742 Naba,
1744 1709 1791 1737 ubi

997 1752 1112 1779 moritur
1125 1755 1152 1779 ει
1164 1752 1291 1786 sepelitur
1306 1751 1421 1788 Moyses,
1438 1758 1508 1780 terra
1525 1754 1708 1788 promissionis
1728 1758 1791 1783 ante

996 1803 1141 1833 conspecta
1153 1791 1243 1833 (Dent.
1261 1799 1366 1834 xxxiv).
1394 1799 1468 1827 Naba
1481 1800 1670 1836 iuterpretatur
1683 1801 1789 1829 conclu-

995 1845 1042 1878 sio,
1060 1845 1086 1871 in
1101 1852 1152 1880 qua
1167 1843 1259 1872 finitur
1281 1845 1334 1880 lex,
1351 1851 1378 1873 et
1392 1854 1446 1874 non
1467 1847 1603 1875 iuvenitur
1615 1848 1674 1883 ejus
1687 1856 1789 1877 memo-

995 1891 1046 1918 ria.
1062 1890 1146 1918 Porro
1157 1892 1243 1926 gratia
1256 1891 1394 1927 Evangelii
1408 1893 1507 1927 absque
1519 1894 1573 1920 ullo
1587 1893 1639 1921 [ine
1651 1894 1766 1922 tenditur
1779 1902 1786 1922 :

995 1936 1029 1963 Et
1044 1937 1069 1963 in
1080 1945 1181 1964 omnem
1194 1942 1287 1964 terram
1300 1939 1375 1965 exivit
1394 1947 1470 1966 sonus
1482 1940 1547 1974 ejus,
1566 1941 1628 1967 etin
1641 1940 1705 1974 lines
1719 1941 1788 1968 orbis

994 1987 1067 2010 terroe
1080 1983 1154 2010 verba
1164 1984 1243 2018 ipsius
1256 1983 1367 2019 (Psalm.
1384 1985 1471 2020 xvtn).

1028 2027 1056 2056 2.
1077 2029 1216 2064 Simulque
1230 2030 1452 2058 considerandum
1466 2031 1536 2066 quod
1558 2031 1684 2060 habitatio
1699 2036 1786 2061 trans-

993 2074 1112 2102 euntium
1137 2075 1162 2102 ιη
1182 2075 1320 2103 montibus
1335 2076 1386 2103 sita
1401 2078 1445 2108 sit,
1460 2072 1588 2104 et'aduue
1607 2077 1726 2112 prosectu
1744 2077 1786 2105 in—

992 2120 1092 2154 digeat.
1116 2120 1181 2148 Post
1203 2125 1307 2149 montes
1326 2122 1398 2150 enim
1423 2122 1553 2157 plurimos
1572 2123 1606 2150 ad
1623 2124 1785 2158 campestria

992 2164 1072 2192 Moab
1087 2170 1114 2193 et
1133 2165 1255 2194 iordanis
1278 2167 1376 2194 fluenta
1396 2167 1596 2201 descendimus,
1619 2176 1678 2203 quse
1701 2168 1785 2196 inter-

991 2215 1113 2246 pretatur
1136 2212 1275 2241 descensio.
1292 2211 1363 2241 Nihil
1377 2215 1448 2242 enim
1468 2217 1522 2242 tam
1544 2214 1722 2250 periculosum
1742 2219 1784 2243 est

142 2251 170 2274 et
185 2246 223 2281 Og
239 2255 330 2282 regem
348 2249 445 2277 Basan.
466 2249 496 2277 ln
513 2250 555 2278 his
579 2252 687 2286 regibus
710 2253 773 2281 licet
796 2262 839 2282 res
861 2261 937 2290 gesta
950 2246 977 2277 n
991 2267 1070 2294 quam
1093 2261 1185 2295 gloriae
1199 2261 1342 2297 cupiditas,
1359 2266 1387 2290 et
1398 2263 1537 2298 J'actantia,
1553 2268 1580 2291 et
1593 2264 1698 2291 animus
1718 2271 1784 2292 con-

141 2299 329 2328 cognoscatur,
348 2300 437 2322 tamen
457 2302 505 2330 per
526 2297 696 2325 conditiones
710 2299 875 2334 virtutesque
887 2309 938 2328 no-

141 2338 242 2367 minum
270 2341 418 2375 spiritualis
441 2342 604 2377 significatio
625 2348 668 2371 est
689 2344 821 2380 subjecta.
850 2346 936 2374 Sehon

141 2392 258 2420 namque
281 2386 472 2421 interpretatur
493 2389 600 2416 tentatio
625 2390 767 2417 oculorum.
789 2390 841 2418 Per
857 2399 935 2426 quem

140 2429 273 2464 liguratur-
282 2431 417 2466 diabolus,
430 2433 476 2466 qui
490 2433 662 2469 transfigurat
674 2441 704 2462 se
726 2434 798 2463 velut
812 2437 934 2471 angelum

167 2512 204 2550 '5J
218 2522 295 2556 Quod
308 2531 366 2550 vero
381 2531 467 2550 oeneue
476 2544 485 2557 ,
510 2531 594 2559 usque
609 2530 642 2551 au
656 2532 711 2551 esre
725 2527 790 2553 sote!
800 2545 809 2558 ‚
823 2531 857 2554 ex
869 2525 926 2554 Au-

139 2562 222 2593 gust..
238 2566 321 2586 serm.
337 2559 386 2586 tot
403 2559 438 2586 de
450 2563 583 2593 temporo.
597 2559 695 2587 Gaui„

174 2592 244 2621 ibid.
272 2593 310 2621 De
325 2601 401 2621 :eueo
422 2599 557 2628 serpente.
573 2602 626 2629 quo
641 2594 765 2622 Christus
791 2595 928 2624 indicaba-

139 2632 190 2690 'tlt’
203 2627 405 2692 ⁰⁰““''0{'³²{5⁵
419 2629 848 2694 ’tae:-‘:,¹‡23⁵=.32¹⁸'5:ii;‘2¹i;l·
860 2638 922 2667 ¹³²⁸·

177 2684 184 2695 ,
201 2671 260 2691 cum
276 2672 292 2691 n
325 2683 344 2696 .,
401 2672 429 2692 re
493 2673 500 2691 ι
636 2674 649 2692 r
743 2685 750 2693 .
843 2685 850 2694 .

174 2699 237 2726 Cir.
251 2704 353 2728 xxxvii.
374 2700 406 2728 N.
431 2700 456 2727 Ι.
473 2699 632 2728 sirenarum.
644 2674 683 2729 lea
696 2702 776 2729 etiam
790 2701 847 2730 alii.
870 2700 924 2733 Be-

138 2737 210 2760 ctum
222 2739 293 2762 esset
305 2736 427 2763 sirmam.
439 2736 524 2764 Διιιν.

139 2804 347 2840 ευηῐιιοιάεηιιιν,
375 2806 458 2835 verba
484 2808 596 2843 August.
629 2807 657 2835 in
803 2812 926 2836 -unw-

138 2835 234 2867 Garsi..

978 2814 1032 2842 uon
1046 2813 1107 2850 disp
1125 2819 1180 2845 eet.
1193 2812 1281 2845 Διιι.

991 2306 1103 2334 scientia
1113 2307 1240 2335 virtutum
1255 2311 1417 2335 tumescens.

1274 2356 1388 2385 CAPUT
1407 2356 1487 2385 xttt.

1025 2397 1050 2423 1.
1072 2396 1281 2432 Quadragesima
1303 2397 1421 2425 secunda
1441 2398 1547 2426 mansio
1567 2402 1609 2427 est
1629 2399 1656 2428 in
1677 2406 1781 2436 campe-
1798 2422 1806 2429 ,

987 2441 1086 2470 stribus
1110 2442 1200 2476 Moab,
1220 2449 1301 2478 super
1321 2441 1479 2479 lordanem,
1500 2445 1575 2480 juxta
1593 2444 1721 2480 seriano,
1734 2446 1779 2475 ubi

1013 2530 1078 2559 Car.
1099 2539 1144 2560 ιι.
1164 2531 1198 2559 Ν.
1219 2532 1245 2560 l.
1267 2533 1331 2566 Quoe
1352 2534 1457 2561 vertitur
1472 2534 1498 2562 in
1512 2537 1682 2578 contemptum
1702 2537 1778 2574 ρεια-

976 2570 1071 2594 mrum.
1085 2567 1260 2595 Rectenostri
1273 2568 1350 2602 iihri;
1363 2569 1492 2597 mendose
1501 2571 1571 2605 apud
1582 2571 1775 2607 Hieronymum
1815 2581 1828 2613 ζ

974 2601 1123 2663 glaqarttm.
1145 2602 1213 2631 Sunt
1226 2609 1315 2631 autem

1355 2605 1433 2632 atatoe
1450 2613 1548 2635 massa
1565 2606 1599 2634 de
1621 2609 1774 2636 recentibus

994 2637 1087 2665 cubus.
1115 2637 1175 2666 vid.
1193 2638 1318 2668 Ambros.
1350 2646 1381 2668 oe
1394 2640 1466 2677 loeo,
1479 2639 1673 2678 etflibrauym.
1685 2642 1712 2671 in
1723 2650 1774 2671 uo·

974 2671 1092 2700 minibus
1102 2673 1137 2701 de
1153 2674 1261 2702 Numer.
1277 2675 1376 2704 Catu..

1016 2706 1085 2736 ibid.
1106 2708 1158 2736 Pr0
1171 2709 1197 2736 in
1209 2714 1390 2746 contemptum,
1401 2709 1462 2740 Alb.
1486 2710 1697 2777 hymnum.
1711 2712 1775 2742 sto-

967 2748 1050 2786 ¹rent.
1073 2744 1086 2771 1
1105 2753 1112 2771 z
1128 2743 1163 2772 Et
1176 2753 1222 2781 per
1233 2745 1281 2773 hoc
1294 2733 1515 2777 discimuam'tt&
1635 2752 1668 2777 ου
1686 2746 1774 2776 itm·-

173 2767 238 2796 Cn.
258 2776 353 2799 xxm.
366 2770 399 2798 N.
415 2771 442 2800 Ι.
462 2770 497 2799 ln
511 2771 551 2799 nte
562 2771 676 2808 reyibu,
689 2772 828 2844 :nea-aed
839 2777 927 2800 oum
979 2777 1038 2808 brus
1053 2778 1111 2807 voto
1131 2785 1212 2808 tatum

1238 2785 1420 2819 pretermittas
1440 2782 1470 2812 ιιι
1487 2778 1601 2827 mh„
1616 2786 1670 2813 ete.
1691 2781 1787 2820 Μ
