1832 3016
21 130 72 166 ’181

502 130 548 160 ΒΕ
569 126 852 159 zccnnstas‘rmis
870 122 1016 159 osricus
1035 127 1100 157 uu.
1119 129 1154 157 11.

1606 133 1658 161 782

21 189 166 224 orificium,
192 193 220 217 et
233 191 295 224 post
306 188 379 216 hunc
404 185 552 221 abraham,
577 185 653 214 Isaac
667 189 695 214 et
718 185 813 214 Jacob.
826 186 853 217 Α
866 185 938 213 enim
960 186 1078 222 loquitur
1093 186 1127 214 ad
1147 192 1208 213 eum
1229 186 1382 214 Dominus:
1412 196 1422 213 ι
1443 186 1483 215 Tu
1499 195 1530 216 cs
1553 189 1658 226 (inquit)

22 237 76 268 sed
90 237 132 265 isti
143 241 291 272 spontanea
304 230 452 268 volumtate,
467 240 522 262 non
543 232 703 262 sacerdotali
716 235 810 260 aucto·

22 281 102 311 ritate
114 282 165 310 ista
179 281 309 309 lecerunt.

57 329 85 356 2.
101 327 232 356 caeterum
241 328 330 355 Aaron
343 324 446 360 primus
460 325 488 353 in
498 325 558 361 lege
575 325 745 353 sacerdotale
764 331 813 353 no-

26 381 88 402 men
108 372 404 408 accepit,‘primnsqne
427 370 573 405 pontilicali
597 371 664 398 stola
687 370 813 397 infulatus

23 422 148 447 victimas
158 418 265 450 obtulit,
285 417 396 452 iubente
422 416 546 450 Domino,
573 423 605 443 ac
633 416 757 450 loquente
778 415 812 443 ad

24 465 135 502 Moysen
149 472 156 492 ε
171 472 181 490 ι
198 463 306 497 Accipe,
319 462 413 498 inquit,
440 463 540 494 Aaron,
564 466 591 489 et
606 461 675 489 lilios
689 461 758 496 eius,
787 463 814 488 et

24 510 169 546 applicabis
178 508 212 536 ad
225 509 323 537 ostium
337 509 505 537 tabernaculi
521 508 677 536 testimonii.
693 508 814 542 Cumque

24 556 120 584 laveris
133 560 238 590 patrem
251 562 312 583 cum
328 555 392 582 liliis
401 562 481 590 aqua,
511 554 605 582 indues
621 554 710 582 Aaron
732 554 814 582 vesti-

24 600 121 629 mentis
131 601 197 634 suis,
217 599 245 628 id
260 604 311 634 est,
328 600 398 637 linea
414 600 514 633 tunica,
540 604 568 628 et
588 599 811 635 superhumerali,

25 651 51 674 et
63 646 195 678 rationali,
205 645 275 681 qnod
289 645 457 681 constringes
471 645 570 678 balteo,
583 650 609 672 et
625 652 708 679 pones
720 644 813 672 tiaram

24 691 52 718 in
65 691 152 726 capite
165 690 234 725 cius,
249 694 278 718 et
298 691 423 718 laminam
437 694 556 718 sanctam
572 697 653 725 super
666 691 772 722 tiaram,
788 693 815 717 et

22 729 113 763 'oleum
125 736 258 763 unctionis
272 735 367 764 fundes
387 743 467 771 super
479 740 559 772 caput
581 736 651 771 ejus,
668 742 748 771 atque
763 735 815 763 hoc

25 780 76 807 ritu
89 781 300 809 consecrabitur.
317 782 397 810 Filios
408 789 514 818 quoque
528 782 599 810 illius
614 782 773 817 applicabis,
788 786 816 810 et

26 823 119 852 indues
133 825 229 853 tunicis
244 826 331 860 lineis,
343 827 487 862 cingesque
511 827 616 861 balteo,
632 827 722 855 Aaron
739 827 815 855 scili-

863 232 971 268 Petrus,
988 239 1016 261 et
1043 241 1125 269 super
1148 233 1217 260 banc
1239 237 1341 268 petram
1357 233 1495 262 :edificabo
1515 230 1658 265 ecclesiam

835 273 838 277 '
863 284 970 311 meam,
997 282 1024 306 et
1044 283 1127 314 portae
1154 278 1232 306 inferi
1256 286 1309 305 non
1331 279 1440 306 vincent
1467 287 1538 313 cam,
1563 286 1589 308 et
1612 283 1659 309 tibi

864 322 934 351 dabo
949 324 1039 351 claves
1063 323 1139 358 regni
1152 323 1282 351 coetorum
1299 332 1309 349 »
1329 323 1435 359 (Matth.
1458 333 1513 359 xvi,
1536 326 1594 362 18).
1611 327 1660 355 llic

864 375 928 402 ergo
942 368 1042 402 ligandi
1058 369 1234 404 solvendique
1254 373 1413 404 potestatem
1431 370 1531 403 primus
1545 372 1660 407 accepit,

865 413 1023 447 primusque
1036 414 1069 440 ad
1095 414 1174 441 fldem
1196 414 1324 448 populum
1349 415 1448 442 virtute
1463 422 1517 442 suae
1533 418 1662 450 praedic-a-

865 459 945 486 tionis
966 459 1092 491 adduxit;
1119 459 1249 493 siquidem
1275 459 1357 496 419
1380 466 1407 487 et
1432 461 1522 488 caeteri
1546 463 1660 496 apostoli

865 511 927 530 cum
943 503 1022 532 Petro
1038 505 1096 539 pari
1116 505 1254 532 consortio
1279 506 1390 533 honoris
1413 510 1440 533 et
1455 509 1596 540 potestatis
1623 508 1663 535 ef-

865 547 1014 581 fectisunt,
1029 549 1076 584 qui
1090 550 1170 577 etiam
1199 550 1225 577 in
1242 555 1298 578 toto
1318 550 1385 578 orbe
1411 551 1525 586 dispersi
1541 553 1663 588 Evange-

867 592 932 620 lium
949 594 1172 626 praedicaverunt.

903 637 929 664 6.
947 638 1101 673 Quibusque
1112 638 1306 667 decedentibus
1324 646 1513 669 successerunt
1531 642 1661 677 episcopi,

868 682 992 717 quisunt
1014 684 1153 711 consumti
1168 691 1218 720 per
1243 689 1326 712 totum
1356 686 1483 713 mundum
1504 687 1531 714 in
1555 688 1662 715 sedibus

868 727 1062 762 apostolorum,
1077 728 1124 763 qui
1147 737 1199 756 non
1213 729 1268 764 iam
1283 737 1318 757 ex
1332 737 1431 765 genere
1452 732 1541 759 carnis
1561 738 1588 760 et
1602 740 1664 760 san-

868 772 956 807 guinis
970 773 1122 807 eliguntur,
1146 774 1214 802 sicut
1235 775 1350 809 primum
1371 776 1519 804 secundum
1536 778 1662 806 ordinem

869 817 970 852 Aaron,
982 819 1030 846 sed
1044 827 1092 853 pro
1106 820 1318 856 uuiuscujusque
1342 822 1449 856 merito,
1473 823 1544 858 quod
1559 824 1586 850 in
1602 831 1663 852 eum

26 874 78 903 εει,
93 875 120 898 02
132 871 230 900 'iberos
246 872 315 907 ejus,
330 877 358 901 ει
370 873 493 908 impone,
507 874 546 901 εἰς
561 874 668 907 min-as,
683 878 815 909 eruntque
830 869 856 900 Β
867 866 951 900 gratia
966 865 1057 893 diviua
1071 867 1225 900 contulerit,
1241 869 1310 895 sicut
1322 869 1402 896 etiam
1418 870 1451 896 ad
1468 870 1524 897 lleli
1536 870 1664 899 Dominus

26 917 180 943 sacerdotes
190 915 255 943 mibi
270 916 400 951 religione
413 921 540 952 perpetua
552 926 562 944 ι
579 916 678 952 (Exod.
690 926 763 952 xxix,
778 918 818 954 4).

62 961 97 987 5.·
105 958 162 993 Quo
176 961 235 988 loco
245 962 421 996 contemplari
445 966 551 996 oportet
567 962 656 990 Aaron
684 970 819 991 summum

28 1005 193 1033 sacerdotem
219 1005 302 1034 fuisse
329 1006 411 1042 218
444 1006 472 1034 id
497 1012 548 1040 est,
565 1008 737 1042 episcopum3
759 1016 819 1036 nam

30 1051 110 1079 lilios:
120 1052 179 1086 eius
204 1052 422 1087 presbyterorum
448 1052 561 1088 liguram
588 1059 821 1088 praemonstrasse.

0 1116 1 1136 ἶ
31 1096 231 1125 Fueruntenim
244 1099 291 1125 lilii
307 1099 394 1125 Aaron
419 1103 446 1126 et
461 1098 512 1133 ipsi
533 1099 699 1132 sacerdotes,
726 1099 822 1135 quibus

31 1141 127 1168 merito
141 1146 230 1169 astare
243 1141 400 1170 debuissent
411 1142 521 1176 Levitae,
535 1143 604 1171 sicut
619 1151 723 1172 summo
734 1152 823 1173 sacer-

32 1187 99 1214 doti.
111 1187 165 1215 Sed
176 1192 204 1215 et
215 1188 265 1216 hoc
278 1188 403 1216 suitinter
410 1196 543 1217 summum
552 1190 719 1219 sacerdotem
733 1193 823 1219 Aaron

32 1236 60 1260 et
75 1233 145 1259 inter
160 1233 228 1260 lilios
241 1234 362 1267 eiusdem
376 1234 475 1269 Aaron,
490 1234 535 1269 qui
550 1239 578 1263 et
600 1235 651 1270 ipsi
670 1237 823 1264 sacerdotes

32 1277 150 1312 luerunt,
166 1278 237 1312 quod
252 1280 341 1306 Aaron
363 1286 445 1314 super
465 1281 581 1308 tunicam
608 1281 757 1316 accipiebat
775 1289 823 1316 po·

33 1320 136 1354 derem,
149 1323 246 1350 stolam
258 1328 388 1357 sanctam,
413 1331 541 1352 coronam
568 1333 688 1361 auream,
704 1328 820 1360 mitram,

31 1371 61 1395 et
73 1368 210 1396 brachiale
220 1376 346 1402 aureum,
362 1377 455 1396 zonam
467 1378 585 1403 auream,
602 1376 629 1398 et
643 1373 822 1407 superhume-

33 1412 98 1447 rale,
116 1417 143 1441 et
157 1418 252 1441 caetera
265 1434 272 1446 ,
300 1418 359 1448 quac
382 1422 461 1449 supra
489 1421 635 1443 memorata
665 1421 737 1443 sunt.
765 1417 824 1444 Filii

33 1463 122 1486 autem
137 1459 224 1486 Aaron
238 1466 318 1493 super
333 1460 435 1487 tunicas
450 1460 534 1487 lineas
559 1461 640 1489 cincti
660 1465 823 1490 tantummo-

34 1502 80 1538 do,
98 1507 126 1531 et
143 1505 242 1536 tiarati,
255 1505 378 1532 astabant
390 1505 521 1533 sacrificio
536 1506 592 1534 Dei.

69 1549 97 1576 4.
114 1549 168 1578 Sed
183 1550 294 1577 forsitan
309 1551 441 1586 quaeritur
454 1557 483 1579 et
495 1551 546 1579 hoc
560 1552 638 1587 cujus
655 1552 768 1589 figuram
785 1553 825 1580 fa-

34 1595 120 1623 ciebat
143 1595 258 1631 Moyses.
281 1596 308 1624 Si
330 1597 403 1623 enim
425 1596 472 1624 iiiii
493 1597 582 1624 Aaron
607 1598 825 1633 presbyterorum

35 1642 144 1677 liguram
160 1642 304 1675 faciebant,
330 1647 357 1670 et
378 1644 467 1671 Aaron
492 1643 589 1671 summi
613 1644 771 1678 sacerdotis,
799 1645 827 1672 id

25 1691 86 1719 est,
109 1689 240 1722 episcopi,
258 1688 362 1723 Moyses
382 1687 482 1722 cujus?
510 1688 693 1716 indubitanter
718 1689 826 1716 Christi.

36 1732 70 1760 Et
84 1740 146 1760 vere
163 1741 209 1768 per
224 1734 314 1760 omnia
326 1733 437 1766 Christi,
453 1735 579 1769 quoniam
606 1735 757 1763 similitudo
777 1736 828 1762 suit

35 1777 191 1806 mediatoris
206 1778 265 1812 Dei,
281 1779 327 1813 qui
341 1785 382 1806 est
397 1779 467 1807 inter
481 1779 564 1807 Deum
579 1785 606 1807 et
617 1781 740 1808 homines
751 1781 827 1809 Jesus

24 1823 167 1856 *Christus
178 1825 222 1858 qui
236 1829 277 1852 est
288 1832 366 1852 verus
379 1825 432 1852 dux
446 1825 617 1859 populorum,
644 1833 724 1855 verus
752 1827 826 1861 prin-

26 1876 100 1904 ‹ceps
115 1869 301 1902 sacerdotum,
327 1874 354 1897 et
378 1870 504 1897 dominus
529 1872 699 1906 pontificum,
717 1873 760 1900 cui
787 1877 829 1901 cst

27 1914 134 1948 thonor,
147 1919 174 1942 et
189 1915 272 1950 gloria
286 1915 421 1943 insaecula
435 1915 604 1944 saeculorum.
619 1918 716 1945 Amen.

71 1961 100 1988 5.
114 1961 249 1988 Hactenus
260 1961 294 1988 de
308 1961 464 1996 primordiis
476 1962 685 1991 sacerdotalibus
696 1963 723 1991 in
739 1964 828 1992 Veteri

27 2007 220 2036 Testamenta.
240 2009 266 2036 ln
278 2008 353 2036 Novo
375 2013 465 2037 autem
488 2010 661 2039 'testamento
677 2016 738 2046 post
751 2012 829 2039 Chri-

28 2057 109 2082 =stum
122 2054 297 2083 sacerdotalis
313 2054 379 2083 ordo
394 2062 410 2082 a
425 2055 504 2083 Petro
519 2055 608 2091 coepit.
623 2056 757 2092 lpsienim
772 2057 828 2092 pri-

28 2107 112 2127 imum
133 2100 211 2127 datus
232 2104 274 2127 est
289 2100 458 2135 pontificatus
479 2101 506 2128 in
520 2101 641 2129 Ecclesia
656 2101 775 2135 Christi;
791 2102 830 2130 sic

74 2170 102 2197 2.
114 2170 219 2203 Accipe,
232 2170 326 2204 inquil,
339 2170 436 2197 Aaron.
448 2168 533 2196 Exod.
548 2178 644 2197 xxxix.
660 2170 747 2198 enin.

74 2204 144 2233 loid.
161 2206 188 2233 Ιιι
205 2205 327 2239 Vulgata,
341 2204 374 2231 Ει
389 2205 487 2237 Aaron,
500 2210 524 2232 et
540 2205 607 2240 filios
622 2206 675 2240 ejus
686 2205 827 2241 applicabis

28 2240 99 2268 «sine
109 2241 203 2276 accipe.
213 2240 265 2267 Pro
279 2241 422 2267 sacerdotes
438 2241 515 2274 mihi,
541 2245 568 2267 ut
589 2245 630 2268 est
650 2241 676 2267 in
705 2242 825 2277 Vulgata,

29 2277 158 2303 unonnutti
170 2275 308 2303 isidoriani
320 2276 380 2302 libri
389 2275 497 2306 liabent,
510 2276 654 2304 sacerdotes
665 2276 723 2303 mei.
738 2278 825 2304 Attsv.

66 2310 103 2338 v5.
117 2310 158 2338 Tu
167 2318 194 2338 es
209 2310 312 2342 Petrus,
338 2310 432 2337 Matth.
446 2318 501 2338 xvi.
518 2310 613 2338 Gatar..

67 2344 145 2376 loia.
163 2345 226 2372 Pari
236 2346 364 2372 consortio
379 2346 501 2379 honoris,
521 2352 574 2374 etc.
601 2346 667 2374 Vide
693 2353 790 2374 canon.
811 2347 829 2374 Ξ

29 2379 104 2409 suist.
117 2379 163 2407 22.
179 2380 242 2408 llaec
255 2380 393 2415 desumpta
407 2386 469 2408 sunt
482 2388 514 2409 ex
529 2386 622 2409 sancto
635 2382 777 2417 cypriano.
793 2382 828 2410 de

30 2413 151 2443 lUnitate
166 2414 303 2447 Ecclesioe.
317 2422 376 2450 pag.
393 2415 442 2443 1⁰7
458 2420 485 2444 et
498 2423 556 2451 seq.
572 2417 705 2444 Editionis
717 2417 827 2445 loannis

30 2448 119 2478 chlli.
129 2448 201 2477 illoc
214 2453 290 2476 eraut
305 2450 395 2484 utique
405 2455 432 2478 et
445 2452 536 2479 caeteri
551 2452 680 2485 apostoli,
693 2452 764 2487 quod
778 2453 827 2480 luit

32 2483 151 2516 tPetrus,
166 2485 222 2517 pari
236 2485 373 2512 consortio
384 2485 488 2520 proditi
502 2490 530 2514 et
545 2487 655 2515 honoris
669 2492 696 2514 et
712 2492 829 2521 potesta-

31 2520 90 2552 stis,
105 2518 152 2546 sed
162 2521 305 2549 exordium
313 2519 347 2546 ab
355 2520 459 2548 unitate
468 2521 655 2556 proficiscitur,
668 2526 697 2549 ut
708 2522 828 2551 Ecclesia

31 2561 98 2596 suaa
111 2555 285 2596 monstretur.
298 2562 309 2580 ι
326 2554 354 2582 la
363 2556 503 2595 ‘nonnullis
516 2557 655 2591 impressis
668 2561 697 2585 et
710 2557 774 2585 uss.
790 2559 828 2586 le-

30 2587 828 2656 lffl'dffffssffli‘fffflffnffflfflm?stillim&

32 2694 186 2726 tilarminus.
196 2692 235 2722 de
246 2693 326 2722 Rom.
337 2693 429 2726 Pom...
441 2693 488 2722 lib.
503 2702 532 2727 ι,
545 2701 607 2730 cap.
617 2695 664 2729 ¹2,
676 2700 758 2731 necat
767 2698 834 2726 truie

32 2728 122 2769 «moi
140 2729 280 2770 apostolos
299 2727 561 2770 luisse'pqmoiater
571 2737 618 2770 uf,
631 2730 692 2760 stc
713 2732 834 2765 priunum

123 2794 126 2796 ,
174 2767 338 2805 *auctoritate
351 2762 620 2805 ssqcti=laoenu2=qui
627 2738 837 2829 :etad-m

132 2798 467 2867 ..cittit‘lttm'
393 2798 654 2870 '⁹⁸²'p‘mau-“ffl'ffla
665 2833 836 2868 ...Μ
711 2800 833 2841 W·

31 2658 148 2692 aldoxus,
164 2658 212 2685 sed
232 2659 278 2686 alii
298 2655 404 2693 quoque
421 2658 546 2687 catholici
564 2662 828 2690 consentianum-
854 2676 858 2683 ·

872 911 1068 945 pronuntiavit,
1090 911 1206 940 dicens:
1224 922 1234 938 ‹
1267 913 1328 940 llaec
1355 914 1419 941 dicit
1440 914 1568 943 Dominus
1594 916 1665 944 Deus

873 955 954 982 lsrael
967 964 975 983 :
990 956 1062 983 Dixi.
1075 957 1177 984 Domus
1188 962 1244 991 tua,
1255 963 1282 986 et
1297 959 1394 986 domus
1406 960 1488 994 patris
1501 961 1538 988 tui
1559 969 1664 995 perma-

873 1000 974 1027 nebunt
988 1008 1078 1028 coram
1091 1009 1134 1029 me
1148 1009 1234 1037 usque
1249 1003 1276 1030 in
1297 1009 1428 1031 aeternum
1441 1013 1447 1037 ;
1466 1010 1493 1032 et
1516 1013 1588 1033 nuuc
1603 1006 1667 1034 dicit

874 1046 1024 1074 Dominus:
1039 1047 1222 1083 Nequaquam,
1249 1049 1297 1076 sed
1313 1050 1494 1084 glorificantes
1509 1059 1552 1080 me
1567 1053 1667 1087 glorifi-

874 1091 951 1125 cabo,
967 1096 994 1118 et
1008 1092 1053 1126 qui
1071 1100 1114 1119 me
1129 1094 1231 1127 spernit
1246 1100 1388 1128 spernetur
1407 1105 1416 1121 ι
1434 1095 1461 1131 (1
1476 1096 1542 1132 Req.
1564 1104 1593 1129 ιι,
1609 1097 1666 1131 50).

910 1139 936 1164 7.
949 1138 1071 1171 Quatuor
1100 1143 1190 1166 autem
1224 1146 1287 1167 sunit
1316 1149 1414 1176 genera
1448 1144 1631 1178 apostolorum
1661 1154 1666 1170 :

875 1193 957 1212 unum
969 1192 983 1211 a
998 1185 1052 1212 Deo
1062 1190 1177 1219 tantum,
1189 1191 1217 1214 ut
1233 1187 1357 1223 Moyses;
1383 1188 1496 1216 alterum
1513 1197 1559 1224 per
1580 1189 1667 1217 bomi-

876 1238 938 1258 nem
949 1235 977 1258 et
994 1231 1087 1265 Deum,
1103 1236 1131 1260 ut
1144 1232 1243 1266 Josue;
1270 1234 1376 1260 tertium
1397 1238 1499 1261 tantum
1515 1242 1562 1269 per
1578 1234 1666 1261 homi-

876 1284 949 1308 nem,
965 1277 1036 1304 sicut
1060 1276 1102 1304 his
1118 1279 1285 1312 temporibus
1310 1279 1386 1306 multi
1403 1280 1494 1307 lavore
1523 1281 1613 1315 populi
1642 1287 1668 1308 et

876 1327 1040 1356 potestatum
1066 1323 1093 1350 in
1119 1324 1298 1351 sacerdotium
1327 1325 1520 1360 subrogantur;
1545 1330 1668 1360 quartum

876 1374 965 1396 autem
979 1376 1064 1403 genus
1080 1377 1112 1396 ex
1129 1377 1158 1397 se
1171 1375 1223 1403 est,
1240 1370 1309 1397 sicut
1320 1371 1626 1405 pseudoprophetarum,
1644 1377 1670 1399 et

876 1414 1175 1449 pseudoapostolorum.
1191 1416 1261 1449 Quid
1273 1416 1308 1443 sit
1320 1420 1410 1444 autem
1423 1424 1521 1444 nomeu
1536 1418 1670 1451 apostolo-

876 1460 983 1488 lorum?
998 1460 1119 1495 Apostoli
1134 1462 1161 1488 in
1185 1461 1279 1489 Latina
1295 1462 1383 1497 lingua
1398 1463 1470 1489 ”tissi
1489 1464 1668 1498 interpretan-

876 1510 930 1539 tur,
945 1506 1007 1541 quia
1020 1507 1093 1541 ipsos
1119 1507 1192 1533 misit
1210 1506 1334 1534 Christus
1349 1507 1534 1542 evangelizare
1550 1508 1582 1536 ad
1609 1509 1670 1535 illu-

838 1548 863 1580 (ἶ
879 1552 1052 1579 minationem
1063 1553 1182 1579 omnium
1198 1553 1368 1586 populorum.

914 1597 1102 1632 &Episcopus
1123 1603 1224 1629 autem,
1245 1601 1276 1624 ut
1291 1597 1397 1632 quidam
1428 1599 1598 1632 prudentium
1623 1599 1670 1631 ait,

878 1651 977 1672 nomen
990 1649 1033 1672 est
1048 1645 1149 1678 opem,
1176 1652 1229 1671 non
1252 1643 1375 1671 honoris.
1392 1643 1515 1671 Graecum
1529 1650 1571 1672 est
1585 1645 1669 1678 cirini,

878 1694 959 1724 atque
983 1690 1045 1717 inde
1058 1689 1167 1717 ductum
1184 1689 1359 1722 vocabulum,
1374 1690 1444 1724 quod
1461 1690 1506 1717 ille
1529 1692 1574 1725 qui
1592 1698 1672 1725 super

878 1735 993 1762 eflicitur
1018 1735 1238 1769 superintendit,
1261 1742 1354 1762 curam
1380 1735 1484 1763 scilicet
1504 1736 1671 1764 subditorum

879 1789 994 1816 gcrens;
1011 1790 1103 1814 scopas
1116 1782 1224 1815 quidem
1235 1782 1349 1809 intentio
1364 1787 1415 1810 est.
1437 1782 1507 1817 Ergo
1531 1783 1673 1817 episcopos

880 1829 974 1855 Latine
996 1828 1250 1862 superintendentes
1265 1833 1407 1862 possumus
1421 1828 1514 1856 dicere
1524 1849 1531 1862 ,
1546 1833 1575 1856 ut
1596 1828 1673 1856 intel-

880 1875 944 1909 ligat
958 1882 1009 1902 nou
1026 1881 1055 1901 se
1069 1881 1129 1900 esse
1144 1874 1313 1908 episcopum,
1330 1874 1376 1909 qui
1391 1882 1444 1901 non
1465 1875 1603 1909 prodesse,
1625 1875 1673 1903 sed

880 1928 999 1956 pracesse
1010 1920 1146 1947 dilexerit.

916 1965 943 1991 9.
958 1965 1035 1999 Quod
1046 1973 1110 1992 vero
1124 1972 1173 1999 per
1193 1972 1288 1993 manus
1302 1966 1501 2001 impositionem
1527 1975 1541 1993 a
1556 1973 1673 2001 praeces-

881 2011 987 2040 soribus
1003 2011 1049 2038 Dei
1063 2010 1250 2038 sacerdotibus
1266 2012 1386 2046 episcopi
1407 2012 1575 2045 ordinantur,
1605 2013 1673 2040 ariti-

881 2066 933 2094 qua
945 2057 1074 2085 institutio
1084 2062 1136 2085 est.
1152 2057 1226 2085 isaac
1240 2059 1311 2086 enim
1326 2059 1479 2093 patriarcha
1500 2064 1608 2086 sanctus
1621 2067 1674 2094 po-

881 2113 949 2134 nens
963 2112 1072 2132 uranum
1086 2111 1163 2132 suam
1178 2112 1259 2139 super
1279 2108 1360 2139 caput
1375 2105 1468 2139 Jacob,
1495 2105 1633 2133 benedixit
1648 2106 1673 2133 ei

882 2172 986 2200 lionoris
1001 2172 1049 2207 suit
1062 2172 1180 2205 quoedam
1194 2172 1312 2199 discretio
1333 2173 1480 2207 potestatis,
1499 2178 1523 2200 et
1543 2181 1600 2199 cum
1620 2181 1675 2200 om-

841 2233 869 2264 D
881 2209 953 2235 nium
966 2216 1012 2249 par
1026 2208 1522 2270 ⁶⁸1⁸elt³iff⁶g⁰zil3⁴an2‘azgu'gn‘iiag‘mrqf
1534 2213 1563 2269 gt
1572 2210 1675 2269 glcimffiiss

901 2251 1046 2271 roeemmere
1061 2262 1067 2269 .
1136 2251 1147 2268 r
1213 2251 1219 2269 ι
1269 2251 1284 2269 x
1489 2252 1495 2270 l
1517 2252 1531 2270 n
1611 2253 1629 2269 ι·
1658 2253 1672 2269 ιι

882 2252 948 2306 focis
963 2278 1139 2306 Belial-minus
1153 2278 1291 2312 congerit,
1306 2283 1335 2304 ut
1347 2251 1507 2305 catholicam
1524 2279 1672 2305 docuinam

882 2318 996 2346 tueatur,
1011 2317 1038 2340 et
1050 2314 1211 2348 cyprianum
1226 2320 1258 2340 ex
1274 2313 1409 2348 Cypriane
1422 2319 1548 2348 exponat.
1563 2314 1589 2339 lu
1604 2313 1675 2339 Con—

881 2349 944 2376 cilio
960 2349 1169 2384 Aquisgrauensi
1190 2349 1299 2375 laudato
1320 2349 1378 2374 haec
1398 2349 1455 2384 ipsa
1479 2348 1573 2374 isidori
1594 2348 1674 2374 verba

882 2384 1064 2420 proteruntur,
1077 2388 1107 2411 ut
1121 2384 1204 2409 :inulta
1217 2385 1268 2409 alm
1280 2391 1313 2410 ex
1327 2383 1402 2410 libris
1415 2387 1447 2410 de
1457 2382 1558 2410 Osliciis
1572 2386 1598 2409 ct
1612 2383 1675 2416 Ety-

882 2420 1005 2454 tnologiis
1019 2418 1140 2452 ejusdem
1156 2418 1262 2444 isidori.
1278 2420 1366 2444 Anav.

914 2457 943 2482 6.
965 2454 1028 2481 Haaec
1043 2453 1102 2480 dicit
1118 2453 1255 2479 Donniuus.
1271 2452 1282 2479 l
1297 2452 1362 2486 Reg.
1378 2460 1406 2478 n.
1421 2451 1517 2479 Garsi..

916 2490 944 2517 7.
960 2491 1077 2523 Qttaluor
1088 2493 1146 2514 sunt
1158 2493 1242 2513 autem
1254 2494 1348 2522 aeirem
1360 2488 1544 2521 apostolorum.
1559 2486 1599 2513 Ex
1613 2486 1674 2514 tiis-

880 2533 987 2561 ronym.
1003 2524 1030 2550 in
1044 2531 1104 2557 cap.
1123 2530 1130 2548 ι
1146 2522 1232 2556 sspist.
1250 2522 1282 2549 ad
1297 2522 1385 2549 Galat.
1399 2521 1494 2548 Garsi..

915 2561 943 2587 8.
963 2561 992 2587 ln
1013 2557 1210 2592 Quaestionibus
1229 2557 1314 2584 sancti
1337 2556 1428 2584 isidori
1449 2556 1530 2584 editis
1551 2561 1616 2584 tom.
1641 2556 1673 2591 V,

880 2603 942 2631 pag.
957 2595 1007 2622 251
1023 2603 1030 2620 ·.
1047 2593 1137 2625 Sciat,
1153 2599 1180 2618 se
1193 2599 1244 2618 non
1258 2599 1312 2618 essa
1325 2592 1485 2627 episcopam,
1504 2592 1548 2627 qui
1566 2598 1676 2627 prum

881 2630 1023 2661 desiderat„
1039 2636 1090 2655 mm
1104 2627 1304 2663 prodessemus
1319 2627 1377 2654 not.
1393 2628 1480 2654 Ansv.

921 2667 948 2694 9.
971 2664 1004 2691 Et
1019 2663 1140 2699 produxit
1156 2670 1198 2688 eos
1214 2667 1285 2688 tran·
1298 2660 1460 2689 Betltaniam.
1481 2662 1521 2690 Ex
1534 2662 1619 2690 veteri
1635 2662 1676 2690 in-

885 2701 1085 2736 terpretatione.
1101 2697 1198 2724 Nostra
1211 2697 1284 2724 entim
1299 2704 1306 2723 ι
1327 2695 1426 2724 Eduxit
1445 2702 1531 2725 cutm
1548 2704 1593 2725 aa·
1603 2697 1675 2732 {orn

886 2741 956 2764 trans
970 2734 1133 2762 ΒιιΙιαηίιιηι.
1148 2731 1213 2758 Luc.
1231 2732 1316 2759 ultim.
1330 2731 1426 2760 Gntsr..

920 2770 992 2799 Ibid.
1012 2769 1057 2797 Sic
1070 2772 1094 2797 at
1106 2767 1301 2809 appeninum
1313 2767 1387 2803 louis.
1406 2766 1450 2796 At.
1461 2785 1470 2802 ,
1488 2767 1528 2795 oio
1545 2771 1571 2796 ct
1581 2771 1674 2805 upa·-

884 2812 933 2836 που
945 2804 1064 2840 aarum
1075 2801 1253 2839 lecu-‘A-v.
