1832 3016
12 154 75 186 609

12 270 97 296 rrum.
121 267 150 291 et
170 262 210 290 sic
234 262 352 288 transeat
376 257 409 284 ad
435 255 598 283 desiderium
622 261 812 289 supernorum.

15 308 102 337 fii’rius
119 307 190 336 enim
202 305 326 342 lacrymis
338 302 474 338 purganda
496 306 558 329 sunt
578 301 641 328 vitia
656 308 716 335 qua:
730 301 815 335 gessi-

13 361 94 387 nmus,
102 358 197 380 ettunc
207 350 305 379 munda
314 348 412 376 mentis
426 348 484 375 acie
497 348 522 374 id
540 346 610 381 qnod
623 347 705 382 202
716 346 815 379 quaeri-

14 407 83 427 umus
90 397 309 434 contemplemur,
319 395 414 422 ntdum
424 401 500 421 antea
507 393 596 421 flendo
604 391 705 427 peccati
713 399 726 418 a
738 390 814 418 nobis

25 445 107 480 caligo
122 443 277 478 detergitur,
295 441 430 468 mundatis
450 440 539 468 cordis
561 439 646 467 oculis
670 439 754 467 libere
769 446 815 465 su-

11 499 103 525 pperna
117 489 297 524 inspiciantur.

56 538 84 565 5.
99 537 168 564 Ante
190 542 302 563 necesse
318 539 359 561 est
375 533 470 562 timore
486 532 606 560 converti
625 531 658 558 ad
674 531 768 563 Deum,
786 533 815 557 ut

14 587 95 610 metu
110 581 260 608 sumturum
276 587 414 614 poenarum
431 579 556 605 carnales
572 577 706 604 ittecebrae
721 575 815 604 devin-

37 633 125 656 antnr.
141 627 243 655 Deinde
251 631 370 661 oportet,
391 625 497 660 abjecto
512 626 623 656 timore,
641 624 672 650 ad
694 630 813 650 amorem

13 675 82 703 witae
106 679 214 702 aeternae
242 673 365 700 transire.
388 671 507 706 Perfecta
528 671 595 698 enim
620 669 730 696 charitas
744 668 814 703 foras

12 722 95 749 mittit
110 722 226 748 timorem
237 719 347 756 (necin.
366 727 405 750 tv,
420 719 483 752 18);
501 717 544 751 qui
559 721 647 743 autem
658 716 742 743 timet.
758 721 814 749 poe-

16 776 82 797 nam
99 769 189 799 habet,
206 772 232 794 et
247 774 299 794 non
312 770 355 793 est
369 765 515 800 pertecms.
531 763 607 791 Unde
616 767 642 790 et
653 761 813 796 Apostolus:

19 813 86 842 fNon
97 814 166 841 enim
180 812 315 847 accepistis
334 811 454 845 spiritum
476 809 605 836 servittt'is
629 809 721 835 iterum
739 808 765 834 in
783 806 816 833 tt'-

15 869 100 893 more,
116 861 160 887 sed
173 860 305 893 accepistis
312 858 432 893 spiritum
440 857 585 891 adoptionis
598 856 748 891 (Romsttt,
758 854 813 887 15);

14 953 120 988 ιριίιιιὶι,
134 953 179 981 sed
194 960 270 980 amor
283 952 393 986 justitiae
406 951 504 978 liberos
521 950 618 977 reddit.

58 1000 84 1026 t.
101 1000 218 1027 Necesse
242 1002 285 1026 est
298 998 368 1024 omni
395 1004 527 1023 converso
554 1001 582 1022 ut
605 998 665 1029 post
692 995 816 1020 timorem

25 1055 182 1082 :onsurgere
202 1046 235 1073 ad
261 1045 418 1072 charitatem
436 1044 483 1070 Dei
507 1043 614 1073 debeat,
631 1042 706 1076 quasi
734 1041 814 1073 tilius,

14 1102 72 1122 ·nec
87 1101 194 1127 semper
208 1091 258 1119 snb
281 1092 377 1118 timore
391 1091 496 1124 jaceat,
522 1088 596 1123 quasi
622 1094 725 1115 servus.
743 1086 818 1113 Tunc

23 1141 91 1168 enim
104 1147 224 1167 atriorem
242 1142 342 1165 nostrae
352 1136 539 1164 conversionis
554 1135 730 1166 ostendimus,
743 1134 764 1160 si
772 1133 818 1160 de-

14 1194 74 1214 ·nuo
92 1190 119 1213 nt
139 1190 241 1221 patrem
256 1184 392 1218 diligimus
403 1203 410 1216 ,
433 1190 512 1216 quem
534 1182 609 1216 prius
623 1180 713 1208 servili
729 1183 819 1207 mente

17 1240 85 1260 vvere
99 1238 126 1259 ut
145 1231 285 1258 Dominum
302 1228 519 1257 formidabamus.

58 1277 85 1306 5.
103 1277 251 1305 Printordia
267 1282 461 1303 conversorum
475 1273 580 1300 blandis
594 1272 740 1299 refovenda
755 1274 818 1297 sunt

15 1324 119 1357 smodis,
132 1331 165 1351 ne
177 1323 200 1351 si
213 1323 247 1350 ab
260 1321 403 1356 asperitate
414 1318 553 1351 incipiant,
562 1317 682 1345 exterriti
694 1316 726 1343 ad
743 1316 817 1350 prio-

14 1381 65 1401 rres
81 1375 170 1408 lapsus
184 1374 332 1399 recurrant.
349 1368 401 1402 Qui
424 1368 497 1395 enim
521 1373 680 1394 conversum
696 1365 755 1392 sine
777 1365 814 1390 le-

15 1419 106 1447 ‚nitate
116 1417 216 1450 erudit,
228 1422 389 1450 exasperare
399 1414 486 1448 potius
499 1420 578 1447 quam
590 1411 725 1446 corrigere
733 1410 815 1437 novit.

58 1466 87 1494 6.
104 1466 256 1493 Conversus
271 1462 382 1497 quisque
401 1465 478 1488 antea
493 1460 527 1487 ab
542 1467 624 1494 opere
644 1456 818 1492 corrigendus

15 1517 75 1545 cest,
92 1516 185 1547 postea
201 1516 266 1537 vero
278 1516 292 1535 a
308 1506 479 1542 cogitatione,
493 1509 521 1532 ut
535 1505 609 1539 prius
624 1503 742 1530 refrenet
755 1509 819 1535 pra-

16 1566 85 1586 wutn
97 1562 197 1589 actum,
214 1554 313 1583 deinde
327 1553 472 1588 appetitum
488 1551 627 1582 delictum,
642 1554 671 1576 ut
683 1548 753 1583 quod
761 1548 817 1583 jam

16 1652 111 1680 utluret.

61 1699 88 1725 7.
104 1697 197 1725 Omnis
210 1703 280 1723 nova
296 1693 438 1722 conversio
458 1692 546 1720 adhuc
559 1691 679 1727 pristinae
695 1690 756 1717 vitae
772 1689 820 1716 lia-

20 1745 74 1773 tbet
88 1743 303 1771 commistionem
320 1750 327 1768 :
342 1746 483 1776 propterea
503 1745 669 1774 nequaquam
685 1744 717 1764 ea
737 1737 820 1763 virtus

17 1791 174 1827 §procedere
193 1790 226 1817 ad
241 1789 379 1816 hominum
393 1788 485 1815 oculos
503 1787 594 1819 debet,
608 1787 694 1812 donec
705 1790 820 1811 conver·

21 1839 96 1865 satio
112 1844 187 1865 vetus
203 1836 323 1863 funditus
337 1836 371 1863 ab
385 1834 475 1862 animo
489 1834 661 1867 exstirpetur.

63 1885 89 1911 8.
113 1882 239 1917 Quisquis
253 1890 286 1909 ex
301 1880 436 1908 deteriore
459 1879 512 1914 jam
537 1879 632 1906 melior
654 1884 715 1905 esse
729 1876 820 1910 coepit,

18 1935 123 1959 icaveat
143 1929 177 1957 de
191 1928 310 1963 acceptis
325 1926 419 1955 extolli
438 1925 593 1956 virtutibus,
609 1932 644 1952 ne
657 1923 762 1959 gravius
775 1929 823 1956 pet·

20 1984 124 2004 wanam
136 1975 249 2011 gloriam
269 1978 390 2007 corruat,
406 1980 485 2007 quam
500 1970 573 2007 prius
593 1978 641 2006 per
665 1971 769 2004 lapsum
783 1969 823 1996 vi-

19 2024 126 2051 »uorum
139 2021 255 2058 jacebat.

312 2066 391 2102 203
410 2064 523 2093 CAPUT
553 2064 599 2092 lx.

238 2113 277 2141 De
289 2113 409 2147 conflictu
427 2119 616 2139 conversorum.

67 2173 91 2200 l.
105 2173 223 2207 Quisque
237 2177 386 2198 conversus
401 2159 424 2196 si
439 2176 500 2195 mox
515 2175 610 2195 omnes
625 2166 714 2194 carnis
732 2166 826 2193 stimu-

21 2218 72 2248 tlos
85 2219 190 2247 calcare
204 2216 304 2251 cupiat,
317 2220 344 2244 et
357 2221 462 2242 summa
474 2214 604 2241 virtutum
615 2213 705 2240 subire
716 2215 826 2240 conten-

19 2265 87 2298 ·dat,
102 2264 126 2292 si
138 2263 207 2291 torte
221 2262 311 2290 adbuc
322 2261 412 2295 aliqua
424 2260 536 2287 adversa
548 2259 583 2287 de
597 2259 686 2287 carnis
695 2257 827 2285 molestiis

21 2311 139 2344 steterat,
162 2317 216 2337 non
245 2309 393 2344 frangatur,
413 2307 475 2342 quia
503 2306 675 2341 dispensator
694 2305 826 2332 bonorum

20 2356 109 2384 nnovit
131 2354 308 2383 adversitates
334 2353 483 2389 reprimere
501 2352 630 2380 vitiorum
655 2351 827 2379 successione

20 2402 168 2430 minutum.

67 2447 96 2475 2.
117 2446 192 2474 Tunc
205 2445 289 2480 magis
303 2445 408 2480 gravari
425 2452 456 2473 se
477 2445 590 2480 quisque
605 2444 724 2479 impulsu
743 2444 823 2471 vitio-

69 2525 98 2552 ⁴2.
115 2523 224 2552 Munda.
237 2522 280 2551 lta
291 2522 375 2551 satm.
386 2523 464 2551 Goth.
475 2522 612 2557 Mundam,
624 2523 706 2551 Tolet.
715 2522 824 2551 Loatsa.

70 2560 99 2586 T..
113 2559 239 2594 Gregor„
253 2559 301 2586 lib.
313 2558 404 2587 nor-t.
419 2566 456 2591 tx,
469 2565 531 2593 cap.
545 2558 592 2587 22.
607 2559 718 2586 Lousa.

72 2595 98 2622 5.
115 2595 209 2628 Grcg„
224 2594 271 2621 lib.
282 2601 344 2621 xxiv
358 2593 462 2627 norat„
477 2601 504 2621 c.
517 2594 545 2620 7.
561 2594 670 2622 Lonsx.

73 2631 100 2658 6.
115 2630 264 2671 Appositum
278 2628 408 2670 delictum.
421 2628 475 2661 At„
487 2630 629 2663 appetitum
640 2629 674 2656 ad
689 2629 828 2662 detiorum,-

21 2665 78 2722 ην..
101 2669 242 2728 αερῖιπιωὲπ.
254 2663 622 2740 αἷόέςέἑῗῖἶὶἒὶιοὶῃιν,
636 2706 663 2726 c.
677 2698 704 2725 7.
713 2698 823 2727 botius.

73 2734 102 2764 ὅ.
115 2735 182 2764 'ron
197 2736 256 2763 liaec
267 2739 399 2762 seutentta
413 2732 553 2767 desumpta
571 2738 612 2760 est
623 2741 656 2761 ex
670 2733 763 2769 Gress„
777 2734 827 2762 lio-

20 2811 27 2874 }
131 2806 197 2835 illud
211 2806 325 2843 mystice
335 2811 344 2832 z
355 2802 443 2840 thtu'
455 2803 580 2839 moetbant
587 2804 828 2840 increpantium,

527 2946 564 2963 ἶ
582 2945 590 2949 .

633 145 901 177 smTENTtAttutt
921 146 987 175 Lm.
1009 146 1039 175 ΙΙ.

56 213 86 242 2.
98 212 192 242 Omnis
202 214 347 241 conversus
358 211 420 237 ante
434 212 467 235 ex
477 208 541 235 netu
569 206 677 234 inchoet
687 210 810 241 peccato<
825 208 851 238 Α
863 214 922 233 rnrn
938 206 1076 240 agnoscit,
1092 204 1155 232 dum
1175 203 1208 232 ad
1229 203 1410 240 cognitionem
1425 201 1476 231 Dei
1497 203 1657 234 accesserit.

17 1605 50 1633 lin
65 1613 146 1640 opere
161 1612 213 1632 non
228 1606 350 1638 apparet,
360 1602 386 1629 in
399 1600 562 1636 cogitatione
575 1605 744 1634 nequaquam
759 1604 817 1631 per·
831 1593 853 1625 C

167 2842 348 2910 ἱωιῖιῗὲἇιιι.
360 2878 415 2904 otc.
428 2873 485 2910 st..
503 2874 641 2904 mama
663 2875 832 2912 manaim
852 2879 870 2887 -

1607 141 1659 172 ott!

866 252 935 278 sicut
947 251 1061 286 populus
1075 250 1156 278 lsrael
1170 251 1286 286 graviori
1301 257 1384 278 onere
1397 250 1431 277 ab
1446 249 1581 285 AEgyptiis
1591 255 1656 282 pre-

866 298 957 331 mitur,
970 298 1034 324 dum
1051 305 1098 332 per
1112 297 1220 332 Moysen
1241 297 1330 324 divina
1345 296 1383 323 illi
1401 296 1519 330 cognitio
1539 295 1660 330 aperitur

866 342 965 379 (Exod.
978 343 1017 376 Ί).

901 399 928 426 5.
951 398 1020 426 vitia
1034 399 1106 426 enim
1130 403 1192 425 ante
1207 397 1410 425 conversionem
1426 396 1501 430 quasi
1523 403 1614 430 pacem
1631 395 1657 422 in

867 444 976 473 homine
995 443 1103 476 habent,
1128 443 1235 478 quando
1257 447 1345 470 antem
1361 441 1542 476 expelluntur,
1563 441 1662 467 acriori

867 491 967 518 virtute
992 493 1164 524 consurgunt.
1187 488 1266 515 Fiunt
1286 480 1375 515 autem
1390 487 1499 514 inimica
1513 493 1643 514 converso
1654 506 1662 519 ,

868 546 927 573 quzc
953 537 1086 572 peccatori
1102 543 1235 571 prospere
1255 535 1480 566 blandiebantur;
1504 538 1585 567 atque
1599 533 1663 561 item

867 586 936 612 tiunt
949 584 1047 613 blanda
1062 590 1210 615 converso,
1227 590 1287 617 quae
1303 580 1437 616 peccatori
1452 580 1563 608 adversa
1579 578 1664 607 exsti-

867 636 968 659 terunt.

903 678 930 704 4.
948 677 1046 704 Multos
1059 676 1142 704 habet
1156 674 1298 703 conflictus
1311 673 1359 700 Dei
1381 678 1476 699 servus
1493 679 1526 698 ex
1540 669 1664 697 recorda-

868 723 941 750 tione
963 730 1074 757 operum
1098 721 1312 756 praeteritorum;
1329 718 1459 752 multique
1479 720 1539 750 post
1552 722 1665 742 conver-

867 769 971 796 sionem
996 769 1076 795 etiam
1103 767 1228 794 nolentes
1251 769 1353 792 motum
1378 762 1495 790 libidinis
1510 761 1664 794 sustinent,

868 815 939 849 quod
956 819 1046 841 tamen
1069 813 1103 840 ad
1119 812 1319 840 damnationem
1343 817 1396 837 non
1412 809 1537 839 tolerant.
1560 807 1607 835 sed
1631 806 1666 834 ad

870 861 1056 896 probationem
1069 880 1077 892 ,
1100 859 1205 886 scilicet
1220 863 1248 886 ut
1263 864 1371 892 semper
1394 856 1508 882 habeant
1523 862 1572 889 pro
1583 860 1666 881 excu-

14 914 69 942 1001'
84 914 162 941 (luem
173 906 283 933 senices
291 905 345 939 1³⁰¹
363 912 415 931 ¹¹⁰¹*
433 903 535 938 Decem}
552 910 629 937 POEM
641 909 734 929 SCPVOS
747 908 818 927 00¹¹]-
834 903 858 933 B
872 907 960 934 tienda
984 906 1079 933 inertia
1101 905 1224 937 hostem,
1240 904 1282 931 cui
1299 902 1436 935 resistant,
1453 899 1598 928 dummodo
1612 906 1666 926 non

870 953 1051 980 consentiant.
1070 951 1146 979 Unde
1162 955 1188 978 et
1207 950 1331 977 noverint
1349 948 1420 975 servi
1438 947 1484 974 Dei
1504 954 1534 973 se
1548 946 1630 973 etiam
1651 951 1667 971 a

870 998 988 1034 peccatis
1001 1000 1054 1032 jam
1067 1005 1129 1024 esse
1141 997 1296 1026 mundatos,
1313 995 1359 1022 sed
1370 998 1458 1021 tamen
1474 991 1666 1028 cogitationum

872 1047 988 1080 turpium
1005 1044 1091 1071 adhuc
1110 1042 1327 1075 interpellatione
1341 1041 1451 1075 pulsari.

907 1091 933 1117 35.
950 1092 1019 1117 Ante
1032 1090 1235 1116 conversionem
1252 1086 1380 1122 praecedit
1393 1085 1469 1112 turba
1482 1088 1666 1119 peccatorum,

871 1144 931 1172 post
947 1138 1151 1164 conversionem
1179 1135 1300 1169 sequitur
1317 1134 1394 1160 turba
1412 1132 1598 1160 tentationum.
1621 1130 1668 1157 illa

872 1191 902 1210 se
917 1182 1056 1217 objiciunt,
1075 1190 1107 1208 ne
1120 1181 1153 1208 ad
1171 1182 1252 1208 Deum
1270 1185 1469 1210 convertamur;
1486 1178 1535 1205 ista
1549 1184 1578 1203 se
1593 1177 1668 1209 inge-

871 1234 947 1261 runt,
964 1236 997 1255 ne
1009 1228 1101 1255 liberis
1117 1227 1207 1254 cordis
1220 1226 1304 1253 oculis
1321 1225 1404 1252 Deum
1418 1230 1558 1251 cernamus
1575 1231 1582 1248 ε
1599 1221 1668 1248 utri-

871 1281 958 1308 usque
985 1273 1114 1299 tnmnltus
1135 1272 1305 1298 insolentiam
1329 1270 1406 1297 nobis
1421 1268 1517 1303 gignit,
1542 1267 1668 1294 intentio-

871 1326 987 1353 nemque
1002 1323 1123 1346 nostram
1139 1324 1211 1351 saepe
1223 1315 1316 1343 fraude
1329 1314 1485 1342 multimoda
1501 1312 1668 1340 intercludit.

907 1364 933 1391 6.
948 1364 1018 1391 Utile
1034 1369 1074 1391 cst
1092 1363 1138 1390 Dei
1160 1370 1239 1390 servo
1256 1366 1313 1394 post
1327 1361 1534 1387 conversionem
1551 1358 1646 1386 tentari
1659 1377 1667 1391 ,

871 1415 1003 1446 quatenus
1018 1417 1032 1436 a
1050 1414 1158 1442 torpore
1175 1407 1353 1442 negligentiae,
1367 1404 1574 1432 sollicitantibus
1585 1403 1667 1436 vitiis,

870 1456 903 1484 ad
929 1456 1042 1483 virtutes
1061 1455 1179 1482 animum
1196 1461 1244 1488 per
1259 1451 1416 1480 exercitium
1440 1454 1574 1485 praeparet
1589 1449 1669 1475 vitio-

871 1510 941 1530 rum.

1127 1535 1209 1572 204.
1230 1534 1342 1562 CAPUT
1363 1534 1398 1560 X.

1100 1594 1140 1620 De
1153 1592 1260 1619 remissa
1270 1590 1440 1617 conversione

909 1653 935 1680 l.
958 1651 1053 1678 Multos
1076 1650 1189 1677 remissa
1209 1646 1350 1674 conversio
1374 1646 1400 1672 in
1417 1644 1544 1679 pristinos
1562 1649 1669 1671 errores

873 1699 990 1732 reducit,
1013 1705 1044 1725 ac
1067 1695 1173 1724 vivendi
1201 1700 1324 1727 tempore
1346 1692 1473 1723 resolvit‚·
1495 1692 1589 1725 ltornm
1605 1697 1670 1725 ergo

873 1745 996 1779 exempla
1018 1743 1131 1778 quisque
1152 1747 1300 1768 conversus
1314 1739 1395 1771 evita,
1411 1745 1445 1765 ne
1462 1737 1524 1764 dum
1545 1736 1669 1763 timorem

874 1794 922 1821 Dei
937 1800 952 1820 a
965 1797 1073 1827 torpore
1088 1790 1194 1824 incipis,
1210 1795 1302 1816 rursus
1316 1785 1458 1814 mundanis
1468 1784 1604 1812 erroribus
1620 1785 1670 1810 int·

874 1838 1015 1874 mergaris.

911 1885 939 1912 2.
963 1884 1081 1918 Tepidus
1097 1884 1124 1910 in
1140 1881 1317 1909 conversione
1331 1879 1416 1908 otiosa
1443 1878 1524 1906 verba
1545 1881 1573 1904 et
1587 1883 1669 1903 vanas

875 1929 1054 1965 cogitationes
1084 1929 1177 1955 noxias
1200 1934 1260 1954 esse
1284 1933 1336 1953 non
1363 1923 1513 1958 conspicit;
1533 1922 1603 1957 quod
1619 1921 1671 1948 sia

877 1982 986 2010 torpore
1002 1973 1101 2002 mentis
1123 1972 1299 2007 evigilaverit,
1325 1978 1428 2003 eaquae
1450 1970 1518 1996 levia
1533 1968 1674 1995 existima-

876 2023 923 2050 bat
937 2021 1090 2054 confestim,
1115 2019 1191 2054 quasi
1215 2017 1347 2046 horrenda
1363 2022 1442 2051 atque
1463 2014 1562 2042 atrocia
1587 2013 1671 2048 perti·

876 2069 981 2097 mescit.

913 2117 940 2143 5.
950 2116 1035 2143 Fraus
1050 2118 1077 2142 et
1091 2110 1310 2141 desidiain'omni
1321 2111 1391 2137 bono
1407 2115 1488 2143 opere
1505 2104 1675 2134 formidanda

878 2167 930 2190 est.
947 2161 1078 2189 Frandem
1105 2158 1218 2186 facimus
1241 2157 1307 2189 Deo,
1323 2155 1429 2191 quoties
1453 2154 1486 2180 de
1508 2153 1581 2179 bono
1592 2157 1676 2185 opere

878 2212 971 2235 nostro
991 2205 1181 2239 nosmetipsos,
1199 2210 1251 2230 non
1267 2202 1351 2229 Deum
1375 2200 1525 2227 laudamus,
1542 2197 1677 2224 Desidiam

879 2262 945 2282 vero
960 2254 1074 2289 agimus,
1090 2250 1195 2286 quoties
1211 2258 1258 2284 per
1274 2254 1409 2278 torporem
1429 2244 1556 2281 languide
1570 2251 1601 2270 ca
1615 2248 1678 2276 quae

882 2301 929 2328 Dei
944 2305 1007 2327 sunt
1020 2305 1173 2332 operamur.

917 2347 944 2374 4.
959 2345 1052 2374 Omnis
1069 2352 1113 2372 ars
1126 2343 1219 2371 soeeuti
1236 2341 1317 2376 hujus
1332 2345 1457 2367 strenuos
1476 2340 1609 2363 amatores
1625 2333 1675 2359 lia-

881 2396 936 2428 bet,
946 2394 1015 2422 etad
1027 2391 1226 2426 exsequendum
1237 2387 1495 2423 promptissinios3et
1504 2383 1555 2409 ltoe
1566 2379 1680 2416 proinde

881 2441 920 2475 tit,
931 2440 992 2475 quia
1002 2442 1160 2473 praesentem
1174 2435 1255 2462 habet
1267 2433 1356 2466 operis
1367 2431 1407 2458 sui
1416 2428 1677 2457 remunerationem.

883 2526 1049 2548 tittenttonem
1058 2537 1065 2549 .
1079 2523 1136 2551 quae
1150 2518 1238 2541 nostra
1253 2518 1320 2546 καῖρε
1334 2509 1425 2545 fraude
1438 2506 1592 2534 multimoda
1610 2507 1681 2532 intra

883 2556 1023 2584 concludit.
1034 2556 1119 2580 Anev.

921 2592 986 2618 Cir.
1004 2598 1030 2616 x.
1055 2588 1087 2615 N.
1104 2586 1130 2613 5.
1147 2585 1184 2612 De
1208 2582 1308 2610 desidia
1332 2585 1358 2608 et
1386 2578 1481 2606 fraude
1499 2577 1559 2604 l'use
1572 2577 1682 2604 disserit

887 2627 980 2659 Grec..
997 2626 1044 2652 lib.
1060 2621 1152 2650 Mon-al.
1170 2628 1207 2651 tx,
1229 2626 1288 2652 cap.
1305 2616 1350 2651 Π,
1364 2623 1398 2642 ex
1413 2621 1468 2649 quo
1479 2614 1539 2640 loeo
1553 2617 1608 2640 tota
1623 2611 1683 2639 liaec

885 2662 1018 2690 sententia
1034 2659 1182 2686 deducitur.
1198 2655 1308 2682 homst.

919 2697 988 2724 Ibid.
1008 2694 1123 2728 Quoties,
1138 2696 1192 2718 etc.
1217 2690 1277 2721 At,
1293 2687 1390 2722 quoties
1411 2685 1444 2712 de
1459 2684 1540 2720 ipsiu
1556 2683 1633 2710 dorna
1656 2686 1683 2709 n

883 2732 1030 2762 marteribus
1045 2730 1154 2765 ylort'tmt
1177 2725 1307 2760 propriam
1319 2726 1350 2754 ,et
1364 2722 1506 2747 'cumanum
1519 2719 1623 2747 laudem
1634 2725 1682 2754 ap-

21 2776 27 2802 t
89 2770 124 2799 .2
134 2771 162 2799 iu
175 2769 350 2805 Evangdmc.
367 2770 450 2801 xvttt,
460 2768 495 2796 de
506 2768 830 2804 eaecoilluminatoexpo-
884 2770 1003 2806 petimus.
1016 2771 1039 2792 et
1055 2765 1086 2791 cte
1099 2764 1164 2790 hono
1177 2769 1262 2795 opere.
1272 2763 1325 2786 etc.
1343 2758 1428 2784 Atzssv.

923 2804 950 2831 b.
973 2801 1057 2829 bivini
1073 2799 1180 2826 timoris.
1192 2796 1246 2828 At..
1263 2791 1456 2822 divininatis.
1470 2790 1538 2820 thid.
1550 2797 1682 2827 μωμη-

888 2845 941 2868 tur.
958 2838 1010 2865 At..
1026 2835 1196 2863 nvictimatur.
1206 2833 1292 2861 Anu.

1384 2875 1396 2887 0
