1832 3016
55 100 108 131 625

657 96 929 126 SENTENTtAttuu
950 97 1016 125 tut.
1038 96 1070 125 ΙΙ.

1643 92 1694 121 ὓὶῢ

55 166 188 200 propbeta
203 163 301 191 asserit
312 161 389 198 (tui.
405 166 479 192 xxxi,
490 157 531 193 6),
545 158 571 184 in
580 156 753 192 protundum,
768 156 846 191 cujus
860 159 884 186 Α
898 157 970 184 enim
993 164 1046 184 non
1070 160 1176 191 oportet
1199 155 1336 183 reminisci
1359 154 1461 190 peccati
1484 154 1610 184 affectum
1620 177 1628 189 ,
1654 156 1695 184 sic

54 217 119 243 usu.
145 209 220 245 quasi
243 207 357 244 quadam
379 205 452 239 lege,
474 203 556 230 homo
579 205 686 229 tenetur
706 201 844 235 astrictus,

54 261 85 284 ut
106 257 187 284 etiarn
210 254 315 291 quando
337 259 391 279 non
413 250 487 283 vult,
515 253 654 284 peccatum
683 248 843 275 committat.

56 303 80 331 A
93 303 169 338 lapsu
186 309 250 330 vero
259 301 313 328 etto
325 304 478 332 resurgere,
503 303 557 323 non
577 298 619 322 est
642 294 668 322 in
683 293 844 329 profundum

55 348 105 377 ire.

91 396 116 422 7.
132 392 272 429 Apostolus
295 390 380 425 legem
395 387 499 423 peccati
517 386 582 414 dicit
607 387 633 413 in
649 385 777 413 membris
797 392 845 412 no·

54 441 117 468 stris
131 439 218 474 (Rom.
235 444 284 468 vu,
297 435 356 470 ¹23),
371 442 431 469 quae
449 434 491 460 lex
512 431 679 460 consuetudo
693 436 745 463 est,
765 438 844 465 quam

54 484 189 521 peccando
202 482 379 516 concipimus,
404 485 431 508 et
445 488 498 508 non
518 479 552 506 ab
565 487 607 511 ea,
626 486 685 505 cum
710 478 844 510 volumus,

53 531 222 563 discedimus,
248 529 308 564 quia
321 529 375 563 iam
393 526 563 555 necessitatis
583 525 691 553 vinculo
718 532 766 559 per
781 531 846 551 con-

53 578 220 606 suetudinem
236 577 395 604 retinemur.

88 624 114 650 8.
129 623 240 650 Multum
257 622 312 649 veri
329 629 405 648 amor
420 621 474 655 agit
491 621 518 647 in
533 619 642 646 homine
653 639 660 651 ,
675 618 721 645 sed
735 617 846 644 resultat

54 676 116 696 caro
128 669 204 695 malae
219 666 423 694 consuetudinis
440 667 507 699 tege.
533 665 604 691 Bene
615 668 704 691 autem
719 663 846 689 audacter

53 721 102 748 pro
127 713 194 740 bona
219 711 382 739 conscientia
408 710 539 742 exsultat,
561 709 606 744 qui
631 709 752 735 valenter
769 708 795 734 in
816 715 845 734 se

54 758 177 794 reprimit
189 758 260 793 quod
273 757 419 784 insolenter
433 757 579 790 impugnat.

88 805 115 831 9.
141 804 307 838 Frequenter
330 809 441 836 peccare
456 800 604 828 cavendum
625 804 684 831 est;
709 807 769 826 nam
795 799 846 825 hoc

898 209 1003 236 semper
1028 209 1139 230 necesse
1162 206 1204 229 est
1228 208 1445 236 unumquemque
1467 201 1588 229 suumin
1603 201 1695 230 flendo

897 254 1109 276 commemorare
1124 252 1273 281 peccatum.

932 292 960 320 Ξ.
981 293 1058 327 Apud
1070 293 1170 327 justum
1195 291 1346 319 recordatio
1368 292 1470 325 peccati
1495 291 1560 319 tacit
1583 292 1693 320 taediuut

897 337 989 364 animi.
1005 337 1055 371 Qui
1077 343 1165 364 autem
1180 337 1292 364 luxuriae
1306 342 1334 364 et
1347 337 1484 371 cupiditati
1501 337 1599 365 subditi
1619 341 1695 372 sunt,

896 383 1047 410 contumaci
1064 383 1188 417 superbia
1199 383 1280 410 etiam
1296 383 1330 410 de
1350 383 1410 417 ipso
1425 382 1526 416 peccati
1541 390 1624 417 opere
1637 384 1695 419 glo-

897 429 1008 455 riantur.

933 473 959 500 5.
981 473 1066 501 Servo
1081 473 1128 500 Dei
1145 477 1217 499 tanta
1234 472 1386 500 recordatio
1399 480 1459 499 csse
1477 472 1559 500 debet
1573 474 1674 507 peccati
1687 494 1698 507 ,

898 523 926 547 ut.
940 527 970 547 ea
985 526 1044 554 quae
1059 519 1142 554 gessit
1156 526 1262 553 semper
1276 517 1402 553 lacrymis
1424 518 1592 545 confiteatur.
1622 519 1699 547 Unde

898 570 924 593 et
939 565 1058 600 psalmus
1074 565 1137 591 dicit
1159 574 1165 591 :
1189 565 1331 591 Conversus
1357 572 1415 590 sum
1438 565 1464 590 in
1487 572 1617 596 mrumna,
1635 564 1697 591 dum

898 612 1035 645 confluitur
1048 612 1132 645 spina.
1147 610 1287 638 Peccatum
1309 618 1391 638 meum
1414 611 1545 645 cognitum
1567 611 1611 636 tibi
1635 611 1696 644 [eci.

898 658 961 684 Dixi
975 667 983 685 .·
1001 658 1180 685 Pronuntiabo
1193 659 1327 685 adversum
1347 666 1386 684 nte
1399 658 1540 692 injustitias
1556 665 1626 684 meas
1642 656 1699 683 Do-

898 704 966 730 mino
983 704 1070 738 (Psal.
1087 712 1162 737 xxxi,
1175 703 1215 739 t).
1239 704 1324 737 Supra
1337 703 1408 729 enim
1422 702 1528 730 dixerat
1544 712 1550 728 :
1569 703 1699 734 Quoniam

899 751 985 783 tacui,
1013 750 1062 777 hoc,
1078 756 1118 777 cst
1131 771 1137 782 ‚
1164 758 1216 776 non
1236 758 1295 776 sum
1318 749 1457 776 coufessus
1471 771 1478 782 ‚
1494 750 1698 775 inveteraverunt

900 797 987 822 omnia
1004 804 1061 823 ossa
1075 805 1131 822 mea
1144 818 1151 828 ,
1167 796 1228 822 dunt
1250 796 1388 821 clamarem
1404 799 1458 820 tota
1473 794 1524 821 die.
1551 794 1618 827 Quid
1634 802 1699 828 ergo

52 850 151 884 ipsum,
168 848 238 882 quod
258 847 291 875 de
306 847 376 874 malo
400 852 492 873 nostro
506 846 663 880 plerumque
678 845 747 872 Deus
770 843 847 870 nohis
863 846 887 876 Β
901 843 1017 870 tacuisse
1033 850 1062 869 se
1077 843 1189 876 poeuitet
1202 863 1208 873 ‚
1228 842 1278 868 nisi
1293 840 1489 868 consesdonem
1506 845 1674 874 peccatorum
1686 841 1699 867 ζ’

52 895 167 922 salutem
182 897 319 928 operatur,
340 895 439 926 quanto
458 891 579 918 mirabile
598 895 648 922 est,
670 894 744 916 tanto
757 897 848 924 perra-

53 947 112 967 rum
128 944 179 967 est.
196 939 341 973 Propterea
354 937 524 964 metuendum
541 941 582 964 est
593 936 727 963 confidere
747 936 781 962 ita
795 935 845 962 sal-

52 986 118 1017 vari,
144 993 178 1012 ne
193 985 261 1011 sorte
280 984 343 1011 dum
360 988 544 1018 exspectamus
561 991 574 1009 a
601 982 670 1010 vitiis
697 982 797 1014 sanari,
822 987 849 1009 et

54 1032 118 1058 vitia
141 1031 363 1065 multiplicemus,
389 1034 417 1057 et
440 1030 552 1056 salutem
578 1037 631 1056 nou
656 1029 847 1063 adipiscamur.

55 1077 126 1112 Ergo
141 1077 296 1104 studeamus
311 1080 356 1102 aut
371 1083 422 1102 non
437 1076 543 1106 cadere,
569 1080 613 1101 aut
628 1074 683 1101 cito
696 1074 819 1101 conversi
834 1082 850 1100 a

55 1123 132 1158 lapsu
147 1130 319 1158 consurgere.

92 1171 136 1197 tt).
155 1170 272 1197 Omnino
292 1176 402 1204 peccare
420 1169 565 1195 cavendum
590 1172 642 1201 cst,
666 1167 735 1202 quod
756 1168 777 1194 si
799 1167 849 1194 hu-

56 1222 133 1242 mana
149 1215 292 1248 fragilitate
302 1219 440 1249 peccatum
456 1214 631 1248 subrepserit,
648 1213 787 1240 confestim
800 1212 851 1239 erit

55 1262 258 1296 corrigendum,
282 1261 353 1296 quod
378 1261 503 1295 nequiter
530 1261 643 1287 sentitur
667 1259 847 1287 commissum.

56 1309 115 1337 Cito
137 1311 207 1337 enim
235 1309 378 1344 corrigitur
400 1308 478 1341 culpa
501 1315 560 1341 quae
584 1307 637 1334 cito
662 1307 847 1341 cognoscitur;

57 1357 157 1384 tardius
170 1362 258 1384 autem
283 1359 393 1383 sanatur
419 1354 515 1381 vulnus
531 1353 601 1388 quod
620 1353 674 1387 jam
697 1357 850 1386 putrescen-

57 1403 127 1429 tibus
140 1401 266 1429 membris
281 1401 360 1435 longo
372 1404 431 1435 post
443 1403 563 1433 tempore
575 1398 760 1426 curationibus
776 1397 850 1423 adhi—

57 1448 143 1475 betur.

92 1495 172 1530 223
194 1494 236 1521 tt.
256 1493 362 1520 lteratio
387 1492 488 1527 peccati
512 1491 618 1526 gravior
644 1495 706 1522 est,
733 1491 803 1517 sicut
828 1490 850 1516 si

899 890 968 923 Quid
983 890 1115 916 clamasse
1130 897 1160 916 se
1173 889 1255 921 dotet,
1271 889 1321 914 nisi
1337 887 1523 914 defensionem
1541 886 1673 913 malorum
1685 886 1699 912 t

900 937 949 970 Qui
963 944 1026 971 ergo
1050 940 1220 969 peccatorum
1239 943 1349 963 suorum
1366 935 1492 962 defensor
1509 934 1631 967 exstitit,
1651 940 1700 961 ne-

900 990 976 1009 cesse
987 987 1027 1009 est
1041 987 1069 1009 ιιι
1079 982 1234 1016 poenitendo
1247 986 1355 1009 accuset
1366 981 1436 1016 quod
1448 979 1605 1015 superbiens
1617 986 1700 1015 prave

900 1027 1018 1054 admisit.

1142 1073 1224 1108 224
1244 1071 1357 1100 CAPUT
1377 1072 1462 1099 XXV.

1193 1120 1230 1145 De
1245 1114 1408 1154 coqitatione.

941 1163 962 1190 l.
986 1164 1111 1198 Binartita
1128 1169 1169 1191 est
1182 1172 1261 1191 causa
1279 1164 1406 1198 peccandi
1420 1185 1426 1196 ,
1449 1163 1474 1190 id
1490 1167 1530 1190 est
1545 1183 1552 1195 ,
1568 1162 1656 1197 operis
1671 1166 1700 1189 et

902 1211 1088 1245 cogitationis,
1113 1219 1227 1245 quorum
1250 1219 1331 1238 uuum
1355 1210 1483 1244 iniquitas
1505 1209 1612 1241 dicitur,
1627 1208 1699 1242 quod

903 1265 985 1292 opere
1010 1259 1126 1292 geritur;
1154 1258 1225 1285 aliud
1253 1257 1385 1292 injustitia
1401 1277 1409 1289 ‚
1438 1256 1508 1291 quod
1536 1255 1699 1290 cogitatione

902 1303 1061 1330 admittitur.

938 1348 964 1374 ΕΞ.
987 1348 1063 1376 Prius
1078 1354 1165 1376 autem
1182 1349 1254 1375 actio
1269 1349 1415 1376 resecanda
1427 1353 1488 1380 est,
1511 1353 1602 1382 postea
1624 1347 1699 1382 cogi-

904 1395 982 1426 tntto;
1004 1395 1077 1428 prius
1093 1402 1171 1428 prava
1188 1402 1269 1428 opera
1283 1415 1290 1426 ,
1306 1394 1475 1429 postmodum
1493 1393 1635 1420 desideria.
1654 1392 1699 1420 Vi-

904 1441 993 1468 cissim
1007 1447 1095 1467 autem
1110 1445 1136 1468 et
1150 1448 1163 1466 a
1179 1435 1341 1475 cogitaiion‘e
1353 1448 1434 1475 opera
1450 1440 1608 1474 procedunt,
1625 1444 1653 1467 et
1665 1440 1699 1466 ab

903 1495 984 1522 operc
999 1488 1125 1522 cogitatio
1142 1488 1270 1520 nascitur,
1283 1487 1406 1521 quamvis
1417 1487 1467 1513 etsi
1482 1486 1516 1513 ab
1530 1493 1612 1520 opere
1625 1485 1699 1512 malo

57 1540 167 1568 morbus
181 1547 260 1574 super
275 1539 398 1566 morbum
411 1538 521 1570 veniat,
545 1536 614 1564 sicut
638 1536 659 1563 si
676 1535 761 1563 imber
773 1543 852 1570 super
865 1531 889 1563 C
904 1534 1016 1569 quisque
1031 1537 1124 1565 vacet,
1142 1541 1190 1568 pro
1206 1532 1288 1559 solius
1309 1536 1397 1559 tamen
1419 1539 1507 1566 pravae
1530 1531 1699 1566 cogitationis

57 1586 169 1613 imbrem
185 1589 317 1613 occurrat.

94 1631 139 1659 ¹2.
153 1631 224 1658 Mora
235 1630 361 1666 peccandi
374 1630 566 1657 immanitatem
580 1628 769 1660 sacitsceleris,
781 1627 851 1654 unde

57 1683 85 1706 et
98 1677 231 1712 Propheta
245 1686 252 1704 ι
271 1677 328 1710 Vae,
345 1676 446 1711 inquit,
464 1677 507 1710 qni
525 1675 626 1701 trahitis
643 1674 804 1708 iniquitatem
826 1673 852 1698 in

60 1723 182 1758 funiculis
195 1723 314 1750 vanitatis
325 1743 332 1755 ,
347 1727 370 1749 et
385 1722 458 1756 quasi
479 1720 608 1747 vinculum
628 1720 738 1755 plaustri
763 1726 853 1751 pecca-

59 1774 114 1797 tum
130 1770 206 1806 (lsai.
222 1778 250 1803 v,
267 1769 329 1805 18)!
345 1769 438 1796 Trahit
460 1770 530 1796 enim
548 1769 714 1803 iniquitatem
741 1771 769 1794 ut
783 1767 853 1794 suni—

58 1817 146 1843 culum
162 1837 169 1849 ‚
186 1817 230 1850 qui
248 1815 335 1843 tardat
355 1815 474 1842 converti
489 1815 520 1841 ad
538 1814 631 1841 Deum.
649 1814 767 1841 Trahere
781 1814 852 1840 enim

59 1863 227 1897 iniquitatem
252 1866 293 1889 est
318 1869 420 1889 moram
447 1861 534 1888 l'aeere
557 1861 700 1895 iniquitati.
728 1859 803 1887 Unde
826 1863 854 1886 et

59 1909 176 1943 psalmus
193 1917 200 1934 ε
219 1907 438 1943 Prolonqauerttnt
458 1907 606 1942 iniquitates
624 1914 700 1938 suan
727 1905 853 1931 Dominus

59 1955 142 1989 iustu:
167 1954 279 1981 concidet
304 1954 412 1980 cervices
436 1958 597 1987 peccatorum
621 1951 707 1987 (Paul.
734 1958 852 1983 cxxvm,

60 1999 94 2034 2,
109 1999 148 2034 4).

346 2044 458 2072 CAPUT
477 2043 568 2071 xxw.

287 2092 325 2119 De
337 2092 433 2125 peccati
447 2091 631 2117 recordatione.

99 2136 124 2164 l.
147 2137 249 2164 Bonum
264 2142 305 2164 est
323 2137 423 2164 nomini
436 2144 543 2171 semper
563 2139 626 2163 ante
640 2135 732 2162 oculos
747 2134 855 2169 propria

62 2183 190 2211 adhibere
214 2183 323 2216 delicta,
347 2182 493 2210 secundum
508 2181 603 2216 psalmi
625 2181 804 2208 senteutiam:
821 2179 856 2206 Et

906 1579 1003 1606 malitia
1029 1586 1082 1605 non
1107 1579 1158 1605 erit
1184 1578 1321 1604 innocens.
1348 1577 1425 1604 Unde
1448 1581 1477 1604 et
1502 1577 1629 1604 Dominus
1652 1584 1700 1611 pet·

907 1625 999 1652 isaiam
1016 1634 1021 1650 :
1041 1624 1162 1658 Auferte,
1180 1623 1279 1658 inquit,
1298 1623 1394 1650 »nalum
1406 1623 1591 1658 coqitationum
1603 1627 1700 1649 restra-

906 1679 961 1696 runt
977 1670 1007 1696 ab
1022 1671 1103 1696 oculis
1117 1670 1178 1696 meis
1195 1668 1271 1703 (lsai.
1288 1677 1306 1701 ι,
1324 1668 1379 1702 tii).

939 1718 966 1745 5.
987 1716 1045 1743 Non
1061 1717 1130 1743 enim
1152 1716 1238 1743 solum
1258 1715 1353 1748 sactis,
1377 1715 1424 1742 sed
1445 1719 1472 1742 ct
1492 1714 1700 1750 cogitationibus

905 1762 1094 1796 delinquimus,
1111 1761 1132 1788 si
1146 1761 1185 1788 eis
1200 1761 1291 1787 illicite
1305 1760 1509 1787 occurrentibus
1521 1759 1698 1787 delectemur.

940 1809 966 1834 t.
991 1808 1065 1835 Sicut
1089 1807 1178 1841 vipera
1202 1813 1216 1832 a
1244 1805 1303 1832 liliis
1323 1806 1348 1832 iu
1372 1810 1448 1832 utero
1467 1805 1560 1839 positis
1581 1805 1700 1832 tacerata

906 1853 1056 1887 perimitur,
1070 1852 1105 1879 ita
1119 1859 1168 1879 nos
1181 1851 1357 1885 cogitationes
1369 1854 1469 1878 nostrae
1485 1850 1553 1877 intra
1571 1857 1620 1877 nos
1634 1857 1701 1877 enu-

907 1900 975 1926 tritae
990 1899 1128 1930 occidunt,
1147 1902 1173 1924 et
1188 1902 1324 1931 conceptae
1343 1897 1454 1924 interius
1472 1897 1580 1931 vipereo
1595 1903 1700 1923 veneno

906 1950 1086 1977 consumunt,
1117 1944 1290 1977 animamque
1316 1946 1434 1969 nostram
1462 1941 1561 1969 crudeli
1589 1940 1700 1968 vulnero

907 1994 1048 2028 perimunt.

944 2039 970 2065 ,3.
991 2038 1047 2066 Non
1063 2042 1104 2065 est
1118 2037 1221 2064 arbitrii
1239 2038 1323 2065 nostri
1344 2036 1512 2071 cogitationis
1531 2042 1620 2070 pravae
1634 2042 1699 2070 sug-

908 2084 1071 2120 gestionibus
1087 2084 1226 2118 praeveniri
1240 2092 1247 2115 ;
1260 2083 1353 2118 jacere
1367 2089 1456 2110 autem
1478 2083 1503 2109 in
1524 2082 1614 2108 altimo
1628 2081 1702 2116 cogi-

909 2132 1035 2160 tationem
1071 2135 1168 2157 nostrae
1199 2130 1294 2156 attinet
1325 2128 1465 2156 voluntati.
1492 2127 1559 2154 tttud
1582 2134 1646 2161 crgo
1668 2126 1702 2153 ad

910 2179 1013 2212 culpam
1038 2184 1090 2203 non
1114 2175 1263 2210 redigitur,
1288 2174 1358 2202 istud
1384 2174 1470 2208 culpae
1493 2173 1607 2208 propriae
1621 2171 1702 2207 225

63 2237 191 2266 peccatum
206 2239 289 2258 meum
302 2236 361 2257 ante
376 2239 414 2257 me
428 2235 464 2257 est
478 2237 575 2263 semper
588 2227 674 2261 (psat.
688 2235 714 2259 1,,
727 2227 767 2261 5).
778 2227 854 2254 Sicut
868 2223 894 2254 1)
906 2226 1060 2259 imputatur.
1077 2221 1142 2248 Nam
1157 2221 1333 2255 cogitationes
1352 2220 1460 2246 illicitas
1478 2225 1630 2249 occurrere,
1647 2217 1703 2243 dae-

100 2301 128 2328 7.
144 2300 176 2326 In
188 2300 305 2326 membris
319 2299 422 2326 nostris.
444 2298 498 2330 At.‚
515 2298 542 2324 iu
556 2297 676 2324 membris
688 2297 753 2323 suis.
767 2295 853 2323 Anav.

100 2336 144 2362 ¹12.
167 2335 204 2361 Ex
219 2335 343 2370 Gregor„
358 2335 404 2361 lib.
421 2334 513 2362 Moral.
530 2340 612 2360 xxxin
627 2353 635 2365 ‚
655 2340 681 2359 c.
702 2333 728 2360 9.
750 2332 811 2360 lsai.
826 2339 854 2358 v.

65 2371 172 2431 boniti.
185 2404 240 2436 At,
251 2404 328 2432 trahit
339 2404 406 2432 enim
415 2404 576 2438 iniquitatem
587 2404 613 2429 in
625 2403 750 2438 funiculo.
769 2403 853 2430 Ant-w.

79 2476 84 2481 Ι
103 2439 168 2467 Car.
184 2446 247 2467 nit
275 2440 308 2467 N.
323 2440 350 2468 t.
367 2439 429 2472 Alii,
445 2439 549 2474 propria
559 2438 661 2472 habere,
678 2439 791 2467 tortasse
803 2445 856 2465 me-

67 2475 132 2538 hug..
147 2477 297 2544 isszgtvl'reg„
313 2510 390 2542 ibid..
405 2513 432 2536 ει
446 2510 514 2544 Aug.
530 2509 637 2537 Loitsa.

105 2546 171 2573 Gar.
183 2553 247 2572 xxv.
260 2545 291 2572 N.
305 2545 331 2572 t.
342 2545 385 2572 Sic
395 2543 520 2578 Cragon,
533 2545 578 2572 iib.
592 2544 684 2572 ttorat.
695 2553 722 2577 x,
733 2551 793 2579 cap.
806 2544 835 2571 tt
850 2552 856 2570 :

73 2581 155 2608 Omne
169 2585 300 2615 peccatum
315 2584 360 2607 attt
377 2579 435 2607 sota
453 2580 605 2614 coquentem
617 2580 792 2612 committitur,
814 2584 858 2606 aut

70 2617 224 2652 cogitatione
235 2616 312 2643 simut
325 2619 442 2656 etppere
461 2618 630 2649 perpetratur.
653 2614 780 2650 Iniquitan
797 2623 858 2650 erqo

71 2652 98 2680 in
107 2650 343 2716 fannxeubffitffl
353 2648 633 2718 uaapzzbhotazoe
645 2704 654 2716 .
673 2683 718 2711 ubi
732 2683 859 2718 Gregor„

71 2722 120 2752 lib.
133 2730 168 2750 xv
183 2722 288 2753 moral..
301 2729 326 2748 c.
342 2720 370 2748 9.
390 2718 489 2753 vtperoe
500 2723 584 2745 autem
603 2726 661 2746 eum
678 2720 839 2752 conceperint
850 2740 860 2753 ,

72 2757 123 2795 W
134 2765 221 2786 emm
234 2757 261 2784 in
275 2761 359 2783 ventre
370 2754 486 2783 munt.
498 2753 559 2786 Qui,
575 2753 792 2786 ruptis-tatoribus
806 2763 859 2781 rno-

73 2798 153 2828 trum,
166 2800 199 2820 ex
207 2799 295 2820 earum
306 2790 433 2819 vorati-itm:
446 2789 601 2824 procedunt.-
611 2787 712 2816 undant
721 2789 818 2824 vipera,
827 2797 858 2816 eo

51 2844 55 2855 .
72 2829 141 2869 qud
153 2829 178 2857 vi
191 2828 293 2864 pariat,
308 2826 462 2855 'tonduntur-
481 2821 575 2860 Vipera
587 2825 674 2860 itaque
686 2822 723 2850 cic
736 2825 859 2861 nascitur,

34 2850 76 3016 l

908 2300 935 2321 ut
949 2294 1070 2321 violenter
1084 2295 1157 2318 exeat
1166 2312 1173 2323 ‚
1187 2295 1210 2317 et
1225 2299 1282 2317 cum
1295 2291 1384 2317 matri:
1399 2297 1452 2316 suoe
1465 2286 1630 2315 exstinctione
1643 2294 1703 2320 pro-

909 2331 1026 2357 ducatur.
1051 2326 1127 2361 Quod
1159 2334 1222 2352 vero
1239 2326 1331 2352 salsum
1348 2326 1382 2352 sit
1397 2325 1547 2358 viperarum
1564 2322 1632 2348 letus
1644 2322 1702 2348 vis-

908 2373 968 2392 cera
993 2363 1108 2398 parentis
1130 2361 1265 2396 perforare
1287 2361 1365 2387 docet
1379 2358 1538 2386 Aristotcles
1549 2377 1557 2388 ,
1575 2356 1622 2383 lib.
1638 2363 1654 2382 v
1666 2355 1702 2383 de

909 2401 977 2428 llist.
993 2398 1114 2427 animat„
1128 2405 1187 2430 cap.
1202 2396 1236 2423 59
1251 2405 1256 2421 :
1277 2395 1371 2430 Vipera
1383 2414 1391 2426 ,
1407 2393 1492 2427 inquit
1502 2412 1509 2423 ‚
1525 2392 1592 2426 parit
1604 2391 1703 2418 catulo.

910 2436 1040 2463 obvoluto:
1055 2431 1216 2464 membranis,
1232 2438 1288 2464 quoe
1300 2430 1372 2456 tertia
1383 2429 1423 2455 die
1432 2430 1596 2462 rumpuntur.
1609 2431 1632 2453 et
1645 2427 1704 2453 sin-

925 2471 975 2498 uli:
991 2468 1078 2495 dietae
1092 2467 1206 2500 sinqutos
1217 2465 1295 2501 parit,
1312 2464 1446 2499 plitsquam
1462 2463 1559 2496 viqinti.
1577 2460 1610 2488 Et
1622 2461 1705 2488 euenit

909 2505 1038 2533 interdum
1051 2501 1118 2536 quod
1131 2502 1175 2536 qui
1189 2502 1215 2527 in
1226 2505 1297 2527 utero
1314 2504 1372 2526 sunt
1381 2518 1390 2532 ,
1409 2498 1507 2524 abrosis
1530 2496 1684 2524 membranis
1695 2516 1704 2528 .

909 2542 1086 2576 prorumpant.
1109 2536 1172 2563 llaec
1185 2535 1342 2562 Aristoteles
1354 2555 1362 2567 ,
1381 2533 1450 2568 quod
1465 2537 1493 2560 et
1506 2532 1644 2559 annotavit
1658 2531 1705 2559 At-

911 2578 1001 2603 bertus
1018 2573 1115 2606 Magn..
1127 2571 1173 2598 lib.
1187 2577 1248 2603 xxv,
1265 2577 1297 2597 eo
1307 2569 1334 2596 in
1348 2570 1416 2596 loco.
1433 2568 1513 2600 Ptin„
1527 2567 1573 2594 nb.
1586 2574 1603 2593 x
1614 2570 1704 2595 untur.

912 2611 1010 2639 llistor.
1025 2629 1032 2641 ,
1047 2615 1106 2640 cap.
1122 2605 1157 2633 62
1168 2627 1176 2638 ,
1190 2605 1294 2633 eadem.
1319 2603 1372 2632 Sed
1395 2603 1469 2630 addit
1483 2612 1489 2629 ε
1504 2601 1596 2637 Itaque
1607 2605 1707 2629 ωεστ.

911 2645 1040 2674 ιανάίιεεεὶε
1054 2641 1214 2675 impatientes
1235 2643 1410 2675 proerumpunt
1432 2639 1530 2671 laten,
1551 2637 1636 2664 accita
1656 2644 1704 2672 pa-

911 2686 989 2708 rente.
1006 2679 1112 2706 Loatsa.

947 2715 1017 2743 thid.
1033 2713 1088 2745 At..
1102 2716 1125 2739 et
1136 2715 1258 2746 concepto
1269 2710 1386 2738 interius.
1401 2709 1488 2737 Anu.

946 2750 973 2777 5.
995 2750 1076 2777 vetus
1101 2746 1187 2774 Editio
1198 2766 1206 2778 ,
1236 2746 1400 2782 aequatione·
1425 2751 1512 2780 prm
1537 2743 1705 2780 amaya-timit-

911 2788 1060 2823 proeverme.
1076 2781 1151 2815 Quod
1166 2781 1264 2809 clarius
1287 2785 1336 2808 est.
1362 2779 1424 2808 uox
1448 2787 1497 2814 pro
1514 2785 1646 2808 oecurrm
1659 2777 1706 2806 alii

912 2826 1056 2858 zuqqerere,
1069 2816 1140 2854 quod
1152 2816 1234 2846 etiam
1246 2815 1332 2852 magi·
1343 2815 1470 2852 placeret.
1484 2815 1573 2844 mv.
