1832 3016
172 122 224 151 623

466 172 579 200 CAPUT
593 171 654 200 XX.

313 221 352 248 De
365 219 507 254 manifestis
521 218 677 252 occultisque
691 218 811 253 peccatis.

208 270 234 295 ¹.
251 266 359 301 Maioris
373 270 414 293 est
428 266 514 300 culpae
528 264 669 292 manifeste
682 271 761 298 quam
778 262 882 291 occulte
902 269 962 297 pec-

171 321 242 341 care.
260 311 406 346 Dupliciter
425 310 496 338 enim
512 316 574 337 reus
589 313 629 336 est
645 309 690 342 qui
709 313 799 343 aperte
819 308 961 342 delinquit,

171 360 232 393 quia
249 363 276 386 et
289 358 342 392 agit
353 361 378 384 et
391 357 478 383 docet.
499 355 536 382 De
549 354 646 381 talibus
660 354 742 381 lsaias
754 354 836 381 dicit:
853 353 886 380 Et
904 361 961 388 pec-

170 410 228 431 cata
242 413 299 436 sua,
317 403 389 437 quasi
405 402 530 434 Sodoma,
543 401 754 436 praedicaverunt,
767 408 813 427 nee
827 399 962 426 absconde-

170 455 231 477 runt
245 449 325 484 (lsai.
342 457 379 480 nt,
397 447 435 482 9).

206 497 233 522 Ξ.
250 495 321 522 Multi
336 494 406 521 enim
423 493 528 528 publice
542 492 743 527 delinquentes,
769 492 827 519 sine
843 491 898 518 ullo
911 499 960 524 pu-

169 542 235 569 dore
247 548 295 567 sua
306 539 404 574 flagitia
419 539 575 574 praedicant,
592 545 641 565 nee
658 538 710 565 ulla
731 542 840 564 utuntur
852 537 961 565 sceleris

169 588 341 616 verecundia.

203 635 230 662 3.
246 633 373 667 Quaedam
387 633 458 660 enim
473 632 526 667 jam
545 632 652 667 justitiae
674 631 761 666 portio
776 635 817 658 est
838 631 961 665 iniquita-

169 686 222 708 tem
238 687 312 707 suam
326 680 407 714 220
422 679 554 706 bominem
569 678 742 709 abscondere,
768 682 795 704 et
818 676 845 703 in
860 679 960 703 semet-

168 727 228 760 ipso
240 725 274 752 de
290 726 406 759 peccatis
419 724 532 759 propriis
544 724 714 750 erubescere.

203 772 230 798 t.
245 771 384 797 Peccatum
397 774 550 803 perpetrare
564 769 665 796 crimen
677 772 727 801 est,
745 771 882 802 peccatum
893 774 961 801 prae-

168 819 258 845 dicare
273 818 373 845 elamot-
389 821 440 849 est,
453 817 487 843 de
507 823 560 850 quo
574 816 652 842 etiam
669 815 732 841 dicit
746 814 889 847 Apostolus
903 822 909 839 :
925 812 959 839 Ει

686 113 716 140 S.
738 110 861 140 lSlDORl
880 109 1104 140 tttSPALENsts
1124 110 1274 139 El‘lSCOPl

1748 113 1801 140 624

972 170 998 200 A
1012 173 1063 197 tur.
1078 169 1174 204 Sicque
1188 169 1220 196 ad
1231 169 1459 204 comparationem
1480 169 1543 197 mali
1555 170 1585 197 iit
1598 169 1725 203 deterius,
1739 170 1802 198 dum

1017 216 1050 243 de
1065 216 1138 243 vitiis
1152 217 1327 251 gratulantes,
1341 217 1508 244 extolluntur
1522 217 1549 244 in
1560 217 1646 252 pejus.
1672 218 1750 253 221
1765 217 1808 246 De

1012 260 1111 288 tatibus
1132 262 1170 288 ait
1189 261 1315 289 Salomon
1339 270 1346 289 ι
1372 263 1422 295 Qui
1443 263 1576 295 laetantur,
1602 271 1658 289 cum
1677 263 1742 290 male
1766 265 1804 298 se-

1012 306 1102 340 cerint,
1113 311 1137 333 et
1151 308 1278 334 exsultant
1292 308 1319 334 in
1334 308 1407 334 rebus
1423 309 1538 341 pessimis
1549 308 1684 335 (Proverb.
1696 316 1733 341 ιι,
1746 308 1803 344 ik).

1295 355 1409 382 CAPUT
1424 355 1507 382 xxn.
1827 347 1832 358 ⁴

1233 398 1272 426 De
1288 400 1411 434 peccandi
1425 400 1581 427 necessitate.

1049 445 1075 472 Ι.
1091 444 1227 472 lnterdum
1243 445 1305 472 mali
1320 446 1389 480 quod
1406 453 1512 479 sumus,
1530 447 1692 474 necessitate
1706 446 1802 481 potius,
1830 450 1832 453 ’

1014 500 1067 520 non
1083 493 1222 519 voluntate
1233 493 1384 519 existimus.
1397 493 1531 520 Ver-tenda
1545 498 1587 520 est
1606 498 1695 520 autem
1718 501 1806 520 neces-

1012 538 1078 565 sitas
1092 538 1154 564 mali
1168 537 1195 565 in
1210 539 1374 565 voluntatem
1388 538 1462 565 boni.
1487 538 1612 573 Plerique
1641 547 1694 566 non
1710 539 1806 566 volun-

1020 588 1085 616 tate,
1106 584 1153 611 sed
1178 584 1233 611 sola
1253 583 1413 611 necessitate
1435 588 1563 618 peccant,
1586 585 1806 618 pertimescentes
1827 572 1832 592 ¹

1018 630 1191 664 temporalem
1216 630 1344 663 inopiam.
1370 629 1401 655 Et
1421 629 1482 656 dum
1499 630 1638 664 praesentis
1661 630 1751 657 saecnli
1766 629 1807 658 ne-
1825 660 1832 671 .

1019 676 1171 703 cessitatem
1188 675 1332 709 refugiunt,
1350 682 1364 700 a
1384 674 1479 701 futuris
1494 675 1571 701 bonis
1586 675 1736 709 privantur.

1048 721 1075 747 2.
1091 722 1155 748 ltem
1172 721 1291 747 nonnulli
1310 725 1447 755 peccatum
1464 721 1616 753 voluntate,
1645 729 1699 748 non
1711 728 1807 748 neces-
1829 709 1832 716 Ι

1012 767 1090 795 sitate
1113 768 1295 799 committunt,
1321 768 1446 801 nullaque
1469 767 1556 795 coacti
1577 767 1666 802 inopia
1688 767 1808 794 existunt
1827 758 1832 773 ¹

1013 813 1114 847 iniqui;
1136 813 1182 839 sed
1206 817 1307 839 tantum
1323 813 1405 846 gratis
1420 812 1531 846 cupiunt
1545 819 1605 839 esse
1619 811 1690 838 mali.
1715 810 1807 846 Neque

165 865 266 890 clamor
288 864 422 898 auferatur
441 871 456 888 a
479 862 548 888 vobis
563 870 620 888 cum
643 861 711 887 otnm'
731 861 829 887 malitia
852 859 961 895 (Ephes.
977 856 1001 885 B
1016 860 1088 887 enim
1112 860 1194 893 ipsam
1219 867 1274 886 retn
1295 862 1396 889 amant,
1421 866 1499 892 quam
1522 863 1659 892 appetunt,
1685 857 1732 885 sed
1749 857 1806 891 ipsa
1831 865 1832 869 ¹

172 918 208 943 tv,
223 910 280 945 5¹),
297 909 323 936 id
334 914 384 942 est,
402 917 462 936 cum
478 908 542 942 ipsis
559 908 685 942 peccatis.

204 956 231 983 5.
246 955 284 982 Ex
302 963 334 982 eo
355 955 413 989 ipso
439 962 491 988 qno
516 954 627 989 quisque
649 958 787 988 peccatum
813 953 883 985 quod
908 952 962 986 agit

167 1001 319 1034 abscondit,
338 1000 430 1035 judicii
450 1001 504 1035 jam
520 1006 561 1027 est
579 999 722 1031 indicium,
749 998 809 1033 quia
831 1007 883 1024 non
901 1006 963 1024 eru-

167 1047 295 1079 bescitur,
313 1046 363 1073 nisi
379 1047 413 1073 de
425 1045 597 1072 conscientiae
609 1050 694 1072 reatu.
710 1045 778 1078 Ergo
793 1052 825 1070 ex
840 1043 892 1070 hoc
904 1043 962 1077 ipso

166 1099 221 1127 quo
236 1092 348 1126 quisque
368 1092 401 1119 de
426 1091 496 1118 sacto
521 1099 569 1118 suo
590 1091 742 1123 erubescit,
765 1091 821 1125 ipse
836 1090 885 1116 sibi
907 1090 961 1124 Jam

166 1138 248 1173 judex
264 1139 302 1166 stt.

466 1184 579 1211 CAPUT
595 1184 666 1211 XXI.

441 1231 478 1258 De
490 1232 585 1265 peccati
599 1239 695 1258 amore.

204 1277 230 1304 1.
244 1276 322 1303 Aliud
336 1280 378 1303 est
401 1283 455 1303 non
482 1284 593 1310 peccare
614 1285 707 1303 amore
729 1277 879 1304 dilectionis
903 1277 962 1310 Dei,

167 1322 240 1350 aliud
265 1322 360 1349 timore
380 1322 513 1356 supplicii.
535 1322 584 1355 Qui
609 1323 680 1348 enim
707 1330 798 1349 amore
822 1322 962 1349 charitatis

168 1369 217 1396 Dei
232 1377 284 1396 non
298 1373 398 1402 peccat,
416 1368 547 1395 horrescit
558 1375 636 1394 omne
649 1368 760 1401 malum,
777 1367 963 1402 amplectendo

168 1414 276 1449 iustitiae
291 1413 388 1440 bonum
402 1421 409 1445 ;
432 1421 482 1441 nec
496 1421 557 1440 enm
579 1412 694 1439 delectat
717 1418 865 1446 peccatum.
882 1412 963 1438 etiam

170 1458 194 1484 s't
219 1456 331 1483 sceleris
351 1456 500 1490 impunitas
523 1456 706 1490 promittatur.
727 1455 777 1488 Qui
797 1463 861 1482 vero
886 1463 962 1489 poena

173 1504 229 1531 sola
246 1503 369 1537 supplicii
385 1502 411 1528 in
427 1510 456 1529 se
481 1502 544 1529 vitia
560 1502 690 1535 reprimit,
707 1502 827 1536 quamvis
851 1509 902 1527 nou
915 1509 962 1528 ex-

1016 909 1116 932 tantum
1130 905 1232 940 peccati
1249 904 1349 931 malitia
1363 903 1540 930 delectantur.

1297 948 1410 976 CAPUT
1427 948 1519 975 xXllI.

1219 993 1259 1021 De
1271 994 1392 1029 peccandi
1407 986 1596 1020 consuetudine.

1051 1041 1076 1067 1.
1093 1040 1188 1067 Melius
1207 1044 1248 1067 est
1273 1044 1411 1073 peccatum
1431 1045 1527 1065 cavere
1549 1045 1628 1072 quam
1651 1038 1804 1066 emendare.

1015 1087 1131 1114 Facilius
1147 1086 1218 1113 enim
1232 1085 1382 1112 resistimus
1409 1084 1480 1111 hosti
1501 1091 1515 1109 a
1534 1091 1586 1117 quo
1607 1083 1724 1110 nondum
1745 1084 1806 1111 victi

1018 1139 1121 1164 sumus,
1140 1139 1217 1165 quam
1240 1131 1265 1158 ei
1283 1138 1297 1157 a
1318 1138 1371 1165 quo
1389 1131 1443 1164 iam
1468 1130 1588 1163 superati
1606 1137 1637 1157 ac
1651 1129 1748 1157 devicti
1762 1137 1806 1158 co-

1015 1180 1179 1215 gnoscimur.

1053 1225 1080 1250 ⁶2.
1094 1226 1178 1251 Omne
1192 1227 1339 1258 peccatum,
1356 1227 1499 1258 antequam
1513 1223 1678 1256 admittatur,
1693 1223 1807 1257 amplius

1016 1269 1232 1304 pertimescitur.
1248 1268 1425 1302 Quantumvis
1440 1273 1528 1295 autem
1543 1275 1623 1303 grave
1635 1268 1678 1301 sit,
1699 1267 1760 1295 dum
1778 1268 1806 1296 in

1017 1325 1067 1343 usu
1077 1316 1196 1348 venerit,
1213 1315 1270 1342 leve
1291 1315 1459 1342 existimatur
1470 1319 1497 1342 et
1511 1315 1569 1341 sine
1581 1314 1634 1341 ullo
1649 1319 1721 1342 metu
1733 1321 1806 1342 com-

1016 1362 1139 1388 mittitur.

1052 1409 1078 1434 5.
1096 1408 1155 1434 lstis
1170 1407 1317 1439 fomitibus,
1328 1407 1404 1441 quasi
1421 1407 1580 1440 quibusdam
1597 1407 1733 1441 gradibus.
1747 1414 1808 1434 coa·
1826 1437 1832 1440 Δ

1020 1453 1097 1480 lescit
1121 1460 1201 1479 omne
1216 1456 1364 1486 peccatum.
1385 1451 1516 1486 Cogitatio
1536 1459 1653 1486 namque
1668 1459 1749 1486 prava
1761 1452 1808 1479 de-
1825 1477 1832 1491 Ι

1018 1498 1186 1525 lectationem
1198 1497 1277 1532 parit,
1288 1497 1430 1524 delectatio
1439 1497 1654 1528 consensionem,
1667 1496 1809 1524 consensio
1823 1518 1827 1527 ,

171 1550 243 1584 pleat
265 1557 331 1584 opus
354 1549 465 1583 peceati,
488 1548 551 1574 vivit
569 1553 655 1574 tamen
677 1549 702 1573 in
717 1554 749 1572 eo
766 1547 886 1572 voluntas
901 1554 961 1580 pec-
976 1537 999 1567 C
1015 1545 1160 1576 actionem,
1175 1543 1244 1570 actio
1264 1543 1495 1574 consuetudinem,
1509 1542 1673 1570 consuetudo
1693 1542 1832 1581 necessi-e,

168 1595 247 1622 candi
266 1603 273 1627 ;
296 1595 420 1628 doletque
440 1594 491 1620 sibi
507 1592 639 1624 illicitum,
663 1591 733 1626 quod
756 1591 797 1618 lex
823 1592 963 1625 probibere

171 1639 347 1675 dignoscitur.
368 1639 416 1666 llle
438 1645 502 1672 ergo
517 1637 667 1664 mercedem
688 1637 749 1663 boni
772 1637 860 1670 operis
877 1637 963 1670 perci-

171 1687 211 1721 pit
223 1686 268 1721 qui
281 1685 394 1712 amando
407 1685 538 1719 iustitiam
562 1684 642 1716 sacit;
671 1691 724 1711 non
739 1684 760 1710 is
775 1684 818 1717 qui
833 1690 891 1710 eam
907 1683 964 1710 solo

170 1737 242 1760 metu
255 1739 395 1767 poenarum
411 1731 509 1757 invitus
525 1729 649 1756 custodit.

205 1779 232 1804 Ξ.
249 1777 361 1811 Quidam
378 1776 528 1810 etdiligunt
543 1781 697 1809 peccatum,
723 1779 750 1802 et
771 1774 890 1806 saciunt;
907 1774 965 1808 qui-

171 1823 232 1850 dam
247 1822 358 1857 diligunt
385 1826 497 1854 tantum,
519 1825 546 1848 et
561 1828 613 1847 non
634 1819 752 1852 faciunt,
769 1821 891 1854 plerique
902 1828 965 1847 vero

171 1869 273 1896 faciunt
289 1873 402 1900 tautum,
427 1873 453 1894 et
470 1875 522 1894 non
537 1866 659 1901 diligunt.
687 1866 810 1893 Nonnulli
827 1871 965 1900 peccatum

173 1922 227 1942 non
254 1914 356 1942 faciunt
369 1934 376 1946 ‚
403 1918 430 1941 et
457 1917 545 1940 tamen
569 1913 699 1948 justitiam
725 1913 828 1939 odiunt.
855 1913 967 1940 Gravius

173 1965 263 1988 autem
280 1963 374 1994 peccat
387 1959 497 1994 quinon
509 1958 595 1985 solum
611 1962 747 1992 peccatum
765 1958 862 1993 diligit,
879 1958 926 1985 sed
941 1963 968 1985 et

174 2005 250 2039 tacit,
266 2013 346 2040 qnam
359 2005 404 2040 qui
420 2012 472 2032 non
493 2005 564 2038 facit,
581 2008 608 2031 et
628 2003 731 2038 diligit;
755 2005 914 2038 graviusque
928 2004 967 2030 in-

174 2052 291 2083 terdum,
304 2051 348 2085 qui
372 2051 457 2086 diligit
476 2055 503 2077 et
524 2057 576 2077 non
597 2049 660 2077 facit
682 2057 760 2084 quarn
781 2050 825 2083 qui
842 2050 918 2083 facit,
942 2055 969 2077 et

175 2096 242 2122 odit.
258 2095 450 2122 Gravissimum
465 2099 507 2122 est
526 2103 578 2123 non
601 2095 687 2122 sotum
699 2094 797 2127 facere,
814 2095 862 2122 sed
873 2100 900 2122 et
910 2095 968 2122 dili-

176 2147 239 2175 gere
252 2145 402 2174 peccatum.

210 2185 238 2211 5.
254 2185 322 2212 Nam
334 2189 396 2211 sunt
411 2185 518 2219 quidam
533 2184 578 2219 qui
589 2184 728 2211 confestim
746 2189 853 2219 peracto
868 2185 969 2220 flagitio

175 2229 386 2263 confunduntur,
402 2233 430 2256 et
445 2233 508 2256 sunt
518 2229 562 2263 qui
576 2236 628 2256 non
643 2229 728 2256 solum
744 2237 795 2256 non
810 2230 900 2257 dolent
913 2239 971 2265 ges·
982 2223 1009 2252 D
1024 2238 1076 2261 tur.

176 2276 246 2304 sisse
262 2276 372 2309 malum,
385 2275 435 2303 sed
446 2276 527 2302 etiam
543 2275 577 2302 de
592 2275 650 2309 ipso
673 2275 743 2302 malo
758 2282 840 2309 opere
852 2277 971 2310 glorian-

211 2365 276 2392 Ctt’.
293 2371 339 2391 xx.
353 2363 386 2391 N.
402 2363 427 2390 Ι.
445 2363 486 2390 Ex
500 2363 594 2397 Greg„
609 2361 657 2389 tib.
673 2369 701 2388 tv
715 2361 820 2395 Moral„
835 2369 861 2389 c.
882 2361 927 2394 25,
943 2367 971 2390 et

179 2400 246 2428 alib.
262 2399 365 2426 in'cura
381 2398 453 2425 Past.
467 2398 576 2425 Lostss.

216 2436 243 2462 4.
258 2434 296 2461 De
307 2435 424 2462 clamore
443 2433 502 2460 vide
522 2432 690 2467 Gregorium,
704 2431 731 2458 in
745 2431 911 2464 expositione
926 2439 970 2459 se-

178 2470 259 2498 cundi
269 2470 363 2503 psalm.
377 2468 482 2502 poenit.‚
494 2468 520 2494 in
531 2467 606 2500 illud,
620 2467 746 2499 Quoniam
754 2466 831 2498 tacui,
841 2471 868 2493 et
876 2466 971 2500 psalm.

181 2514 227 2538 vn,
243 2510 269 2532 et
282 2512 310 2532 ιιι
328 2505 373 2530 tib.
388 2503 493 2530 Pastor.
513 2510 594 2534 curte,
614 2502 745 2529 admonit.
767 2502 812 2534 1⁰,
834 2501 889 2528 ibi:
913 2501 974 2528 Cla—

184 2548 279 2567 morem
293 2539 434 2566 libertatem
449 2537 576 2572 peccandi
588 2541 675 2564 vomi.-
687 2537 797 2564 Lostss.

217 2576 281 2602 cm
300 2582 356 2601 ιιι.
374 2574 406 2601 Ν.
421 2573 448 2600 2.
462 2572 508 2600 Est
523 2580 574 2599 nott
587 2572 680 2599 sotum.
699 2572 763 2605 Atii.
781 2571 868 2599 minus
893 2571 972 2604 bene,

184 2618 234 2636 non
249 2613 287 2636 est
302 2609 394 2637 solum.
415 2610 501 2635 Aur.

218 2646 246 2673 3.
263 2645 357 2679 Greg.,
374 2644 420 2671 lib.
433 2651 460 2670 vt
476 2642 581 2675 Mor-al..
597 2649 622 2670 c.
639 2641 685 2669 ss.
701 2641 810 2670 Lostss.

221 2678 285 2706 Cat».
307 2686 372 2706 xxn.
390 2677 422 2707 N.
437 2679 464 2706 t.
476 2677 606 2712 Loquitur
618 2676 736 2705 Isidorus
755 2677 789 2704 de
801 2675 970 2708 necessitate.

185 2722 245 2749 quae
258 2722 312 2742 non
325 2713 414 2748 rejicit
435 2712 625 2745 voluntarium,
643 2718 704 2739 eum
719 2711 815 2746 duplex
830 2711 866 2738 sit
878 2717 973 2746 peeca-

186 2748 436 2811 ιδιὲωίέιιεοῑιιωω,
447 2752 475 2775 et
481 2755 513 2775 ex
521 2747 686 2775 conditione.
698 2745 870 2782 Magia-,liin
878 2753 899 2773 lt
908 2745 972 2772 dist.

225 2801 232 2808 .
285 2790 354 2811 nu.

223 2816 288 2844 Cn.
302 2824 379 2845 nui.
393 2816 426 2844 tt.
441 2816 468 2844 ¹.
485 2817 526 2845 Ex
540 2817 665 2852 Gregor„
685 2816 733 2846 lib.
756 2823 783 2846 tv
795 2814 900 2849 ,κον-1.,
913 2821 974 2850 cap.

1017 1595 1108 1617 tatem.
1127 1590 1223 1624 Sicque
1238 1590 1278 1616 his
1294 1589 1406 1615 vinculis
1418 1589 1498 1615 ltotno
1519 1589 1680 1623 implicatus,
1695 1585 1832 1623 quadam!

1017 1641 1109 1663 eatena
1125 1636 1249 1662 vitiorum
1263 1640 1369 1662 tenetur
1383 1635 1520 1668 astrictus,
1535 1635 1571 1662 ita
1585 1640 1614 1661 ut
1633 1635 1668 1662 ab
1681 1642 1712 1662 ea
1729 1621 1832 1671 evelli}

1018 1689 1184 1716 nequaqnam
1197 1681 1295 1713 valeat,
1310 1681 1361 1708 nisi
1375 1680 1466 1708 divina
1478 1681 1562 1716 gratia
1577 1689 1684 1708 manum
1697 1681 1811 1715 jacentis

1018 1728 1211 1763 apprehendat.

1057 1776 1137 1810 222
1153 1774 1178 1800 4.
1207 1775 1352 1802 Peccatum
1378 1775 1521 1802 admittere
1544 1774 1639 1801 cadere
1659 1778 1700 1801 est
1719 1773 1743 1800 in
1764 1781 1799 1808 pu

1019 1826 1107 1853 teum;
1133 1820 1352 1847 consuetudinem
1364 1828 1428 1847 vero
1443 1820 1570 1854 peccandi
1584 1819 1683 1852 facere,
1695 1826 1725 1846 os
1740 1818 1812 1853 putei

1018 1871 1060 1893 est
1081 1871 1239 1900 angustare,
1264 1873 1297 1892 ne
1321 1866 1343 1892 is
1371 1866 1415 1899 qui
1440 1865 1537 1893 cecidit.
1551 1865 1637 1891 valeat
1653 1865 1738 1891 exire.
1758 1865 1794 1891 Se

1023 1911 1158 1938 interdum
1172 1912 1252 1937 etiam
1269 1911 1335 1938 tales
1352 1912 1421 1938 Deus
1446 1911 1550 1944 liberat,
1577 1910 1639 1936 dum
1654 1917 1746 1936 eorum
1765 1909 1783 1936 d

1021 1958 1202 1992 sperationem
1219 1958 1250 1983 ad
1273 1958 1476 1984 conversionem
1501 1956 1630 1983 libertatis
1653 1959 1788 1982 commuta

1021 2004 1081 2039 lpso
1096 2004 1166 2030 enim
1189 2004 1346 2035 miserante,
1373 2007 1479 2036 peccata
1493 2002 1661 2029 dimittuntur
1681 2007 1732 2035 quo
1754 2008 1771 2035 p

1021 2054 1129 2085 tegente
1145 2049 1173 2076 su
1186 2056 1219 2076 ne
1236 2049 1263 2075 in
1279 2049 1396 2076 deterius
1411 2047 1548 2083 peccando
1559 2050 1645 2074 eatur.

1057 2097 1084 2124 5.
1096 2097 1292 2131 Nequissimum
1314 2100 1357 2123 est
1378 2102 1509 2130 peccare,
1530 2093 1606 2128 pejus
1626 2096 1666 2119 est
1684 2091 1802 2127 peccand

1022 2142 1246 2170 consuetudinem
1262 2141 1360 2168 iacere.
1373 2141 1415 2168 Ab
1430 2141 1476 2168 illo
1490 2139 1578 2171 facile,
1590 2139 1624 2165 ab
1634 2138 1685 2165 hoc
1698 2145 1758 2164 cum
1770 2137 1794 2163 la

1022 2190 1087 2217 bore
1101 2189 1252 2224 resurgitur
1266 2211 1274 2223 ,
1299 2189 1361 2216 dum
1375 2188 1452 2215 malae
1471 2186 1658 2214 consuetudini
1680 2190 1798 2219 repugna

1062 2281 1090 2308 8.
1118 2281 1188 2308 Male
1221 2278 1317 2314 agendi
1339 2276 1560 2305 consuetudinem
1591 2280 1726 2303 recessum
1754 2280 1783 2300 es

1026 2364 1072 2391 25.
1089 2365 1196 2392 Lostsit.

1062 2399 1089 2426 ’5.
1106 2397 1251 2426 Atluditad
1276 2397 1344 2425 ittud
1369 2404 1462 2425 socrus
1487 2396 1603 2424 Simonis
1627 2393 1786 2424 febricitan'

1027 2433 1109 2460 Marc.
1136 2442 1155 2460 ι.
1180 2433 1318 2465 Accedent,
1344 2433 1440 2467 inquit,
1460 2432 1564 2459 eleuauit
1581 2439 1638 2458 eam
1656 2428 1752 2466 appreh

1027 2476 1105 2494 mann
1116 2469 1181 2502 ejus,
1197 2473 1220 2494 et
1235 2468 1352 2494 continuo
1366 2467 1462 2494 dimisit
1477 2475 1532 2493 eam
1545 2466 1630 2501 febris.
1642 2465 1751 2492 Lostss.

1062 2504 1089 2530 4.
1107 2504 1171 2530 Luc.
1188 2510 1251 2529 xiv:
1278 2502 1357 2536 Cujus
1377 2507 1488 2528 vestrum
1501 2502 1588 2528 asinus
1602 2505 1647 2527 aut
1665 2500 1709 2526 bos
1727 2498 1754 2525 t’n

1027 2543 1094 2564 teum
1109 2538 1191 2568 cadet,
1203 2542 1226 2563 et
1237 2545 1287 2563 non
1298 2538 1418 2564 continuo
1432 2536 1545 2563 extrahet
1555 2536 1629 2563 illum
1638 2535 1680 2562 die
1690 2533 1710 2562 S

1026 2572 1093 2634 {ido
1114 2575 1241 2607 August,
1262 2572 1296 2599 de
1315 2573 1415 2607 uuest.
1441 2572 1576 2606 evangel..
1591 2569 1637 2598 lib.
1660 2577 1691 2603 ιι,
1714 2576 1743 2604 q.

1050 2614 1136 2634 oststt.

1062 2642 1087 2669 5.
1105 2642 1308 2677 Nequissimum.
1324 2642 1380 2675 ΑΙ.,
1394 2642 1501 2668 vitalum.
1517 2640 1603 2668 Ansv.
1718 2671 1726 2678 .

1060 2677 1088 2704 6.
1104 2677 1191 2704 Locus
1203 2681 1244 2704 est
1257 2677 1319 2704 lsai.
1334 2685 1416 2704 xxxi:
1433 2674 1622 2711 comminuisti.
1637 2673 1702 2702 sicut
1715 2678 1744 2699 m

1027 2712 1136 2748 {undum
1159 2713 1335 2744 recesseratis,
1358 2711 1408 2746 ficti·
1421 2709 1518 2738 lsrael.
1538 2709 1592 2739 ‘ubi
1615 2707 1726 2744 symma

1026 2746 1099 2781 Agite
1117 2747 1300 2781 paenitentiam,
1319 2747 1364 2782 qui
1381 2754 1429 2782 pro
1529 2743 1636 2772 musitio
1653 2746 1731 2779 atqu

1027 2785 1084 2808 cato
1097 2790 1112 2808 a
1125 2781 1238 2814 Domino
1254 2781 1404 2819 recessistis.
1423 2814 1428 2821 '
1442 2788 1458 2808 ι
1471 2779 1644 2815 Hieronymo.
