1832 3016
138 145 189 173 903

648 137 676 165 S.
697 133 819 165 tstnont
841 127 1064 163 ntsmtssusts
1084 132 1234 163 Episcopi

1715 127 1769 161 984

138 203 227 236 utique
240 200 311 236 quod
326 199 376 234 21
394 195 442 231 ipsi
465 194 606 222 adventum
620 198 647 221 et
659 198 784 224 mortem.
799 191 850 227 ipsi
859 199 926 228 quo-
938 192 966 222 A
1011 192 1040 219 4.
1055 191 1160 220 coelum
1179 177 1322 220 autem'ab
1345 189 1453 220 Oriente
1464 188 1498 220 ad
1513 186 1700 228 Occidentem,
1723 200 1769 222 ne-

138 255 188 282 que
198 244 417 274 resurrectionem
429 240 530 268 Christi
544 245 571 268 et
584 240 696 275 gloriam
711 238 810 266 mundo
822 245 927 267 annuu-

138 293 276 319 tiaverunt.

170 336 197 363 2.
222 335 258 361 De
275 332 336 360 coeli
355 335 444 359 antem
469 330 575 358 nomine
595 330 634 357 sic
657 329 723 357 dicit
741 333 848 357 sanctus
863 330 928 358 Am·

138 381 241 407 brosius
266 379 292 406 in
321 378 397 406 libris
421 384 489 412 quos
511 377 619 412 scripsit
638 377 672 404 de
696 377 831 404 creatione
851 385 928 405 mun-

136 426 161 452 di
174 435 179 451 t
196 425 291 453 Coetum
321 424 411 451 Graeco
436 423 557 450 vocabulo
586 423 689 460 οὐρανὸς
717 423 829 455 dicitur;
857 423 927 457 apud

137 471 242 498 Latinos
261 475 344 497 autem
365 474 497 504 propterea
516 469 606 496 coelum
626 469 780 504 appellatur,
800 470 860 504 qnia
880 470 929 497 im·

137 525 224 550 pressa
239 517 371 544 stellarum
386 516 494 546 lumina.
505 516 581 542 velun·
592 516 675 551 siqua,
690 516 794 548 habens,
806 521 927 552 tanquam

137 564 252 589 coelatum
267 562 370 595 dicitur,
387 561 452 587 sicul
466 565 609 596 arqentnm,
634 562 702 596 quod
723 562 802 597 siquis
815 563 928 589 eminen-

137 608 202 634 tibus
212 609 330 642 retulqet,
345 607 463 633 coelamm
475 611 588 633 vocatur.
613 606 696 640 flnjns
710 608 780 634 enim
792 615 852 634 esse
864 608 929 635 sub-

137 654 209 680 tilem
234 658 355 680 naturam
379 653 460 680 etiam
476 653 614 686 Scriptura
628 654 805 687 demonstrat,
822 654 927 689 dicem,

137 699 208 734 qnod
221 699 336 726 firmavit
351 698 449 726 coelum
464 699 532 725 sicut
545 699 655 725 l'umnm.

172 747 199 773 3.
218 747 309 773 Partes
331 751 418 772 autem
432 745 491 780 ejus
503 754 509 772 z
522 745 617 777 chous,
631 745 698 778 axis,
713 744 845 779 cardines,
860 753 930 773 con-

137 799 214 825 vexa,
224 782 505 826 pbli‚sidera.clious,
518 790 588 825 quod
601 791 697 818 coelntn
713 791 842 818 continet.
853 791 930 819 Unde

137 838 237 864 Entiius
254 846 259 863 :
280 837 331 864 Vix
354 838 438 864 solum
457 838 584 872 complere
604 836 695 863 choum
709 837 846 864 terroribus
861 837 928 865 coelt'.

977 237 1031 265 mel
1045 237 1072 265 in
1085 237 1130 266 die
1147 241 1175 265 et
1197 241 1275 266 nocte
1294 238 1362 266 verti
1382 238 1516 274 sapientes
1531 239 1694 267 existimant.
1710 239 1768 268 lloc

977 287 1066 310 autem
1095 283 1250 318 rotundum,
1273 283 1398 316 volubile,
1420 288 1500 319 atque
1519 284 1616 313 ardens
1641 292 1702 314 esse
1724 286 1768 313 ‹li-
1804 311 1805 314 ,

977 333 1084 356 xerunt.
1110 328 1192 363 Cuius
1214 329 1346 364 sphaeram
1369 336 1450 364 super
1470 337 1553 364 aquas
1578 337 1638 358 esse
1659 335 1771 366 putave-

978 378 1050 406 runt,
1073 378 1104 402 ut
1123 374 1149 402 in
1171 375 1235 410 ipsis
1252 375 1382 408 volvatur,
1401 376 1512 411 ejusque
1531 376 1682 404 incendium
1703 382 1771 405 tem·

980 425 1083 455 perent.
1109 420 1247 454 Spltaeram
1271 425 1360 448 autem
1390 421 1566 455 confirmant,
1595 429 1645 449 nec
1670 422 1771 456 princi-

980 465 1052 500 pium
1071 465 1180 500 babere,
1203 473 1254 494 nec
1279 467 1433 500 terminum,
1448 474 1498 502 pro
1518 474 1551 495 eo
1566 467 1636 502 quod
1652 467 1773 495 rotundi·
1824 495 1832 502 ,Α

981 514 1036 538 tate
1057 510 1115 543 sui.
1132 511 1207 545 quasi
1221 511 1353 545 circulus,
1375 512 1444 539 unde
1466 512 1591 547 incipiat,
1611 513 1652 540 vel
1668 513 1709 540 nbi
1725 513 1774 541 de-
1822 527 1829 546 ;

981 557 1065 588 sinat,
1085 556 1163 584 facile
1186 564 1238 584 non
1252 557 1505 592 comprehendatur.
1530 558 1680 594 AEqnaliter
1701 560 1773 587 enim
1824 576 1826 579 v

981 610 1016 630 ex
1031 604 1104 630 omni
1120 607 1194 638 parte
1210 603 1293 630 lertnr
1307 611 1367 631 esse
1377 604 1501 637 collecta,
1512 608 1540 632 et
1551 606 1640 633 omnia
1650 605 1774 633 similiter
1824 597 1827 599 Α

981 650 1138 684 respiciens,
1153 655 1233 684 atque
1256 657 1271 677 a
1294 654 1387 677 centro
1409 655 1488 678 terrae
1508 651 1591 684 aequis
1618 651 1711 686 spatiis
1733 651 1775 679 di-

982 696 1076 723 stincta
1089 705 1095 729 ;
1111 696 1221 731 ipsaque
1233 696 1274 723 sui
1289 696 1442 731 :equalitate
1457 698 1492 724 ita
1506 697 1619 730 stabilis,
1635 701 1664 724 ut
1677 704 1735 724 eam
1747 697 1774 725 in

982 742 1081 770 nullam
1099 747 1201 777 partem
1216 743 1355 770 declinare
1374 743 1490 777 undique
1512 743 1649 779 aequalitas
1663 744 1775 772 collecta

963 807 966 810 »
984 788 1128 823 permittat,
1144 796 1175 815 ac
1191 789 1264 815 nullo
1281 788 1437 816 fulcimento
1456 789 1585 816 subvecta
1599 793 1774 818 sustentetur.

1020 834 1046 861 5.
1059 834 1141 869 Cujus
1154 834 1343 869 perfectionem
1355 835 1468 869 spliaerae
1478 835 1520 862 vel
1532 836 1623 863 circuli
1635 836 1725 864 multis
1733 843 1775 863 ar-

137 883 213 914 Axis,
236 883 303 909 linea
325 887 409 914 recta,
432 890 490 916 quae
512 890 559 916 per
581 881 696 908 mediam
720 881 799 915 pilam
820 881 932 916 sptiaerae
947 881 1612 916 BgumentationibnstractanS.rationabilePlato
1623 881 1777 910 Fabricato-

138 928 230 954 tendit.
243 926 382 959 Cardines,
399 932 525 954 extremae
536 927 593 953 axis
608 931 696 961 partes
709 931 781 953 sunt.
793 926 929 961 Convexa,

138 975 190 1008 22
200 978 317 1000 extrema
329 973 400 1000 coeli.
411 973 478 1006 Poli,
488 980 523 1000 ex
536 973 690 1000 coelestibus
699 972 806 999 circulis
815 973 931 1000 cacumi-

139 1028 182 1052 na,
199 1020 295 1054 quibus
311 1019 425 1046 maxime
441 1019 546 1053 spltaera
563 1018 655 1045 nititur
670 1027 676 1044 z
693 1025 804 1051 qnorum
818 1018 885 1045 alter
897 1018 931 1045 ad

138 1066 297 1100 Aquilonem
322 1071 445 1099 spectans
465 1065 577 1098 Boreus,
603 1065 672 1092 alter
692 1069 771 1092 terrae
792 1065 932 1100 oppositus

137 1110 316 1138 Austronotus
330 1110 416 1138 dictus
434 1115 485 1138 est.

139 1179 211 1205 cedit
224 1178 312 1205 omnia
325 1178 410 1213 spatia
424 1179 493 1205 aeris
502 1199 512 1211 ,
524 1185 683 1210 omnemque
694 1177 870 1208 altitudinem,
884 1178 932 1206 ubi

140 1215 219 1240 etiam
240 1214 389 1245 luminaria,
410 1214 547 1247 stellaeque
558 1213 759 1240 constituuntur
771 1218 863 1247 quarta
876 1214 930 1246 die,

139 1256 171 1275 an
187 1250 245 1283 ipse
259 1257 303 1275 :ter
316 1253 426 1275 vocetur
442 1250 636 1275 firmamentum
649 1248 661 1274 ‘i
677 1248 771 1275 Merito
783 1255 847 1283 ergo
858 1256 931 1283 quae-

139 1285 206 1310 ritnr
219 1304 225 1316 ,
243 1291 302 1310 cnm
324 1284 397 1309 multi
413 1283 546 1310 affirment
561 1291 689 1317 aquarum
711 1288 832 1310 naturam
849 1291 931 1318 supet·

140 1319 271 1346 siderenm
292 1319 388 1345 coelum
411 1325 471 1344 esse
494 1326 545 1345 non
572 1325 649 1352 posse
662 1339 669 1349 ,
694 1326 726 1345 eo
741 1318 811 1352 quod
823 1318 862 1345 sic
877 1320 931 1346 ha-

141 1353 221 1381 beant
235 1354 386 1380 ordinatum
403 1353 506 1386 pondus
526 1361 602 1380 snum
617 1373 623 1385 ‚
641 1358 669 1380 ut
682 1354 724 1379 vol
737 1361 818 1387 super
831 1359 930 1381 terram

140 1389 270 1415 fluctuent.
283 1409 290 1421 ‚
315 1389 357 1415 vel
371 1388 398 1414 in
413 1395 474 1415 aere
486 1390 606 1422 proximo
624 1388 701 1415 terris
716 1389 877 1422 vaporaliter
892 1389 931 1416 le-

140 1430 242 1451 rantur.

179 1468 188 1484 ι
209 1459 304 1486 Dicunt
315 1465 420 1492 quoqne
431 1458 535 1492 igneum
551 1465 610 1485 esse
620 1458 733 1489 coelum,
746 1462 771 1484 et
785 1466 835 1484 non
851 1466 930 1492 posse

140 1502 202 1522 cnm
214 1502 246 1521 eo
262 1494 416 1520 concordari
430 1498 551 1520 naturam
564 1501 702 1527 aquarum,
713 1498 739 1518 et
752 1493 821 1526 qnod
831 1494 929 1520 coelutn

141 1530 178 1557 sit
191 1529 344 1559 rotundum.
359 1533 386 1555 et
396 1529 520 1560 volubile,
532 1529 674 1559 etardens,
689 1533 714 1554 et
726 1528 752 1554 in
769 1529 814 1554 illo
822 1529 929 1556 volubili

141 1565 253 1591 circuitu
270 1571 351 1598 aquas
365 1569 435 1590 stare
450 1571 503 1590 non
517 1571 604 1597 posse.
620 1563 700 1595 Resp.
716 1562 844 1589 Desinant
858 1565 930 1590 insa·

142 1600 199 1627 nire
223 1600 267 1634 qui
284 1599 333 1626 boc
350 1602 462 1632 putant,
486 1604 564 1633 atque
583 1598 686 1626 conlusi
701 1604 865 1633 cognoscant
880 1599 930 1626 ltoc

144 1635 213 1669 qnod
230 1635 330 1661 Veritas
345 1633 393 1661 ait.

181 1679 189 1695 ι
206 1669 238 1696 Et
250 1677 298 1696 nos
310 1669 349 1696 eis
360 1676 393 1696 ex
409 1669 474 1702 ipsis
492 1668 641 1696 visibilibus
662 1668 765 1695 naturis
777 1676 928 1696 asseramus

142 1705 286 1739 Scriptnrae
300 1704 389 1734 ildetn,
403 1709 430 1730 ut
446 1706 546 1738 possint
560 1710 723 1738 cognoscere
741 1711 800 1737 quas
816 1705 867 1730 illis
881 1705 928 1731 du·

142 1740 225 1767 hietas
247 1741 280 1766 ‹le
298 1739 475 1766 invisibilibus
492 1745 558 1766 erat.
582 1739 646 1766 mam
662 1738 806 1772 Scripturze
818 1746 932 1766 consuc-

143 1776 206 1801 tndo
220 1781 259 1801 est
272 1782 323 1801 non
335 1774 420 1800 solnm
437 1775 559 1807 nomine,
574 1774 621 1802 sed
638 1774 716 1801 etiam
732 1774 834 1800 ntorum
853 1775 931 1808 (sic)

142 1818 230 1837 aerem
252 1811 321 1837 ltunc
340 1811 435 1836 coelnnt
456 1810 607 1844 appellare;
630 1815 730 1836 etcum
752 1817 814 1836 aves
830 1810 854 1836 in
869 1817 932 1837 aere

142 1846 263 1877 volitent,
276 1844 338 1872 coeli
353 1845 468 1871 volatilia
483 1845 662 1879 appellantur,
678 1848 705 1870 et
715 1851 839 1871 serenum
851 1849 931 1879 atque

142 1880 260 1907 nubilum
275 1880 371 1907 ccelnm
383 1880 496 1906 dicimus
511 1881 543 1907 de
555 1888 626 1908 aere.

181 1925 190 1940 ι
208 1916 274 1942 Nam
289 1920 316 1941 et
331 1915 386 1948 ipse
403 1915 541 1947 Dominus,
558 1923 619 1942 cum
634 1914 668 1942 de
680 1914 797 1942 nubibus
809 1914 932 1949 loquere-

142 1955 186 1976 tur
198 1970 206 1983 ,
230 1951 333 1985 inquit:
357 1949 460 1977 Faciem
475 1951 532 1977 coelt‘
552 1952 659 1984 probare
678 1951 792 1984 potestis.
809 1950 890 1984 igitur
905 1956 933 1978 et

142 1993 198 2017 aer.
215 1988 259 2019 qui
274 1990 314 2012 est
329 1985 397 2012 inter
413 1992 526 2020 vapores
549 1986 673 2012 ltumidos
685 2006 692 2016 ,
717 1986 787 2012 unde
811 1987 932 2019 superius

143 2021 232 2047 nubila
247 2021 450 2056 conglobantur,
466 2025 493 2047 et
503 2021 586 2048 maria
602 2020 765 2054 subterfusa,
781 2021 933 2048 ostenditur

142 2063 202 2083 esse
216 2058 312 2083 coelum
329 2056 398 2082 inter
412 2063 507 2090 aquam
524 2061 552 2083 et
570 2064 676 2090 aquarn.

182 2100 191 2116 ι
216 2091 273 2118 Non
296 2098 359 2126 ergo
378 2091 560 2125 impediuntur
582 2090 699 2126 pondera
717 2090 930 2125 elementorum,

143 2127 204 2160 quia
218 2127 239 2153 si
252 2130 338 2160 potest
350 2133 416 2161 aqua
432 2127 465 2152 ad
485 2132 571 2154 tantas
583 2131 716 2160 guttarum
733 2126 856 2153 minutias
871 2134 933 2160 per-

144 2161 244 2192 venire,
260 2163 327 2187 sicut
338 2161 468 2191 videmus,
483 2168 509 2188 ut
524 2169 604 2194 super
619 2161 698 2187 istum
714 2168 802 2187 aerem
818 2169 932 2196 vapora-

144 2196 333 2227 interseratur,
351 2196 395 2228 qni
412 2200 503 2222 natura
517 2196 601 2222 levior
612 2201 652 2221 est
667 2195 708 2221 vel
720 2196 796 2229 quis,
817 2204 865 2223 cur
879 2204 933 2223 non

144 2236 256 2265 possunt
269 2237 349 2264 snper
365 2230 426 2257 illnd
441 2231 524 2257 levius
536 2232 634 2258 coelum
651 2229 838 2258 minutioribus
850 2233 934 2266 guttis

144 2270 170 2292 et
181 2265 327 2295 levioribus
338 2272 464 2292 emanare
478 2265 638 2298 vaporibus?

181 2310 190 2326 ι
210 2301 240 2327 Et
260 2300 331 2335 quod
352 2300 388 2328 illi
410 2305 548 2333 asserunt,
571 2300 675 2327 stellam
690 2308 768 2335 quam
789 2300 932 2329 Saturnum

145 2335 280 2369 appellant
298 2343 358 2362 esse
381 2335 513 2371 frig-dam,
529 2340 556 2363 et
570 2335 641 2370 quod
658 2342 704 2368 per
724 2343 809 2363 annos
826 2337 933 2368 triginta

984 928 1021 954 ris
1036 927 1128 954 mundi
1144 934 1212 961 opus
1228 927 1353 954 insinuat.
1372 926 1470 959 Primo,
1492 927 1562 961 qnod
1577 934 1612 954 ex
1633 934 1684 954 una
1706 927 1776 955 linea

984 978 1101 1000 constat.
1117 972 1252 1005 Secundo,
1275 971 1346 1005 qnod
1365 972 1424 999 sine
1439 971 1514 998 initio
1527 976 1578 1004 est,
1593 977 1621 999 et
1638 972 1696 1000 sine
1712 973 1775 999 line.

985 1019 1089 1051 Tertio,
1104 1019 1175 1053 quod
1188 1025 1203 1045 a
1220 1022 1318 1052 puncto
1334 1017 1458 1044 allicitur.
1475 1017 1576 1050 Denuo,
1591 1018 1660 1052 quod
1675 1023 1776 1046 motum

984 1072 1018 1092 ex
1034 1072 1064 1092 se
1089 1063 1195 1091 babeat.
1221 1063 1322 1090 Deinde
1343 1063 1414 1097 quod
1443 1067 1533 1090 careat
1548 1063 1647 1090 indicio
1668 1063 1778 1098 angulo-

983 1118 1054 1143 rum.
1073 1115 1101 1138 et
1111 1110 1182 1145 quod
1197 1110 1223 1137 in
1238 1117 1268 1137 se
1288 1113 1401 1137 caeteras
1416 1110 1514 1144 figuras
1538 1117 1631 1138 omnes
1646 1109 1776 1144 includat,

983 1181 1082 1210 mrem,
1098 1184 1131 1204 ne
1142 1176 1318 1212 conflagratio
1337 1177 1484 1212 superioris
1500 1176 1625 1204 inferiora
1640 1176 1775 1205 elementa

983 1213 1181 1278 succgrggesgrtg
1191 1248 1326 1283 quomodo
1338 1269 1346 1280 ,
1363 1251 1389 1275 et
1402 1247 1562 1282 qualeslibet
1575 1254 1651 1282 aqnae
1670 1247 1706 1275 ibi
1722 1248 1777 1276 sint

983 1283 1176 1319 (ignoramus);
1192 1291 1252 1311 esse
1270 1290 1316 1310 eas
1337 1291 1418 1317 snper
1442 1291 1575 1310 summum
1599 1282 1663 1310 illud
1678 1283 1775 1310 coelnm

983 1320 1094 1346 minime
1107 1319 1271 1346 dubitamus.
1295 1318 1378 1353 Maior
1400 1318 1470 1346 enim
1494 1322 1537 1345 est
1557 1318 1703 1351 Scriptnrae
1718 1318 1777 1353 eju·

982 1354 1142 1386 auctoritas,
1161 1361 1240 1388 quam
1255 1355 1343 1381 omnis
1358 1353 1467 1381 humani
1483 1353 1582 1388 ingenii
1602 1352 1746 1388 capacitas.
1763 1362 1775 1380 ι

982 1390 1215 1452 ἑΚΞἏΑηιῠι-οσὶιω
1230 1425 1258 1451 in
1276 1423 1393 1451 Εὐνίκη.
1410 1423 1526 1451 caelatum
1542 1428 1655 1451 vocatur.
1671 1423 1729 1451 Lib.
1746 1431 1776 1457 ιι,

981 1458 1087 1522 athies.
1098 1494 1142 1521 flu
1150 1496 1187 1521 ἰιι
1198 1495 1264 1521 enim
1277 1502 1331 1521 esse
1341 1494 1503 1521 subtilem...
1514 1494 1580 1521 cicun
1594 1494 1702 1529 sumum.
1714 1494 1775 1522 Lib.

982 1538 1002 1563 ι,
1013 1537 1073 1563 cap.
1089 1530 1115 1556 6.
1147 1534 1195 1556 unt
1214 1537 1276 1556 vei-o
1292 1530 1368 1556 lsaiae
1380 1530 1537 1563 verba.cap.
1548 1529 1593 1562 51,
1609 1537 1642 1557 ex
1653 1529 1778 1556 Lxx‘tn-

982 1569 1107 1600 temnit..
1123 1565 1162 1592 ὅτι
1173 1565 1276 1602 οὐρανὸς
1289 1566 1323 1594 ὡς
1336 1566 1431 1594 καπνὸς
1447 1565 1598 1601 ἑστεριώθη.

1017 1601 1041 1627 5.
1058 1600 1135 1628 Cous.
1151 1602 1194 1626 vel
1213 1608 1298 1629 covus.
1315 1600 1355 1626 vel
1372 1601 1461 1626 chous.
1485 1600 1577 1632 tarro,
1599 1599 1645 1627 lib.
1660 1607 1686 1626 tv
1701 1608 1707 1626 z
1721 1599 1778 1627 sub

977 1636 1043 1671 jttqo
1057 1636 1139 1661 medio
1154 1643 1252 1665 cavum.
1266 1635 1334 1669 quod
1351 1634 1414 1661 bura
1433 1638 1545 1661 extrema
1560 1635 1649 1661 addita
1663 1634 1777 1670 oppilla-

982 1676 1034 1702 tur,
1050 1677 1152 1697 vocatur
1164 1678 1253 1696 conum
1263 1679 1278 1695 a
1287 1678 1356 1696 cova.
1375 1670 1469 1696 Festus
1481 1678 1488 1696 :
1499 1669 1606 1700 Cottum.
1620 1670 1712 1702 lorum.
1727 1678 1778 1705 quo

943 1695 967 1726 C
983 1711 1048 1732 temo
1062 1707 1131 1732 bum
1154 1714 1211 1733 cum
1228 1707 1294 1740 juqo
1314 1705 1463 1740 colligatur,
1479 1713 1494 1731 a
1509 1705 1649 1731 cohibendo
1668 1706 1776 1732 dictum.

983 1741 1081 1767 Cottum
1096 1740 1185 1767 Poetoe
1198 1741 1289 1767 coelum
1300 1740 1419 1767 dixerunt
1430 1748 1445 1765 a
1457 1740 1538 1771 Chaa.
1551 1748 1583 1767 ex
1593 1748 1643 1772 quo
1654 1741 1780 1774 putabant

983 1777 1072 1803 coelnm
1090 1784 1144 1802 eue
1163 1778 1311 1811 formatum.
1330 1776 1385 1809 Ego
1400 1783 1415 1802 a
1430 1774 1570 1801 cohibendo
1600 1775 1649 1802 boc
1670 1782 1778 1811 quoque

983 1813 1092 1838 ductum
1099 1811 1223 1838 arbitror.
1235 1810 1310 1844 Quod
1320 1812 1400 1837 etiam
1409 1810 1524 1837 voluisse
1532 1810 1771 1843 videtnrtsidorus.

983 1847 1075 1873 dicens
1092 1855 1098 1872 ε
1114 1846 1223 1878 Coltttnt,
1239 1846 1306 1879 quod
1321 1845 1418 1872 Coetum
1428 1847 1547 1872 continet.

1020 1881 1032 1907 Ι
1038 1882 1089 1908 bid.
1106 1880 1165 1908 Poli
1179 1890 1210 1908 ex
1225 1882 1365 1908 coelesn'bus
1380 1882 1482 1909 circtdu
1500 1881 1680 1908 cacumina...
1694 1881 1779 1908 dicitu

984 1922 1028 1944 esti
1043 1917 1173 1951 Hyginus.
1182 1917 1228 1943 lib.
1240 1924 1264 1943 t:
1277 1916 1453 1951 Hujusantem
1463 1915 1694 1951 (ileaxeloqnens)
1702 1924 1779 1943 cacu-

984 1953 1063 1982 mina,
1079 1953 1170 1986 quibus
1182 1953 1292 1979 maxime
1306 1953 1408 1983 ophaera
1420 1953 1521 1985 nititur,
1535 1951 1586 1985 poli
1602 1951 1777 1986 appellantur,

983 1995 1092 2021 quorum
1113 1987 1177 2013 alter
1200 1988 1233 2014 ad
1255 1987 1407 2022 Aquilonem
1426 1991 1550 2021 spectans,
1575 1986 1693 2019 Borean
1714 1987 1780 2013 aller

984 2023 1234 2084 izeffsssm‘tsstissz·
1249 2022 1342 2084 &⁰:53⁸
1356 2027 1393 2084 2⁸:
1405 2020 1780 2084 532¹331222·³¹2¹2³¹;¹33J;¹⁸21

1230 2077 1238 2084 ·
1332 2079 1338 2088 =
1554 2077 1561 2089 i
1728 2075 1736 2088 v

985 2098 1182 2127 austronotutn,
1191 2093 1234 2120 vel
1248 2094 1455 2123 austronotium.
1464 2092 1535 2119 linnc
1548 2092 1637 2125 polum
1649 2091 1701 2118 dici
1714 2098 1780 2118 con-

985 2132 1049 2154 stat.
1064 2128 1156 2154 Terra:
1171 2135 1235 2155 vero
1252 2129 1404 2162 oppositum
1417 2127 1483 2155 dixit
1500 2127 1627 2158 lsidorus.
1643 2127 1713 2161 quod
1729 2127 1778 2153 ob-

983 2162 1056 2197 jectu
1073 2168 1151 2190 terrae
1174 2165 1216 2197 (ut
1235 2163 1272 2189 ait
1292 2162 1367 2189 Arati
1388 2163 1531 2198 interpres)
1546 2169 1560 2188 a
1575 2161 1652 2189 nobis
1672 2169 1726 2189 non
1739 2161 1779 2189 vi-

985 2198 1091 2225 deatur.
1108 2197 1167 2226 vid.
1185 2198 1232 2224 lib.
1249 2206 1278 2224 ιιι
1292 2198 1454 2233 Etymolog.‚
1469 2203 1496 2225 et
1510 2197 1555 2224 lib.
1570 2205 1629 2226 xttt.

1021 2232 1091 2260 lbtd.
1106 2233 1209 2260 Sidera.
1225 2232 1326 2266 Cho-ta,
1338 2233 1406 2267 quoa
1419 2232 1509 2259 coelum
1523 2234 1642 2259 continet.
1659 2231 1702 2259 At.
1712 2252 1721 2265 ,
1735 2231 1780 2259 lte-

985 2268 1143 2300 misphoeria.
1160 2268 1256 2300 chous,
1269 2275 1319 2302 quo
1332 2269 1423 2294 ooetum
1435 2267 1588 2293 continetur.
1601 2267 1688 2299 Αιιιν.
1824 2266 1827 2277 ¹

1020 2303 1047 2329 4.
1056 2304 1138 2333 Atque
1147 2304 1241 2330 ardens
1253 2310 1308 2330 ene
1318 2303 1449 2329 dixerunt.
1457 2302 1484 2328 ln
1495 2302 1537 2328 bie
1546 2301 1594 2328 fuit
1604 2301 1684 2328 etiam
1691 2300 1778 2334 Plato,

986 2338 1031 2371 qui
1045 2338 1143 2365 coelnm
1158 2344 1284 2371 astraque
1304 2338 1381 2371 ignea
1400 2343 1461 2364 esse
1473 2336 1591 2371 scripsit.
1610 2336 1662 2364 sed
1681 2336 1723 2370 (ut
1737 2336 1780 2364 iu-

142 2376 250 2406 perngat
270 2371 397 2397 circulum
421 2378 498 2398 suum
513 2391 521 2403 ,
542 2378 575 2398 eo
588 2370 658 2404 quod
680 2371 811 2406 superiori
833 2371 933 2398 circulo
947 2379 974 2410 1)
987 2377 1148 2406 terpretatur
1167 2371 1295 2407 Galenus)
1312 2379 1364 2398 non
1389 2371 1440 2398 hoc
1459 2371 1530 2406 igne.
1554 2371 1599 2405 qui
1617 2371 1710 2399 urendi
1723 2371 1779 2400 vim

142 2407 274 2440 graditur,
291 2407 359 2439 qnod
375 2405 438 2441 (sol)
453 2405 516 2433 facit
530 2413 578 2440 per
587 2413 700 2440 annum.
716 2408 779 2434 luna
794 2413 840 2439 per
853 2414 931 2433 nten-

142 2448 209 2473 sem,
227 2447 251 2467 et
264 2441 313 2468 ista
327 2441 385 2467 ideo
397 2441 513 2472 brevius.
525 2441 584 2475 quia
597 2440 706 2469 interius
721 2445 811 2469 tenent
826 2441 928 2474 locum;

144 2478 213 2503 unde
227 2476 340 2509 ergo‘sit
354 2476 400 2503 illa
413 2477 488 2503 stella
502 2476 597 2511 frigida
607 2497 615 2509 ,
630 2484 690 2511 quae
705 2481 778 2504 tanto
791 2476 929 2504 ardentior

142 2519 202 2539 esse
213 2512 314 2544 debuit,
329 2516 427 2546 quanto
441 2519 522 2545 super
533 2512 616 2539 coelos
631 2512 742 2545 rapitur,
763 2519 823 2546 quae
842 2512 932 2547 quoti-

142 2547 229 2574 dianis
243 2547 337 2574 diebus
350 2547 468 2574 velocius
481 2547 576 2581 currit,
590 2547 642 2574 nisi
655 2548 717 2581 quia
732 2547 795 2575 lacit
807 2554 866 2574 eam
882 2547 929 2574 l'ri-

141 2582 230 2616 gidam
249 2589 310 2609 esse
332 2589 460 2617 aquarum
483 2586 593 2616 natura,
615 2590 676 2618 quae
693 2590 774 2618 super
794 2589 927 2610 summum

143 2617 205 2644 illud
218 2618 316 2644 eoelnm
329 2618 389 2646 est!

182 2662 191 2678 ι
209 2652 377 2687 cognoscant
389 2660 454 2688 ergo
475 2653 501 2680 bi
515 2673 522 2686 ‚
547 2657 575 2681 et
589 2652 706 2681 insanire
720 2653 854 2686 desinant,
867 2652 931 2688 quia

144 2688 188 2721 qui
214 2689 300 2722 potuit
322 2695 415 2716 cuncta
431 2696 523 2716 crearo
545 2696 579 2716 ex
605 2687 704 2722 nihilo,
719 2693 747 2716 et
765 2689 825 2716 illas
845 2688 932 2724 potuit

143 2729 224 2756 aquas
237 2723 339 2756 glaciali
354 2724 488 2751 soliditate
503 2723 623 2751 stabilire
642 2724 668 2750 in
681 2725 760 2752 welo.
774 2724 840 2751 Nam
860 2723 931 2758 quod

145 2757 194 2788 ipsi
209 2757 322 2785 dicitur:
338 2758 388 2791 Qut·
399 2759 476 2786 volvis
486 2759 571 2786 orbem
591 2759 670 2786 stellis
683 2759 830 2787 ardentibus
848 2758 931 2794 reful-

145 2796 242 2825 qernem
251 2812 259 2824 ,
281 2801 369 2820 nonne
382 2794 472 2821 divina
498 2794 664 2828 providentia
690 2794 844 2822 necessario

144 2827 242 2859 spexit.
258 2831 286 2853 ut
297 2828 366 2854 intra
381 2829 473 2856 orbern
487 2829 566 2862 coeli,
580 2834 608 2857 et
621 2836 703 2870 super
716 2830 808 2858 orbem
829 2837 842 2856 r
878 2836 929 2856 un-

145 2861 239 2889 darent
253 2868 338 2898 aquaf..
353 2870 413 2899 quae
422 2863 467 2892 illa
480 2864 607 2894 ferventis
620 2872 678 2893 nui
691 2865 815 2894 incendia
827 2869 931 2900 tempe-

986 2408 1093 2440 babeat.
1109 2408 1158 2435 sed
1178 2408 1242 2439 alio.
1270 2407 1316 2441 qui
1332 2407 1440 2433 luminis
1454 2411 1556 2434 tantum
1577 2407 1613 2434 sit
1630 2407 1779 2448 particen·-
1823 2407 1826 2412 ’

984 2443 1163 2476 Antiquarum
1174 2443 1304 2470 rationem
1316 2442 1441 2469 retutavit
1452 2441 1620 2474 Aristotelen
1629 2446 1666 2469 tta
1675 2446 1777 2475 tamen,
1827 2444 1832 2454 “

984 2482 1013 2504 ιιι
1035 2477 1132 2504 Basilio
1155 2481 1183 2504 et
1205 2477 1348 2504 Ambrosio
1371 2477 1450 2512 (qnos
1473 2477 1517 2504 bit:
1539 2480 1631 2505 noster
1652 2481 1779 2505 auctoru
1827 2474 1832 2486 ¹

983 2512 1075 2547 babet)
1087 2519 1164 2539 snam
1180 2512 1237 2546 ipso
1249 2512 1365 2547 probare
1380 2519 1433 2538 non
1449 2513 1576 2547 potuerit.

980 2582 1003 2609 Α
1017 2546 1088 2610 Igid.
1101 2546 1169 2583 Eius
1184 2547 1331 2575 incendium
1338 2552 1485 2582 temperent.
1498 2547 1582 2581 ldeut,
1592 2554 1653 2583 cap.
1663 2554 1779 2582 seq-,ex

1005 2589 1031 2610 m
1051 2590 1106 2610 roe.

1021 2616 1092 2647 nid.
1104 2617 1240 2652 Sphoeram
1249 2622 1334 2646 autem
1343 2618 1506 2652 confirmant.
1519 2618 1629 2654 uniit..
1637 2618 1682 2649 1.ι.
1690 2617 1777 2651 initio.

1022 2652 1093 2680 md.
1105 2652 1203 2681 Coelum
1212 2659 1308 2687 antem,
1319 2658 1372 2681 ete.
1388 2653 1443 2686 At..
1453 2653 1522 2680 Ιιειιι·
1609 2652 1616 2660 “
1643 2654 1695 2680 duo
1705 2656 1777 2685 nune.
1801 2664 1803 2666 ·

985 2696 1093 2721 quorum
1097 2688 1208 2716 atterum
1215 2695 1250 2716 est
1257 2697 1333 2723 super
1341 2695 1446 2722 terram,
1453 2689 1563 2716 atacem
1574 2688 1660 2716 suom
1669 2691 1774 2715 amm.

985 2722 1083 2751 Coelum
1095 2729 1192 2758 autem,
1207 2729 1259 2752 etc.
1275 2727 1361 2751 Anzv.
1638 2748 1643 2752 .

1021 2758 1048 2785 5.
1063 2758 1139 2792 Quod
1161 2764 1244 2786 careat
1267 2760 1363 2786 indicio
1376 2768 1392 2787 ιι
1428 2758 1498 2787 utor.
1510 2758 1546 2786 ln
1563 2765 1592 2786 ο.
1604 2757 1675 2786 libri.
1695 2756 1780 2786 Fuit

983 2793 1115 2821 Incisione
1130 2795 1250 2829 nugator.
1264 2795 1358 2823 Cicero
1372 2803 1380 2822 t
1425 2795 1473 2822 ml
1486 2794 1597 2822 taciem
1687 2793 1701 2832 Ι·
1715 2810 1724 2820 .

1011 2828 1090 2893 elga.
1106 2829 1182 2864 Quod
1203 2830 1230 2858 in
1249 2837 1277 2858 u
1297 2834 1412 2859 cctam.
1427 2828 1462 2861 1⁸
1479 2837 1509 2858 u
1519 2828 1664 2863 uuum.
1675 2827 1777 2867 lib-005
1793 2855 1795 2862 ,
