1832 3016
163 191 213 220 379

675 193 705 221 S.
725 192 852 221 tsinont
872 191 1092 226 tttSt‘ALuNsts
1113 194 1266 229 Episcopi

1741 209 1795 239 880

162 249 279 277 oleribus
300 247 495 275 levissimarum
515 248 635 276 carnium
657 249 794 277 alimenta.
816 250 874 278 Non
900 252 952 280 erit
966 257 988 286 Α
1003 262 1086 291 usque
1101 258 1135 285 ad
1159 260 1279 288 autumni
1299 261 1459 297 principium
1480 267 1535 291 tota
1549 268 1630 293 aestas
1643 266 1795 298 interdiana

161 301 244 328 nsque
259 293 291 319 ad
305 293 456 320 satietatem
470 292 646 320 reficiendum
661 301 770 329 eorpuS,
786 303 821 323 ue
834 295 951 324 sortein·

161 343 242 365 tereat
257 337 377 370 animus;
391 344 450 364 nam
466 345 499 365 ex
512 338 680 372 plenitudine
701 341 802 368 ventris
817 341 872 369 cito
885 343 952 370 exci-

159 388 228 410 tatur
243 383 345 410 luxuria
357 383 455 410 carnis.

192 429 219 454 5.
245 428 295 461 Qui
318 424 407 455 autem
428 429 576 463 appetitum
592 430 734 459 edacitatis
746 434 878 468 reprimit,
892 434 950 462 sine

156 473 236 501 dubio
251 474 366 501 tasciviae
389 480 477 501 motus
500 476 647 510 restringit.
663 477 747 505 Tanta
762 486 823 506 cum
848 479 949 506 discre-

157 521 228 547 tione
242 520 412 547 reticiendum
433 524 476 547 est
489 527 598 556 corpus,
617 527 644 550 ut
655 530 706 551 nec
721 525 801 551 nimia
814 525 950 552 abstinen-

156 568 191 593 tia
207 567 369 599 debilitetur,
396 574 446 594 nec
461 568 594 602 superflua
613 569 745 598 edacitate
764 571 796 598 ad
811 572 948 598 lasciviam

154 617 301 639 moveatur.
326 612 353 639 ln
383 617 497 648 utroque
523 621 587 649 ergo
605 616 782 649 temperantia
798 616 948 644 adhibenda

153 665 203 692 est,
220 659 332 691 scilicet,
349 664 379 686 ut
391 664 418 686 et
431 660 494 687 vitia
509 662 598 688 carnis
613 669 667 688 non
682 663 855 697 praevaleant,
867 668 894 689 et
910 663 948 690 vis

152 707 184 733 ad
196 707 373 733 ministerium
383 706 460 735 houm
472 708 638 742 operationis
650 708 778 736 sufficiat.
790 709 948 744 Quicunque

151 753 184 779 ad
206 760 324 779 mensam
345 753 468 780 residens
484 761 496 779 a
515 755 641 781 carnibus
669 756 710 782 vel
731 755 794 782 vino
812 755 948 782 abstinere

152 798 276 830 voluerit,
294 806 346 826 non
362 803 404 826 est
418 800 616 834 prohibendus;
631 801 795 828 abstinentia
811 802 882 828 enini
895 810 947 829 non

151 844 322 879 prohibetur,
350 846 397 872 sed
420 847 508 880 potius
523 847 711 880 collaudatur,
739 853 842 875 tantuin
859 857 892 876 ne
914 857 948 876 ex

150 895 302 925 contemptu
313 895 437 919 creatura
455 892 499 919 Dei
515 892 638 920 humanis
651 900 779 921 concessa
793 894 886 921 usibus
901 901 948 921 ex-

149 936 272 964 se'cretur

186 983 212 1010 6.
230 983 335 1011 Nullum
350 992 412 1011 esus
429 985 527 1012 furtiva
540 986 703 1013 contaminio
711 987 822 1022 polluat,
835 993 883 1015 aut
894 988 943 1015 irn-

148 1030 253 1064 pudens
265 1031 306 1058 vel
319 1031 438 1064 privatus
451 1037 525 1059 extra
541 1040 712 1060 communem
727 1041 847 1062 mensam
857 1043 945 1070 appe-

149 1076 228 1108 titus;
245 1078 530 1105 excommunicationis
552 1079 623 1106 enim
636 1079 717 1115 538
728 1082 870 1108 sententiae
881 1084 943 1110 sub-

146 1123 247 1157 jacebit
258 1123 303 1157 qui
319 1124 361 1151 vel
374 1125 479 1152 occulte
494 1125 534 1151 vel
554 1130 628 1152 extra
643 1127 806 1154 ordinariam
824 1136 943 1156 mensam

147 1168 249 1203 aliquid
264 1169 455 1204 degustaverit.
472 1170 541 1198 Ante
555 1171 711 1200 refectionis
728 1178 831 1207 tempus
854 1175 944 1202 nullus

147 1214 220 1240 vesci
237 1215 334 1241 audeat
354 1220 452 1249 proeter
465 1224 526 1243 eum
541 1217 584 1250 qui
600 1223 719 1252 aegrotam
733 1219 779 1253 qni
793 1219 866 1247 enim
880 1225 945 1248 tem-

148 1267 199 1294 pus
213 1260 312 1287 edendi
324 1263 516 1296 antecesserit,
533 1264 763 1298 subsequentibus
778 1267 866 1300 poenis
882 1268 943 1294 abs-

147 1305 267 1332 tinentiae
281 1306 439 1340 sthacehit.
457 1308 563 1334 Sitienti
583 1313 629 1335 aut
643 1310 791 1343 cujuspiam
808 1311 942 1339 desectum

148 1352 260 1387 patienti
274 1356 336 1379 ante
350 1353 446 1380 edendi
462 1359 565 1388 tempus
584 1356 779 1383 consulendum
795 1362 846 1389 est,
861 1357 943 1384 abba-

149 1404 185 1430 te,
204 1400 245 1426 vel
261 1401 403 1434 praeposito
419 1400 571 1433 ordinante,
598 1409 650 1429 non
668 1407 756 1430 tamen
782 1404 881 1437 palam,
909 1411 942 1431 ne

146 1445 216 1472 sorte
231 1445 316 1477 sitire,
333 1445 373 1471 vel
389 1446 493 1473 esurire
507 1446 573 1473 alios
590 1451 675 1481 rogat.

182 1488 209 1514 7.
222 1487 453 1515 Hebdomadnrius
468 1490 542 1516 solus
557 1489 634 1516 cibos
655 1490 790 1524 degustet,
811 1498 861 1519 nec
881 1492 942 1525 quis

146 1532 174 1560 id
193 1533 263 1560 alius
278 1533 387 1566 audeat,
409 1541 441 1560 ne
457 1534 507 1560 suh
520 1534 660 1561 occasione
674 1535 832 1569 degustandi
855 1536 940 1571 gutae,

146 1579 188 1606 vel
208 1579 310 1614 gutturi
326 1580 480 1606 satisfaciat.
508 1580 582 1607 Laici
597 1581 715 1608 ministri
731 1583 831 1609 mensis
847 1591 940 1609 mona-

145 1619 257 1646 chorum
272 1619 424 1646 nullatenus
440 1621 598 1652 intererunt,
621 1628 670 1648 nec
684 1622 756 1648 enim
774 1624 872 1656 poterit
887 1623 938 1650 illis

144 1672 244 1692 mensae
265 1666 417 1692 communis
440 1672 500 1692 esse
525 1665 609 1700 locus,
635 1666 731 1701 quibus
744 1667 878 1696 diversum
895 1674 937 1696 est

143 1710 319 1745 propositum.
346 1710 468 1737 Monachi
483 1717 544 1737 cum
557 1718 572 1738 a
593 1718 685 1738 mensa
700 1713 881 1746 surrexerint,
902 1713 936 1740 ad

142 1757 291 1785 orationem
311 1764 405 1784 omnes
429 1762 601 1785 concurrant.
626 1758 702 1791 Quod
722 1766 821 1786 mensae
838 1760 936 1787 redun-

142 1802 260 1836 daverit,
273 1802 347 1829 omni
363 1809 429 1829 cura
449 1806 585 1830 servatum
599 1803 739 1838 egentibus
752 1804 934 1838 dispensetur.

178 1849 204 1875 8.
222 1847 249 1874 ln
261 1847 406 1875 resectione
419 1847 612 1875 monachorum
628 1849 745 1876 adiebus
761 1849 936 1877 Pentecostes

176 1908 245 1935 lbid.
263 1906 402 1935 Inducant.
420 1908 458 1935 Ex
469 1908 549 1936 Goth.
566 1908 621 1940 At„
641 1908 780 1936 interdum.
797 1908 893 1936 Gnm..

177 1943 248 1971 Ibid.
273 1943 405 1978 Voluptas.
423 1944 538 1971 Grialius
553 1945 679 1971 voluntas.
698 1944 748 1971 Pro
762 1949 876 1976 utantur,
895 1944 930 1972 al.

139 1980 256 2007 habeant.
275 1978 302 2005 ln
318 1979 407 2005 verbis
430 1979 615 2006 levissimarum
639 1980 755 2006 carnium
772 1980 911 2007 Menardus
924 2000 932 2012 ,

139 2024 165 2050 p.
181 2014 243 2046 712,
259 2015 435 2048 quantitatem
462 2015 596 2050 intelligit,
610 2023 662 2042 non
682 2016 848 2049 qualitatem,
864 2016 934 2050 quod

138 2060 172 2078 ex
191 2050 365 2084 sequentihus
380 2051 482 2080 elarum
500 2055 583 2084 putat.
602 2050 655 2078 Sed
672 2051 736 2077 inihi
756 2059 807 2078 non
822 2052 857 2077 ita
878 2051 935 2077 cla-

139 2094 198 2113 rum
213 2086 333 2117 videtum
349 2090 375 2111 et
391 2088 479 2112 verius
490 2086 616 2117 arbitror,
631 2086 753 2113 hocloco
782 2086 936 2119 qualitatem

138 2121 258 2148 carnium
277 2121 423 2153 praescribi,
439 2121 614 2155 sequentibus
633 2121 721 2148 verbis
737 2121 886 2148 satietatem
899 2122 937 2147 si-

138 2164 171 2183 ve
180 2157 295 2188 olerum,
306 2157 362 2183 sive
374 2155 552 2191 leguminum,
574 2159 632 2184 sive
645 2157 767 2183 carnium
787 2156 933 2191 prohiberi.

138 2192 222 2219 Annv.

172 2227 199 2254 5.
217 2224 250 2253 Et
265 2226 300 2252 vis
314 2227 347 2253 αά
362 2226 542 2259 ministerium,
557 2226 614 2260 ΑΙ..
639 2231 664 2253 et
676 2227 756 2253 virtus
770 2227 803 2254 ad
818 2227 933 2254 ministe-

136 2263 214 2295 rium,
231 2261 325 2288 codem
342 2270 432 2289 sensu.
451 2264 535 2288 Λιιεν.

172 2298 198 2325 6.
215 2296 326 2324 Nullum
342 2298 438 2330 lurtiva
458 2297 651 2324 contaminatio.
671 2296 805 2330 Cassian„
825 2298 871 2325 lib.
888 2305 926 2330 tv,

136 2341 194 2366 cap.
211 2333 255 2365 ¹5,
267 2332 332 2358 inter
348 2332 530 2359 monachorum
545 2332 639 2359 delicto
654 2337 770 2359 numerat
783 2333 928 2360 extraordi-

136 2370 234 2395 nariam
247 2372 313 2397 ..aut
328 2368 448 2400 furtivam
459 2367 631 2402 resectionem.
650 2367 748 2395 Gemi..

170 2402 240 2431 Ibid.
255 2401 321 2429 Erus
334 2411 343 2430 .·
354 2403 471 2430 Grialius
481 2403 545 2430 esui.
554 2404 640 2430 Anev.

170 2440 196 2466 7.
223 2438 375 2470 Menardns,
402 2446 460 2473 pag.
477 2438 539 2470 642,
562 2437 725 2465 contrarium
746 2442 864 2466 statuere
885 2438 923 2465 ait

134 2479 253 2500 sanctum
267 2472 453 2505 pachomium,
470 2479 523 2500 art.
535 2473 566 2500 2¹
585 2481 640 2500 suae
656 2474 754 2508 regutae
771 2482 778 2500 :
796 2473 848 2506 Qun·
868 2474 927 2508 put—

134 2511 258 2536 mentoria
278 2513 398 2544 coquunt,
413 2509 463 2544 ipsi
486 2509 552 2536 uini!
563 2514 691 2543 qustantee
705 2508 836 2536 edentibus
848 2509 926 2535 mini-

133 2545 261 2571 strabunt.
278 2545 343 2574 Seu.
358 2550 385 2570 ut
405 2551 454 2578 ogo
469 2549 544 2578 puto,
559 2547 669 2572 sanctus
694 2544 814 2571 isidorus
837 2543 925 2571 solium

133 2580 208 2611 iubet
224 2579 457 2606 hebdomadarium
478 2579 620 2614 degustare
642 2580 731 2613 cibos,
752 2583 780 2607 ut
796 2578 926 2614 dijudicet

133 2622 166 2641 an
178 2616 231 2642 sint
245 2616 312 2643 bene
330 2615 449 2647 conditi,
463 2619 572 2642 sanctus
584 2614 756 2647 Pachomins,
769 2621 802 2641 ne
823 2621 925 2656 coquus

132 2650 194 2676 edat
208 2655 349 2682 antequam
364 2650 469 2677 coeteris
480 2649 623 2678 ministret.
644 2651 710 2683 Quae
725 2649 779 2677 duo
789 2653 925 2676 contraria

132 2687 186 2711 nuh
195 2690 267 2712 sunt.
280 2685 406 2718 Grialius,
417 2685 533 2712 diversus
544 2690 580 2712 est
591 2686 747 2721 propositum
759 2683 924 2718 Holcteuius,

132 2720 242 2747 diversus
255 2726 292 2747 ιιι
303 2721 465 2753 praenoaitui.
478 2721 564 2748 Anev.

162 2753 189 2781 8.
215 2753 245 2781 ln
269 2754 418 2782 Concordia
441 2755 609 2790 regularum,
621 2755 746 2783 invitat...
774 2754 924 2796 suapengtit,

132 2794 228 2816 emnam
239 2790 346 2826 apponit
367 2795 475 2819 tantum.
490 2791 619 2819 Autumni
633 2791 739 2819 initium
753 2794 795 2818 ost
806 2796 925 2828 equino-

133 2822 213 2850 ctium
220 2824 373 2852 autumnate
380 2830 475 2854 octavo
481 2824 541 2853 Kal.
547 2826 682 2854 octobris.
688 2825 841 2854 interdiana
848 2830 926 2860 prait-

132 2855 175 2883 dia
197 2857 379 2894 intelliguntur
400 2859 446 2886 die
468 2860 614 2894 dominice,
635 2860 701 2890 teria
716 2861 807 2894 tertia.
850 2860 924 2888 uinta

131 2894 160 2918 et
176 2891 300 2920 sabbato.
328 2892 395 2920 Nam
418 2893 470 2922 hoc
495 2897 625 2931 temporie
646 2897 737 2931 mtto
752 2895 809 2933 §eiu
881 2899 924 2923 uu·

131 2924 198 2954 teria
207 2927 336 2960 secunda,
343 2933 436 2963 quarte
444 2933 566 2964 etsexta,
576 2935 608 2959 ut
616 2930 699 2964 intra,
709 2937 771 2967 cup.
781 2931 824 2959 tt.
835 2929 920 2959 bum.

952 1641 974 1672 C

1003 302 1113 336 prandia
1124 304 1230 338 invitet,
1248 306 1380 341 reliquum
1397 313 1501 344 tempus
1509 311 1657 345 suspendat
1671 314 1795 350 prandia,

1001 353 1078 375 coena
1094 353 1196 378 tantum
1210 357 1371 386 apponatur.

1037 393 1064 420 9.
1087 393 1115 421 ln
1137 397 1256 432 utrisque
1282 400 1449 434 temporibus
1465 402 1578 431 refectio
1593 411 1695 433 mensae
1710 407 1796 436 tribus

1000 440 1052 466 erit
1066 440 1224 476 pulmentis,
1241 443 1344 471 olerum
1367 446 1472 474 scilicet
1485 452 1513 475 et
1527 449 1703 483 leguminum,
1719 456 1756 484 et,
1772 453 1794 480 si

999 485 1065 519 quid
1082 486 1189 515 tertium
1204 487 1294 523 tuerit,
1309 490 1336 517 id
1347 496 1399 525 est,
1409 500 1559 526 pomorum.
1575 496 1670 523 Ternis
1689 505 1795 532 quoque

1002 531 1106 563 poculis
1125 531 1244 560 fraterna
1259 535 1403 564 reficienda
1418 543 1460 565 est
1477 539 1546 567 sitis.
1559 540 1641 577 539
1656 542 1683 569 ln
1699 543 1793 570 obser·

1000 578 1107 605 vatione
1122 584 1210 607 autem
1225 581 1460 618 quadragesimali.
1485 587 1556 614 sicut
1571 588 1627 614 lieri
1642 589 1710 615 solet
1735 594 1794 624 post

1000 630 1153 658 exemptum
1167 626 1308 660 Jejunium,
1323 636 1390 662 pane
1400 630 1470 662 solo,
1485 636 1512 658 et
1525 639 1592 666 aqua
1608 635 1724 661 contenti
1737 644 1793 662 om-

1001 677 1047 697 ues
1063 675 1151 704 erunt,
1166 679 1181 698 a
1196 672 1258 699 vino
1273 681 1380 708 quoqne
1395 678 1423 701 et
1436 675 1497 703 oleo
1512 676 1697 706 abstinebunt.

1305 729 1420 758 CAPUT
1440 730 1474 759 X.

1330 775 1368 802 De
1378 776 1459 810 feriis.

1036 824 1061 851 1.
1079 823 1141 851 Haec
1159 829 1221 852 sunt
1234 825 1306 852 feriae
1319 827 1522 861 monachorum,
1538 828 1564 855 in
1579 829 1675 864 quibus
1687 830 1788 865 jejunia

999 871 1210 905 conquiescunt,
1227 871 1253 899 in
1269 873 1360 906 primis
1378 875 1539 902 venerabilis
1559 876 1617 902 dies
1637 877 1791 905 Doininicus

1000 916 1100 943 nomini
1113 917 1212 944 Christi
1224 917 1339 946 dicatus.
1355 919 1416 952 Qui,
1432 921 1501 947 sicut
1511 926 1620 955 propter
1632 924 1788 958 mysterium

1000 963 1202 990 resurrectionis
1215 964 1273 997 ejus
1292 965 1421 992 solemnis
1435 971 1494 998 est,
1513 967 1548 993 ita
1564 972 1592 994 et
1611 969 1680 1002 apud
1697 976 1790 997 omnes

998 1015 1091 1035 servos
1105 1009 1163 1043 ejus
1174 1010 1357 1038 celebritatem
1371 1011 1488 1039 convivii
1505 1014 1594 1040 votivo
1614 1015 1710 1049 gaudio
1725 1017 1790 1043 reti-

998 1054 1081 1081 nebit.
1099 1055 1163 1082 ltem
1177 1062 1193 1081 a
1215 1055 1299 1089 primo
1313 1057 1356 1084 die
1372 1057 1481 1085 Paschae
1503 1066 1586 1093 usque
1609 1061 1642 1087 ad
1659 1062 1788 1090 Penteco-

997 1106 1076 1133 stem,
1092 1101 1283 1136 quinquaginta
1301 1103 1402 1130 scilicet
1416 1105 1578 1138 quotidianis
1600 1106 1706 1141 diebus,
1719 1109 1790 1143 jeju-

997 1146 1069 1173 nium
1086 1154 1101 1173 a
1113 1149 1211 1175 sanetis
1227 1148 1349 1175 Patribus
1363 1149 1521 1178 dissolutum
1541 1155 1602 1184 est,
1619 1159 1730 1187 propter
1745 1162 1788 1182 re-

996 1194 1190 1222 surrectionem
1209 1196 1335 1224 videlicet
1350 1196 1459 1230 Christi,
1474 1203 1501 1226 et
1515 1199 1658 1227 adventum
1672 1202 1788 1235 Spiritus

996 1241 1091 1272 saneti,
1107 1246 1135 1267 ut
1147 1241 1246 1269 hi.dies
1258 1250 1310 1270 non
1327 1243 1352 1270 in
1366 1244 1448 1279 ligura
1459 1245 1568 1278 laboris,
1581 1247 1650 1280 quod
1665 1247 1788 1280 Quadra-

995 1287 1104 1321 gesimae
1121 1294 1225 1322 tempus
1241 1289 1382 1324 significat,
1397 1291 1444 1318 sed
1460 1292 1485 1318 in
1501 1293 1591 1325 quiete
1604 1293 1700 1321 taetitioe
1713 1294 1787 1321 laxa-

997 1334 1031 1360 tis
1043 1334 1153 1368 JeJ'uniis
1168 1335 1349 1363 celebrentur.

1031 1378 1057 1404 ΞΖ.
1074 1378 1177 1406 Placuit
1189 1380 1269 1406 etiam
1287 1381 1410 1408 Patribus
1424 1389 1437 1408 a
1451 1382 1494 1411 die
1509 1383 1609 1412 Natalis
1623 1384 1727 1412 Domini
1744 1394 1788 1414 us-

994 1433 1046 1460 que
1056 1426 1088 1453 ad
1102 1426 1172 1453 diem
1183 1427 1401 1455 Circumcisionis
1412 1429 1532 1457 solemne
1546 1436 1650 1465 tempus
1665 1433 1784 1468 efficere,

994 1471 1181 1505 licentiamque
1204 1473 1330 1500 vescendi
1354 1473 1472 1507 haltere;
1500 1483 1552 1502 non
1577 1477 1655 1504 aliter
1673 1483 1700 1505 et
1728 1478 1788 1507 dies

994 1518 1202 1553 Epiphaniorum
1224 1520 1306 1546 veteri
1329 1521 1417 1554 regula
1441 1522 1575 1549 reficiendi
1596 1524 1785 1558 indulgentiam

992 1569 1135 1590 consecuta
1147 1568 1199 1597 est,
1214 1564 1347 1599 siquidem
1358 1570 1386 1592 et
1395 1566 1458 1593 dunt
1473 1568 1587 1602 quisque
1599 1568 1709 1595 fratrum
1722 1577 1786 1597 con-

992 1611 1104 1637 vertitur
1117 1631 1123 1642 ,
1147 1614 1192 1637 aut
1212 1618 1245 1637 ex
1265 1611 1324 1638 aliis
1344 1613 1515 1640 monasteriis
1536 1614 1631 1641 fratres
1653 1616 1779 1643 visitandi

992 1654 1077 1689 gratia
1096 1660 1263 1689 occurrunt,
1286 1664 1333 1691 pro
1354 1657 1485 1686 charitate
1506 1659 1677 1694 adimplenda
1701 1661 1785 1689 inter-

992 1706 1151 1736 rumpuntur
1161 1701 1274 1737 jejunia.

1027 1750 1055 1776 3.
1077 1749 1178 1776 Praeter
1199 1749 1258 1776 haec
1282 1749 1334 1777 alia
1363 1756 1483 1786 tempora
1509 1753 1592 1782 libere
1618 1755 1784 1789 libenterque

991 1795 1074 1822 cultui
1091 1795 1253 1829 jejuniorum
1279 1796 1435 1824 inserviant.
1458 1797 1485 1825 Si
1509 1800 1555 1833 qui
1576 1805 1665 1827 autem
1692 1807 1784 1827 mona-

991 1845 1101 1872 chorum
1128 1844 1262 1878 praedictis
1288 1845 1453 1879 temporibus
1479 1847 1602 1881 ieiunare
1625 1848 1781 1882 disponunt,
1827 1865 1832 1882 2

1020 1906 1045 1932 9.
1060 1905 1092 1932 In
1106 1904 1218 1939 utrisque
1233 1904 1398 1938 temporibus,
1413 1904 1516 1932 scilicet
1528 1905 1624 1937 hieme,
1640 1910 1666 1932 et
1678 1910 1779 1939 instate,
1823 1910 1832 1927 ἐ

985 1942 1083 1975 quihus
1099 1940 1270 1966 continentur
1285 1944 1440 1972 autumnus,
1456 1945 1482 1967 et
1494 1948 1550 1973 vcr,
1563 1946 1590 1967 ut
1604 1942 1713 1976 exponit
1725 1942 1782 1969 Me-
1827 1939 1832 1948 “

988 1978 1096 2007 nardus.
1110 1983 1169 2010 pag.
1191 1976 1253 2002 7113.
1276 1975 1303 2002 ln
1326 1976 1475 2002 Concordia
1491 1977 1653 2010 regularum,
1678 1982 1781 2007 tertium

989 2013 1076 2047 suerit,
1089 2019 1222 2046 pomorum
1232 2030 1239 2037 .
1255 2031 1261 2037 .
1276 2031 1282 2037 .
1296 2017 1351 2045 post
1362 2010 1490 2046 expletum
1495 2013 1628 2047 jejunium
1640 2021 1704 2046 pane
1714 2015 1780 2049 solo,

990 2049 1027 2075 vel
1043 2055 1120 2081 aqua,
1142 2051 1192 2073 etc.
1207 2046 1281 2079 Quod
1294 2048 1376 2074 ternis
1392 2047 1492 2081 poculis
1505 2047 1540 2074 sit
1554 2047 1696 2074 hibendum
1707 2068 1715 2081 ,
1739 2055 1781 2078 est

992 2084 1071 2110 etiam
1083 2087 1243 2116 praeeeptum
1255 2082 1365 2108 Ausonii
1388 2083 1412 2108 in
1425 2082 1522 2116 gripho
1538 2082 1587 2108 Ter
1601 2083 1663 2109 bibe.
1681 2086 1706 2110 ln
1721 2091 1780 2112 cas·
1820 2095 1822 2097 >

994 2118 1042 2145 tris
1054 2118 1086 2144 ad
1103 2117 1228 2144 Mutinam
1243 2123 1284 2144 ter
1299 2118 1390 2145 hibere
1405 2118 1513 2144 solitum
1529 2120 1677 2152 Augustum
1694 2120 1780 2148 refert
1815 2131 1822 2145 ,-

991 2154 1144 2183 Suetonius.
1162 2160 1186 2179 c.
1201 2153 1329 2187 77.Apud
1347 2153 1454 2180 Petrum
1468 2152 1640 2180 Casineusem
1657 2160 1714 2187 pust
1730 2164 1779 2188 po-

989 2197 1090 2216 morum
1103 2188 1154 2214 alia
1166 2188 1299 2214 adduntur
1310 2195 1341 2215 ex
1358 2187 1470 2220 isidoro,
1483 2193 1512 2215 ut
1525 2188 1639 2219 videtur,
1654 2189 1756 2217 scilicet
1769 2200 1777 2218 :
1819 2196 1823 2222 ζ

991 2224 1093 2251 ‹Festis
1108 2231 1170 2249 vero
1182 2223 1286 2254 diebus,
1295 2224 1379 2250 ternis
1388 2226 1428 2251 vet
1443 2223 1581 2257 quaternis
1595 2224 1705 2251 ferculis
1716 2232 1778 2255 sunt

985 2267 1096 2293 corpora
1112 2258 1264 2289 reficienda,
1281 2259 1320 2285 sic
1337 2262 1425 2286 tamen
1451 2265 1478 2285 ut
1492 2259 1567 2293 (quo)
1583 2260 1698 2293 pluriora
1714 2266 1778 2290 sunt
1815 2273 1818 2284 τ

984 2295 1084 2322 cibaria
1106 2301 1228 2325 numero,
1243 2294 1297 2320 sint
1311 2294 1424 2324 minora,
1446 2298 1474 2319 ut
1484 2298 1511 2320 et
1525 2301 1636 2328 corpora
1652 2302 1778 2323 necessa·
1790 2299 1796 2307 ·
1816 2322 1817 2326 ,

980 2331 1020 2357 rio
1032 2331 1094 2357 ciho
1107 2329 1272 2359 reficiantur,
1293 2335 1346 2355 non
1356 2327 1438 2355 nimia
1449 2328 1591 2355 saturitate
1604 2330 1776 2360 damnentur.

980 2365 1091 2398 Quando
1117 2365 1143 2390 in
1160 2370 1251 2390 mensa
1275 2363 1350 2390 cibus
1365 2362 1577 2394 administratur,
1597 2364 1685 2392 nullus
1701 2366 1776 2400 prius

979 2401 1067 2427 cibum
1083 2399 1206 2428 comedat
1220 2405 1301 2437 quam
1322 2398 1425 2432 siguum
1440 2398 1474 2425 ad
1494 2398 1707 2427 benedicendum
1730 2401 1774 2429 in-

979 2441 1066 2468 sonet,
1082 2440 1110 2462 et
1132 2441 1192 2461 cum
1221 2440 1326 2467 signum
1343 2433 1487 2467 audierint,
1505 2442 1556 2461 una
1576 2441 1642 2462 voce
1663 2435 1789 2464 benedi--

978 2470 1096 2498 ctionem
1111 2469 1254 2503 postulent,
1266 2473 1292 2495 et
1305 2468 1379 2500 data,
1390 2469 1429 2496 sic
1439 2470 1667 2500 coinedant.⁴lllud
1680 2474 1776 2506 praeei.

979 2513 1030 2540 pue
1042 2505 1224 2536 deceruimus,
1239 2508 1269 2531 ut
1282 2504 1370 2531 nullus
1380 2511 1414 2532 ex
1434 2512 1559 2532 mensura
1571 2511 1618 2532 sua
1638 2507 1680 2533 vel
1702 2508 1775 2536 aeci-

979 2548 1042 2574 pere
1058 2541 1092 2567 ab
1105 2540 1190 2567 altero
1202 2542 1356 2573 praesumat,
1372 2540 1415 2567 vel
1427 2539 1501 2572 dare,
1514 2545 1613 2575 praeter
1630 2541 1772 2576 abbatem.

979 2577 1018 2603 vet
1039 2577 1223 2610 praepositum.
1253 2576 1296 2603 eui
1324 2576 1359 2602 ab
1383 2575 1482 2603 abbate
1507 2577 1683 2605 comininum
1697 2582 1751 2607 eet..

978 2613 1063 2639 Annv.

977 2646 1093 2710 Gctw.G
1101 2653 1128 2673 x.
1153 2645 1186 2674 N.
1206 2646 1233 2672 2.
1256 2645 1324 2674 Dum
1345 2645 1451 2682 quisque
1473 2647 1585 2684 fratrum
1606 2649 1766 2676 convenerit*

1002 2683 1057 2709 oth.
1096 2689 1168 2709 niti..
1763 2687 1766 2690 ·

1013 2716 1082 2745 Iota.
1099 2716 1260 2744 Convertitur
1274 2724 1286 2744 .·
1299 2717 1347 2746 Gr.
1359 2737 1368 2752 ,
1387 2721 1580 2750 convertentur.
1590 2717 1653 2747 'flue
1667 2718 1756 2748 faciun

978 2753 1057 2780 verba
1073 2753 1193 2780 Cassiani
1209 2753 1292 2780 relata
1303 2752 1350 2781 tib.
1363 2760 1388 2781 vl
1401 2752 1529 2789 Eumol„
1543 2755 1603 2788 αρ’.
1620 2754 1665 2787 ¹9,
1678 2762 1707 2783 n.
1719 2754 1745 2784 6!
1757 2767 1760 2773 ¹

977 2788 1003 2814 in
1025 2793 1098 2815 nota.
1120 2786 1185 2815 Post
1204 2789 1429 2824 interrumpuntur
1443 2789 1550 2825 Jejttnia
1573 2789 1599 2825 in
1616 2788 1754 2828 contem-dt<

975 2824 1128 2858 regularum
1151 2823 1259 2852 additur
1277 2822 1302 2851 οἱ
1323 2828 1408 2852 temen
1429 2830 1484 2852 non
1505 2821 1603 2860 suntne
1623 2827 1738 2860 'cunuti

975 2859 1063 2886 ARN·
1165 2897 1253 2923 autem
1262 2893 1448 2923 atomorum
1483 2897 1538 2925 ete.
1551 2874 1740 2930 &minut-liti.

975 2893 1284 2962 de⁵otffkqo⁸getumm
1302 2933 1363 2964 up.
1377 2927 1423 2965 ιιι,
1440 2913 1475 2970 tt.
1490 2928 1521 2957 ς.
1538 2928 1606 2978 χιιι,
1621 2935 1727 2977 μω.
1748 2976 1750 2978 V

1742 2858 1753 2872 0
