1832 3016
146 129 191 156 9:5¹

654 120 682 146 S.
704 117 827 146 tsinottt
849 116 1068 145 utst‘ttLENSJS
1089 115 1243 145 Ertscopt

1729 115 1783 145 952

146 182 276 213 nomines,
290 179 334 215 qni
349 178 406 205 slve
419 177 446 203 in
456 175 538 207 coelo,
554 175 611 202 sive
628 175 654 201 in
678 174 814 209 paradiso,
838 180 934 208 pecca·
947 175 973 206 A
985 174 1036 202 etsi
1051 181 1131 209 supra
1142 174 1201 201 haec
1215 173 1296 201 etiam
1309 172 1411 201 fuerint
1428 172 1487 208 illa,
1497 179 1560 208 quae
1579 179 1630 201 nec
1648 173 1781 209 cogitatus

145 232 247 259 verunt,
265 226 347 252 Deum
360 230 413 250 non
428 221 561 253 viderunt,
579 221 705 255 quoniam
725 220 747 247 si
763 219 836 247 illum
850 218 936 247 vidis-

143 278 211 305 sent,
225 271 297 298 nullo
309 269 389 297 modo
401 272 493 303 postea
508 271 617 302 possent
627 268 797 302 delinquere.

178 318 203 344 5.
220 317 271 343 Sed
286 316 343 342 haec
357 319 448 342 contra
464 314 630 347 respondens
646 313 717 340 sorte
731 313 828 347 aliquis
843 312 936 340 dicet:

142 366 195 392 Cur
207 370 271 397 ergo
285 366 345 397 post
359 361 490 388 visionem
504 359 609 394 gloriae,
621 359 692 387 unde
705 359 786 386 facies
801 359 885 394 Moysi
907 359 933 386 in

142 408 285 436 solitudine
295 407 431 438 rutilabat,
439 405 472 432 ad
483 412 565 439 aquas
577 404 797 432 contradictionis
808 404 937 432 offendit?

142 458 175 484 Et
190 456 283 484 Petrus
292 457 352 488 post
364 451 497 487 Unigeniti
508 452 621 487 gloriam
633 452 659 479 in
671 456 763 479 monte
774 459 834 479 cum
846 451 937 487 Moyse

141 507 169 530 et
182 502 238 528 Elia
250 505 396 530 ostensam,
411 499 437 525 in
450 498 519 525 atrio
534 497 706 525 sacerdotum
722 497 864 525 Dominum
886 505 937 524 ne·

141 548 232 583 gavit?
243 546 290 573 Cui
307 545 484 580 propositioni
496 544 578 572 tacite
592 544 771 579 respondetur
785 544 857 578 quod
867 543 938 579 Moy-

142 602 185 622 ses
197 601 243 628 per
257 593 382 628 angelum
408 592 451 619 vel
465 595 616 619 creaturam
639 591 719 617 aliam
744 590 827 626 618
849 594 938 625 poste-

143 640 211 667 riora
229 638 320 673 gloriae
334 637 412 664 vidit.
430 637 464 664 Et
478 637 574 664 Petrus
589 641 617 663 et
630 636 723 664 caeteri
745 635 870 670 discipuli
890 643 938 671 pet·

140 693 237 719 comus
252 686 397 711 humanum
423 683 536 710 rutilare
562 681 665 709 Christi
688 682 853 709 divinitatem
873 690 938 710 con-

141 734 299 765 spexerunt3
317 729 339 756 si
355 728 424 755 enim
442 735 490 762 per
502 727 676 762 semetipsam
691 727 860 755 divinitatem
876 735 938 755 con-

141 777 301 811 spexissent,
318 775 390 802 nullo
406 774 486 801 modo
500 773 528 800 in
549 780 630 801 carne
648 778 741 807 postea
764 772 856 801 vivere
876 781 939 808 pos-

141 827 211 849 sctit.

176 869 202 895 6.
221 868 279 902 lpse
294 874 411 901 namque
426 866 556 893 Dominus
569 864 652 900 Moysi
667 864 806 900 respondit
823 874 830 891 ι
853 864 938 892 Nemo
953 876 978 907 B

141 915 232 941 videbit
258 914 348 949 [aciem
376 921 468 945 meam,
493 917 516 939 et
538 912 601 938 vivet
629 911 727 947 (Exod.
756 919 856 944 xxxin,
879 911 937 948 20).

142 961 231 987 Sancti
246 967 310 993 ergo
330 963 389 992 post
405 958 629 986 resurrectionem
645 965 699 985 non
721 965 768 991 per
791 957 888 992 figuras
911 962 939 985 et

142 1008 281 1040 mnigmnta
297 1005 437 1032 Dominum
454 1003 602 1036 videbunt,
619 1004 688 1031 sicut
709 1003 742 1031 de
769 1004 819 1030 hoc
842 1003 939 1031 eodem

143 1053 261 1087 gentium
279 1051 389 1085 insignis
405 1050 532 1085 Magister
547 1050 704 1084 pronuntiat
718 1059 724 1076 ε
742 1050 809 1082 Quia
822 1058 866 1085 per
881 1058 939 1084 spe-

142 1099 228 1125 culum
242 1100 268 1125 itt
279 1098 414 1133 oent'qmate
426 1097 559 1129 vidcmus;
577 1105 635 1123 cum
648 1101 734 1124 autem
754 1098 849 1124 venerit
871 1098 939 1132 quod

142 1149 281 1181 perfectum
303 1149 352 1177 est,
371 1149 429 1171 tunc
446 1151 598 1180 cognoscam
617 1144 683 1170 sicut
705 1144 822 1179 cognitus
838 1152 895 1170 sunt
913 1144 938 1180 (1

143 1194 203 1220 eor.
231 1201 293 1225 χιιι,
313 1192 367 1226 1⁹2).
393 1190 625 1224 Quemadmodum
646 1197 786 1224 possessor
808 1191 940 1219 Dominici

143 1233 259 1274 pectoris
269 1239 379 1265 conviva
395 1243 488 1272 potens
503 1237 538 1264 ait
554 1237 671 1265 loannes
687 1246 693 1264 ε
713 1237 864 1264 Videbimus
881 1246 940 1264 eum

143 1286 218 1315 sicuti
237 1289 273 1312 est
288 1283 315 1320 (Ι
327 1284 406 1310 Jonn.
424 1292 462 1316 ιιι,
478 1283 522 1318 2);
539 1284 646 1317 quando
665 1283 846 1317 complebitur
868 1284 939 1318 quod
965 1290 967 1293 ’

145 1328 272 1355 Ecclesiae
289 1335 335 1361 per
360 1327 452 1354 lsaiam
477 1327 633 1361 prophetam
658 1328 819 1361 promittitur
846 1337 852 1355 ε
878 1327 940 1355 Non

143 1375 190 1401 erit
200 1374 235 1400 ibi
250 1373 360 1407 amplius
374 1373 412 1399 sol
423 1372 455 1398 ad
469 1373 604 1399 lucendum
616 1381 660 1407 per
670 1374 747 1404 diem,
759 1381 839 1407 neque
856 1375 940 1407 splen-

145 1421 192 1447 tlor
208 1420 271 1446 lucis
282 1418 434 1445 illuminabit
448 1423 481 1451 te,
494 1418 538 1445 sed
553 1419 599 1445 erit
614 1419 658 1444 tibi
671 1418 798 1444 Dominus
810 1419 837 1445 in
858 1419 940 1446 lucem

144 1468 335 1500 sempiternam,
355 1470 379 1492 et
403 1465 472 1492 Deus
495 1470 553 1492 tuus
574 1465 602 1491 in
626 1465 736 1499 qtoriam
759 1470 827 1492 tuum
850 1465 937 1500 (lsai.

146 1521 192 1545 Lx,
208 1512 240 1539 ta
250 1513 270 1546 ).

181 1558 207 1583 7.
223 1558 260 1584 Ex
273 1564 326 1592 quo
342 1556 498 1592 intelligitur
508 1556 580 1591 quod
594 1563 647 1583 non
663 1563 712 1591 per
729 1560 877 1589 creaturas,
891 1556 939 1584 sed
951 1569 977 1602 C

146 1604 251 1630 Domini
266 1604 349 1637 ipsius
364 1603 503 1637 majestate
525 1603 644 1630 Ecclesia
656 1603 859 1637 illuminabitur,
877 1611 938 1631 cum

146 1653 282 1683 perpetum
298 1648 433 1675 felicitatis
446 1649 590 1676 serenitate
602 1656 696 1676 secura
712 1650 878 1676 consortium
893 1657 941 1676 an-

146 1696 237 1730 gelicae
249 1695 383 1730 dignitatis
394 1695 484 1722 subire
499 1695 673 1730 permittitur,
690 1696 716 1722 in
731 1703 783 1730 qua
797 1695 940 1723 serenitate

146 1746 243 1768 cuncta
259 1748 386 1774 prospera
402 1740 461 1767 sine
475 1745 604 1775 arguente
623 1748 750 1774 pressura
775 1740 938 1775 possidebit;

146 1794 207 1814 eum
231 1794 317 1820 neque
340 1786 456 1813 tenebris
479 1786 535 1819 lux,
551 1794 636 1820 neque
658 1791 744 1814 morte
765 1787 830 1820 vita,
854 1795 940 1821 neque

147 1832 239 1858 dolore
251 1832 334 1863 salus,
349 1838 398 1859 nec
413 1831 518 1858 tristitia
537 1832 673 1866 gaudium,
692 1840 779 1867 neque
802 1837 940 1861 senectute

146 1878 282 1911 juventus,
300 1884 387 1911 neque
399 1884 474 1903 amor
488 1877 630 1904 charorum
644 1878 763 1904 absentia
773 1897 781 1911 ,
795 1885 882 1912 neque
894 1878 940 1905 de-

151 1917 233 1956 l'ec'tu,
244 1930 330 1958 neque
345 1923 397 1951 ulla
411 1924 511 1950 vilitate
532 1923 712 1958 pulchritudo,
726 1931 812 1958 neque
826 1924 941 1951 intirmi-

149 1975 202 1997 tate
216 1970 356 2004 fortitudo,
374 1978 460 2004 neque
480 1971 582 2005 justitia
605 1976 715 2005 peccato
736 1972 938 2004 terminabitur,

183 2049 209 2073 (ἰ.
229 2046 365 2079 Videbunt,
381 2050 432 2074 etc.
455 2047 521 2074 Cod.
538 2054 589 2073 ms.
606 2056 612 2072 z
631 2046 768 2079 Videbunt,
788 2052 815 2073 ut
840 2046 940 2075 Paulus

149 2083 185 2108 ait
198 2090 205 2108 :
226 2081 347 2108 Videmus
358 2090 426 2108 nunc
441 2090 485 2116 per
499 2083 630 2114 speculum
642 2087 666 2108 et
679 2084 705 2108 in
715 2084 859 2115 ceniqmate.
875 2082 939 2110 Cum

149 2122 266 2143 uittam...
283 2125 442 2151 coquos-cam,
457 2118 517 2151 quia
528 2118 644 2151 cognitus
666 2125 733 2145 sum.
759 2117 803 2145 Sic
824 2117 941 2145 Joannes

151 2154 187 2179 ait
200 2160 207 2177 :
225 2151 371 2178 Videbimus
386 2160 475 2180 eum...
487 2160 567 2185 neque
577 2153 698 2186 splendor
707 2153 774 2179 (unte
786 2152 941 2180 illuminabit

150 2194 210 2249 tta-1·
227 2222 291 2248 Cod.
309 2229 371 2253 ms.⁷
385 2222 430 2248 sed
443 2229 487 2256 per
502 2221 605 2248 Domini
620 2222 700 2255 ipsius
713 2224 871 2258 majestatem
888 2224 941 2250 Ec-

988 229 1039 250 nec
1053 221 1107 249 ulla
1133 221 1202 250 ratio
1216 220 1333 249 hominis
1346 221 1434 249 adbuc
1445 220 1473 248 in
1487 224 1561 248 tem
1578 220 1659 256 positi
1682 228 1781 257 appre-

988 267 1107 295 hendere
1126 267 1208 294 valet.

1024 325 1051 352 8.
1066 324 1107 352 Ex
1121 324 1164 351 his
1179 329 1268 352 autem
1284 324 1409 352 omnibus
1428 324 1570 358 creaturis,
1585 317 1700 360 quarum
1711 319 1783 359 ‘per-

988 373 1151 401 strinximus
1165 372 1298 406 ordinem,
1314 373 1435 407 quaedam
1451 381 1485 401 ex
1499 373 1596 407 nihilo,
1611 373 1734 408 quaedam
1749 380 1783 401 ex

988 419 1078 454 aliquo
1097 418 1227 446 Conditor
1254 419 1369 452 creavit;
1397 419 1494 448 coelum
1519 420 1591 447 enim
1618 424 1645 448 et
1672 425 1781 455 terram,

989 472 1063 492 mare
1077 469 1105 493 et
1116 473 1176 499 quae
1188 472 1222 493 ex
1237 465 1276 493 eis
1300 465 1371 494 sacta
1391 470 1463 498 sunt,
1475 473 1511 494 ex
1537 465 1645 494 inl'ormi
1670 466 1784 494 materia

988 511 1126 544 condidit;
1147 511 1232 546 ipsam
1247 519 1312 539 vero
1326 511 1468 539 intormem
1487 513 1636 546 materiam,
1653 517 1680 540 et
1703 519 1784 547 ange-
1805 531 1808 542 ,

989 557 1076 584 lorum
1099 556 1218 589 ordines,
1231 557 1266 584 de
1289 557 1387 592 quibus
1410 557 1593 591 praediximus,
1617 562 1643 586 et
1667 558 1784 586 animam

991 603 1148 635 humanam,
1160 610 1195 630 ex
1210 602 1295 630 nihilo
1310 601 1383 629 feeit.
1397 602 1523 629 Animam
1538 602 1639 630 etenim
1652 610 1740 637 neque
1751 603 1785 631 de

989 650 1146 683 semetipso,
1164 656 1252 683 neque
1263 648 1296 676 de
1310 648 1398 683 aliqua
1410 648 1530 684 qualibet
1542 648 1699 683 subjacente
1709 655 1785 676 crea-

990 700 1110 723 turarum
1135 695 1316 730 corporalium
1346 695 1475 728 materia,
1490 695 1549 723 lieri
1566 695 1636 723 Deus
1659 696 1783 728 instituit,

990 742 1115 777 quoniam
1130 749 1182 769 non
1199 741 1247 769 Dei
1262 746 1376 776 partem,
1389 741 1437 769 sed
1452 742 1500 769 Dei
1523 746 1674 770 creaturam
1692 741 1786 769 credi-

991 796 1050 815 inus
1059 794 1129 815 esse.
1147 788 1176 816 Si
1189 787 1261 815 enim
1274 787 1309 814 de
1321 787 1468 821 semetipso
1483 794 1543 815 eam
1567 788 1637 815 Deus
1662 787 1783 821 iecisset,

992 842 1160 871 nequaquam
1177 834 1324 870 passibilis,
1341 838 1368 862 et
1379 834 1525 868 mutabilis,
1538 838 1564 862 et
1587 835 1685 863 misera
1701 839 1783 862 esset.

1027 892 1053 919 9.
1069 892 1146 925 Item,
1157 892 1178 919 si
1192 899 1225 920 ex
1237 892 1370 920 creaturis
1377 892 1561 926 corporalibus
1572 892 1644 920 illam
1655 897 1784 928 creasset,

990 938 1129 973 corporale
1144 938 1243 973 aliquid
1258 938 1283 965 in
1299 945 1347 965 sua
1362 943 1459 966 natura
1474 939 1595 972 haberet,
1608 943 1655 966 aut
1666 940 1784 968 calorem

990 983 1024 1011 de
1050 983 1127 1018 igne,
1143 988 1189 1010 aut
1216 983 1308 1011 ilatum
1335 991 1371 1011 ex
1402 990 1484 1017 aere,
1514 988 1561 1012 aut
1587 985 1726 1013 humorem
1751 993 1786 1014 ex

990 1037 1058 1063 aqua
1076 1051 1083 1062 ,
1114 1034 1160 1056 aut
1185 1028 1391 1056 crassitudinem
1413 1033 1441 1056 et
1464 1029 1628 1057 soliditatem
1652 1037 1685 1058 ex
1713 1035 1785 1059 terra

993 1075 1103 1102 haberet
1119 1083 1126 1107 ;
1151 1074 1198 1102 sed
1223 1075 1286 1109 quia
1306 1074 1348 1101 his
1363 1074 1487 1102 omnibus
1501 1079 1585 1108 caret,
1600 1075 1786 1110 incorpoream

991 1120 1062 1147 illam
1088 1127 1147 1148 esse
1173 1120 1308 1148 conditam
1338 1121 1486 1154 convenit,
1514 1125 1540 1148 et
1565 1128 1612 1155 per
1631 1121 1715 1155 ipsam
1746 1122 1787 1148 in-

991 1165 1216 1200 corporalitatem,
1228 1169 1255 1193 et
1269 1165 1458 1200 aeternitatem,
1473 1170 1499 1193 et
1521 1166 1734 1201 mutabilitatem,
1760 1171 1787 1195 et

992 1213 1068 1239 liberi
1097 1212 1199 1240 arbitrii
1229 1216 1390 1247 potestatem
1407 1233 1415 1246 ,
1445 1212 1567 1240 eamdem
1598 1220 1659 1240 cum
1685 1214 1787 1248 angelis

993 1258 1094 1286 habere
1108 1258 1296 1291 substantiam,
1314 1258 1477 1293 creandique
1499 1259 1628 1294 originem
1653 1259 1787 1294 dignosci-

994 1308 1048 1331 tur.
1065 1305 1149 1339 619
1164 1304 1226 1331 Haec
1241 1309 1329 1332 autem
1347 1305 1393 1332 Dei
1406 1305 1494 1339 imago
1518 1313 1572 1332 non
1597 1305 1623 1332 in
1638 1306 1787 1333 aeternitate

991 1350 1197 1377 similitudinem
1223 1350 1250 1376 in
1276 1350 1388 1377 arbitrio
1411 1350 1495 1378 libere
1516 1350 1652 1385 possidet;
1679 1351 1712 1379 de
1735 1359 1786 1385 qua

992 1395 1114 1429 imaginis
1128 1395 1175 1422 Dei
1197 1394 1372 1422 similitudine
1401 1395 1530 1429 impressa
1555 1396 1688 1430 Propheta
1710 1403 1786 1424 com·

991 1445 1133 1474 memorat,
1148 1440 1242 1468 dicens
1258 1449 1265 1467 ε
1280 1440 1421 1481 βῐᾳηαιιιιη
1435 1449 1511 1476 super
1532 1449 1577 1468 nos
1598 1442 1683 1468 lumen
1703 1442 1786 1469 v‘ultus

961 1525 965 1531 ,
992 1487 1029 1513 tui
1041 1486 1126 1522 (Psal.
1143 1494 1178 1519 iv,
1196 1485 1236 1522 7).

1029 1543 1074 1571 10.
1095 1543 1189 1571 Utrum
1205 1547 1294 1571 autem
1316 1543 1428 1579 singulis
1450 1545 1606 1579 corporibus
1619 1545 1753 1580 sigillatim
1771 1553 1787 1574 a

993 1590 1048 1618 Deo
1065 1591 1218 1622 mittantur,
1244 1598 1279 1617 an
1304 1597 1336 1617 ex
1353 1590 1437 1618 Adam
1453 1592 1557 1625 venire,
1573 1596 1645 1620 etex
1670 1594 1788 1626 parenti-

1808 1439 1832 1631 i

991 1637 1051 1669 hus,
1069 1637 1138 1664 sicut
1158 1636 1327 1664 nascentium
1355 1644 1480 1672 corpora,
1501 1638 1648 1672 putandum
1663 1639 1708 1671 sit,
1724 1647 1786 1667 cum
1820 1643 1832 1652 ·

991 1691 1006 1710 a
1023 1683 1115 1711 multis
1141 1689 1168 1711 et
1189 1684 1356 1718 sapientibus
1371 1685 1436 1712 viris
1459 1685 1620 1721 disputatum
1644 1687 1689 1720 sit,
1703 1692 1729 1715 et
1744 1692 1785 1715 ta-

991 1737 1052 1757 men
1064 1731 1097 1758 de
1113 1730 1162 1758 hac
1173 1731 1321 1765 quaestione
1330 1731 1397 1758 nihil
1412 1732 1456 1759 cui
1472 1732 1531 1766 plus
1546 1731 1613 1760 fides
1633 1740 1785 1762 accommo-
1808 1759 1809 1762 ,

991 1776 1080 1804 danda
1096 1784 1156 1804 esse
1167 1776 1286 1811 potuerit
1301 1777 1475 1812 reliquerint,
1490 1778 1553 1811 quid
1570 1785 1619 1806 nos
1628 1779 1662 1806 de
1676 1783 1748 1807 tanta
1759 1785 1786 1808 et

993 1827 1046 1849 tam
1062 1822 1212 1856 periculosa
1234 1830 1264 1849 re
1289 1822 1390 1857 aliquid
1403 1827 1508 1851 tentare
1527 1829 1644 1859 oportet,
1659 1825 1701 1853 vel
1721 1826 1785 1860 quid

993 1876 1041 1896 nos
1056 1868 1089 1895 ad
1102 1868 1198 1895 horum
1214 1868 1352 1903 ambages,
1370 1869 1396 1896 in
1413 1870 1510 1905 quibus
1521 1878 1550 1898 se
1565 1871 1680 1898 invicem
1696 1877 1786 1906 partes

992 1915 1112 1947 vineunt,
1123 1922 1184 1942 cum
1196 1916 1318 1950 proprias
1329 1916 1514 1951 expositiones
1525 1920 1647 1946 astruere
1655 1925 1709 1945 non
1723 1925 1785 1953 pos-

992 1966 1064 1994 sunt,
1077 1962 1197 1996 prolerre
1220 1963 1396 1990 emolumenti
1411 1962 1538 1991 confert?

1029 2051 1073 2078 10.
1089 2051 1231 2087 Siqillatim
1245 2060 1261 2079 a
1275 2052 1331 2080 Deo
1343 2053 1488 2081 mittantur.
1511 2054 1555 2082 Sic
1569 2054 1618 2082 Ms.
1632 2054 1731 2088 Editio,
1749 2056 1784 2083 si-

994 2086 1103 2121 gillatim
1113 2087 1292 2115 admittantur.
1308 2089 1360 2116 Pro
1379 2089 1574 2124 disputandum,
1589 2090 1680 2118 malim
1695 2091 1785 2126 dispu-

993 2127 1082 2149 tatum.
1108 2123 1204 2150 Postea
1218 2123 1257 2150 vel
1279 2124 1342 2159 quid
1363 2131 1421 2157 not,
1437 2130 1500 2156 ete..
1526 2133 1559 2152 ex
1585 2125 1634 2152 Ms.
1660 2127 1799 2160 sumpsi;.

993 2165 1054 2184 nam
1072 2158 1192 2185 Excusus
1208 2157 1320 2186 confuse
1336 2159 1452 2186 habebat
1467 2168 1474 2187 :
1497 2160 1542 2187 Vel
1557 2161 1619 2196 quid
1645 2162 1716 2188 nobi:
1737 2161 1785 2188 Ιιο-

993 2200 1060 2223 rum.
1071 2193 1098 2219 in
1108 2194 1199 2228 quibus
1212 2202 1238 2221 se
1252 2195 1368 2227 invicem,
1389 2198 1442 2221 etc.
1466 2196 1494 2222 ln
1511 2196 1560 2223 Ms.
1571 2197 1608 2223 ita
1623 2197 1784 2224 terminatur

994 2232 1078 2254 totum
1101 2228 1152 2255 hoc
1173 2237 1240 2262 opus
1257 2238 1264 2256 :
1280 2230 1345 2262 Qnoe
1358 2238 1374 2256 a
1387 2230 1475 2256 multis
1498 2230 1633 2257 lectoribus
1647 2232 1784 2259 insolubile

149 2258 260 2284 etesia...
269 2255 405 2284 charorum
416 2257 542 2289 absentia,
551 2258 588 2283 vel
602 2257 751 2291 defectione,
762 2266 840 2292 neque
851 2259 939 2286 ullu...
957 2263 981 2293 D
994 2263 1161 2298 (insolubilis)
1178 2269 1212 2290 est
1226 2264 1304 2295 dicta,
1319 2264 1431 2291 scientim
1454 2263 1600 2292 Conditorts
1613 2273 1781 2294 reseruemus.

150 2293 324 2319 terminabitur
338 2293 415 2319 etiam
428 2296 452 2318 et
466 2301 544 2326 sttprtt
559 2292 612 2318 ttoec
626 2293 702 2318 etiam
723 2294 799 2327 suerit
828 2294 874 2319 iila
886 2302 942 2328 quoe

151 2337 196 2355 nec
211 2328 347 2361 coqitatus,
362 2335 440 2362 neque
454 2328 522 2354 ratio
535 2327 590 2354 ulla
602 2328 714 2354 hominis
727 2327 820 2354 adbuc.

186 2364 212 2390 8.
231 2357 342 2390 creavit.
355 2363 418 2395 Ms..
434 2362 503 2396 [ecit.
673 2389 675 2391 ,

186 2400 212 2425 9.
226 2398 363 2433 Corporale
375 2398 485 2433 aliquid,
496 2401 549 2425 etc.
564 2398 653 2425 Editio
666 2398 754 2425 minus
765 2399 833 2426 hene
848 2403 870 2425 et
881 2407 940 2426 cor-

151 2435 237 2468 porale
250 2434 349 2468 aliquid
363 2434 391 2460 itt
402 2441 448 2460 sua
458 2439 550 2460 natura
563 2433 676 2466 liaberet,
692 2439 737 2461 aut
751 2442 880 2468 nunquam
899 2443 942 2461 cn-

151 2473 231 2496 lorem
245 2470 276 2496 de
290 2471 373 2504 iynea,
385 2475 429 2496 aut
443 2469 533 2503 flatum
542 2477 573 2495 ea:
587 2477 670 2500 aerea,
688 2473 734 2496 aut
756 2469 888 2496 ltumorent
909 2478 943 2498 ex

151 2506 276 2539 aquatica,
293 2509 336 2531 ant
348 2504 552 2536 crassitudinem,
568 2509 590 2531 ot
603 2505 759 2532 soliditatem
785 2513 817 2532 ex
841 2510 941 2535 tet-rena

151 2541 260 2567 rnateria
275 2539 386 2566 liaberet.
403 2539 429 2566 ln
440 2541 533 2567 eadem
551 2540 674 2567 Editione
688 2545 713 2567 et
726 2541 895 2567 «eternitatem
917 2546 941 2568 et

152 2575 355 2607 mutabilitatem,
364 2575 397 2602 ad
411 2575 556 2609 marginem
573 2575 687 2609 fortassis
698 2575 938 2603 immutabilitatem.

153 2610 192 2637 De
204 2618 253 2644 qua
269 2611 420 2644 conjectura
433 2612 458 2637 in
472 2610 595 2637 Editionc
607 2611 747 2637 Balnziaun
760 2611 938 2645 subjungitur,

152 2645 196 2670 alii
206 2645 324 2673 viderint.
335 2645 431 2673 Noster
450 2645 511 2678 Ms.‚
526 2651 550 2672 et
563 2647 730 2673 (eternitatem
744 2651 768 2673 et
780 2647 939 2674 mutabilem.

153 2679 220 2707 ilinc
234 2680 343 2708 retineri
356 2681 453 2715 poterit
473 2680 680 2714 mutabilitatem,
692 2689 751 2716 qua:
776 2681 940 2710 mutabilitas

153 2715 248 2742 animae
261 2723 308 2748 per
319 2715 395 2743 liberi
409 2716 515 2744 arbitrii
531 2720 690 2750 potestatem
715 2717 830 2752 amplius
850 2717 941 2746 decla-

152 2754 237 2776 ratur.
265 2750 354 2786 Pergit
367 2751 417 2779 Hs.
434 2760 442 2778 ε
456 2750 633 2787 Diqnotcitur.
649 2751 727 2780 nanc
738 2758 823 2780 autem
836 2752 936 2788 (For-m,

153 2783 207 2811 1ιαί
217 2785 314 2820 autem)
331 2785 378 2813 Dei
392 2787 528 2823 imaginem
540 2788 567 2814 in
579 2788 731 2823 oeternitnte,
746 2789 939 2816 similitudinem

151 2818 412 2883 &wlganii-bem
438 2823 571 2858 potestatis
592 2823 714 2860 possidet.
741 2823 818 2858 Quod
841 2823 940 2853 clarius

994 2298 1069 2324 Liber
1086 2298 1184 2325 Isidori
1204 2300 1234 2325 de
1252 2299 1348 2325 Ordine
1363 2302 1536 2326 creaturarum
1561 2299 1706 2334 explicitur.
1727 2301 1782 2328 Etsi

994 2338 1083 2360 autem
1098 2339 1200 2360 certum
1216 2341 1288 2360 nunc
1310 2333 1434 2361 omnibus
1447 2334 1586 2362 catholicis
1611 2336 1658 2368 sit,
1673 2343 1706 2364 ac
1733 2343 1782 2370 pro

994 2367 1046 2395 lide
1061 2370 1222 2399 tenendum,
1248 2368 1351 2396 animas
1378 2369 1490 2404 singulis
1513 2370 1669 2404 corporibus
1689 2378 1704 2398 a
1727 2371 1783 2399 Deo

994 2402 1129 2437 sigillatim
1159 2403 1249 2435 mitti,
1278 2411 1365 2437 neque
1389 2411 1421 2431 ex
1447 2405 1533 2432 Adam
1560 2413 1607 2440 per
1633 2406 1780 2439 traducem,

995 2438 1067 2464 velut
1077 2439 1243 2466 nascentium
1259 2446 1383 2473 corpora,
1398 2440 1501 2473 venire,
1515 2445 1603 2468 tamen
1623 2441 1688 2469 olim
1714 2449 1782 2470 non·

995 2473 1062 2500 nulli
1077 2473 1170 2501 Patres
1185 2481 1245 2501 cum
1260 2479 1353 2501 sancto
1365 2475 1514 2510 Augustino
1528 2477 1554 2503 in
1572 2476 1622 2504 hac
1633 2477 1783 2510 quaestione

993 2507 1146 2542 baeserunt;
1158 2513 1186 2536 et
1204 2509 1323 2536 isidorus
1334 2529 1343 2543 ‚
1359 2511 1403 2544 qui
1417 2518 1510 2538 eorum
1522 2511 1602 2539 verba
1623 2512 1783 2547 plerumque

993 2543 1135 2576 exscribit,
1148 2544 1270 2572 eamden·
1284 2545 1478 2574 dubitationem
1494 2546 1603 2579 indicat,
1618 2553 1672 2575 non
1690 2548 1794 2575 solum·

993 2578 1083 2606 innoc
1097 2586 1189 2613 opere,
1205 2581 1251 2614 sed
1268 2581 1293 2606 in
1313 2580 1373 2608 aliis
1383 2581 1475 2614 etiam,
1490 2587 1519 2609 ut
1530 2582 1558 2610 in
1572 2581 1642 2610 libro
1655 2581 1785 2611 Diffm=

993 2615 1054 2641 tiar.
1067 2622 1167 2648 rerum,
1183 2623 1210 2642 n.
1225 2615 1277 2642 ¹05
1291 2620 1319 2642 et
1331 2623 1417 2651 seqq„
1433 2615 1566 2645 similibus
1575 2617 1666 2645 verbis
1679 2621 1748 2646 etse

992 2649 1093 2681 tentiis,
1109 2651 1231 2678 eamdem
1243 2653 1455 2680 controversiam
1466 2653 1593 2688 proponit
1610 2660 1644 2680 ex
1663 2650 1764 2688 Fulge-2

989 2684 1048 2712 tio:
1065 2684 1168 2718 Utrum,
1185 2687 1276 2721 inquit,
1290 2687 1355 2713 sicut
1369 2694 1429 2714 caro
1443 2688 1609 2720 numum,
1633 2688 1670 2715 tie
1693 2692 1737 2716 om
1752 2692 1754 2694 ’

992 2720 1085 2748 mrimoe
1093 2729 1131 2748 ex
1144 2721 1227 2749 Adam
1241 2722 1326 2749 uenire
1339 2723 1487 2758 credamur,
1502 2730 1536 2750 tm
1547 2730 1624 2751 uam
1633 2722 1708 2758 fiant.
1722 2727 1768 2756 etc

992 2754 1043 2782 His
1063 2764 1123 2791 erqo
1141 2757 1358 2793 propositionibus
1371 2757 1404 2785 de
1416 2758 1516 2794 eripitis
1541 2758 1633 2787 mm
1655 2760 1745 2795 partes

991 2790 1099 2818 invicem
1112 2792 1224 2820 vincunt.
1242 2791 1311 2826 Quia
1320 2798 1479 2828 unaquaque
1496 2801 1585 2822 aaron
1598 2793 1706 2822 numm

995 2826 1148 2860 petitionem
1168 2828 1295 2863 destruit,
1314 2831 1340 2856 ot
1350 2829 1409 2864 ipsu
1426 2836 1480 2858 uon
1491 2829 1558 2859 tabet
1572 2834 1701 2864 astrum

995 2862 1123 2897 proponit.
1136 2862 1204 2891 Vide
1213 2867 1271 2891 not.
1282 2862 1316 2891 ad
1327 2870 1389 2892 eum
1398 2862 1451 2893 loc.
