1832 3016
77 104 131 133 209

489 99 718 136 QUAESTtONss
738 100 771 128 lN
794 101 872 130 vm.
895 101 1042 130 TESTAM.
1055 116 1089 124 -
1104 100 1137 130 ΙΝ
1156 101 1312 130 GENESlN.

1668 100 1722 133 ΞΗ)

77 161 241 193 futurorum,
261 162 317 192 aut,
338 158 362 186 si
375 157 441 186 nihil
464 162 572 190 sonant,
593 158 626 185 ad
641 158 691 186 hoc
705 159 872 193 interponun-
886 163 910 193 Α
924 160 1090 189 credulitatis
1115 164 1252 195 appareat.
1279 159 1368 186 Prima
1389 158 1461 187 enim
1483 158 1528 188 die
1545 159 1633 189 lucent
1659 160 1722 189 ndei

78 212 133 240 tur,
151 212 180 234 ut
198 206 233 234 sit
245 205 316 233 unde
329 203 375 232 illa
401 202 578 239 significantia
597 208 722 239 tanquam
750 206 872 234 sonantia

77 256 281 282 connectantur.

113 310 141 338 5.
156 309 208 336 itas
225 311 312 335 autem
326 313 414 334 rerum
428 310 563 341 gestarum
580 307 677 343 figuras
699 308 733 335 de
751 309 871 343 mysticis

78 354 210 383 thesauris
231 353 400 388 sapientium,
424 358 453 380 nt
468 354 649 388 praediximus,
671 354 869 391 depromentes,

75 400 103 428 iu
119 407 196 428 unam
212 398 325 426 sormam
341 399 500 434 compendio
515 400 653 428 brevitatis
667 402 869 436 contraximus‚;

74 447 217 482 iri,quibus
231 447 315 475 lector
335 455 387 474 non
405 453 494 475 nostra
512 449 591 483 leget,
605 449 652 476 sed
668 454 787 477 veterum
802 451 872 479 rele-

73 498 126 527 get.
141 493 216 526 Quod
240 494 310 521 enim
325 502 375 529 ego
397 494 501 528 loquor,
516 495 553 522 illi
569 495 676 529 dicunt;
702 501 729 524 et
743 505 795 524 vox
812 505 870 525 mea

72 536 190 571 ipsorum
205 542 246 565 est
260 538 359 573 lingua.
372 537 484 573 Sumpta
499 539 588 574 itaque
601 541 706 567 suntab
718 542 870 569 auctoribus

72 581 351 619 0rigene‚Victorin0‚
367 586 444 620 261
463 586 614 619 Ambrosio,
630 587 803 623 Hieronymo,
815 588 870 615 Au-

70 630 189 664 gustino,
205 631 357 666 fulgentio,
373 631 512 664 Cassiano,
535 640 566 659 ac
587 633 670 659 nostri
688 633 815 667 temporis
833 634 870 660 in·

71 675 184 710 signiter
198 677 334 711 eloquenti
355 677 493 712 Gregorio.

390 733 504 761 CAPUT
526 734 544 760 l.

105 776 252 806 Proemissio
263 779 346 812 operis
362 788 438 841 nsqlqe
449 780 488 841 aaz
494 780 669 820 expulsionem
681 781 791 808 hominis
801 782 832 808 de

424 824 470 841 ara
491 823 538 843 iso.

925 207 1009 241 dedit,
1022 206 1082 242 quia
1103 206 1188 242 prima
1203 210 1245 234 est
1265 207 1291 233 in
1315 205 1491 239 conversione
1509 204 1586 233 fides.
1601 205 1679 234 unde
1693 212 1722 234 et

924 253 996 281 istud
1011 254 1127 288 primum
1142 253 1169 280 in
1190 252 1237 280 Dei
1256 252 1398 288 praeceptis
1417 251 1574 280 mandatum
1586 256 1629 280 est
1645 261 1652 279 z
1667 251 1723 279 Do-

924 300 1007 326 minus
1028 298 1096 325 Deus
1116 302 1175 325 tuus
1191 297 1259 325 Deus
1270 305 1337 325 unus
1351 302 1399 325 est.
1414 296 1528 332 Propter
1545 305 1626 333 quam
1640 297 1721 326 tidem

923 346 981 379 ipse
995 345 1124 372 Dominus
1135 345 1216 372 etiam
1228 343 1368 371 visibiliter
1380 343 1407 370 in
1419 343 1519 371 mundo
1527 351 1659 379 apparere
1672 351 1722 372 vo-

924 391 984 419 tun.

957 436 984 464 5.
998 436 1032 463 Ee
1047 437 1131 463 divisit
1145 437 1227 462 lucem
1239 444 1255 462 a
1269 436 1397 469 commis,-
1413 443 1474 463 nam
1489 440 1551 463 tunc
1562 435 1634 464 Deus
1645 437 1723 470 Juxta

923 482 1101 517 praescientiae
1123 489 1177 508 sua:
1198 481 1310 516 gratiam
1327 481 1417 508 divisit
1430 481 1530 516 justos,
1545 480 1572 509 id
1588 485 1639 514 est,
1653 481 1723 509 ntios

923 527 970 555 Dei
995 533 1022 555 et
1042 528 1119 561 lucis,
1142 535 1156 554 a
1180 527 1376 562 peccatoribus,
1402 532 1528 562 tanquam
1549 534 1564 555 a
1586 528 1721 562 tenebris;

920 573 1008 608 justos
1031 581 1130 601 vocans
1153 574 1234 607 diem,
1249 578 1276 601 et
1293 574 1353 601 illos
1374 579 1496 607 noctetu;
1518 582 1579 602 nam
1603 575 1674 610 quod
1694 575 1723 603 in

922 621 1040 649 Ecclesia
1057 622 1124 650 lucis
1138 622 1246 649 nomine
1258 622 1321 657 justi
1336 623 1516 657 appellentur,
1532 623 1595 651 audi
1606 625 1723 658 Apostoe

922 668 977 695 lum
991 676 998 696 :
1015 668 1124 701 Fuistis,
1141 669 1236 703 inquit,
1254 669 1394 703 aliquando
1413 669 1531 702 tenebroe,
1548 677 1616 696 nunc
1636 674 1722 698 autem

922 714 967 741 lux
980 714 1007 740 in
1022 714 1134 741 Domino
1155 714 1262 749 (Epltes.
1280 722 1306 747 v,
1320 714 1360 748 8).

956 759 983 787 6.
999 761 1102 788 Deinde
1112 762 1229 789 secunda
1238 761 1281 789 die
1294 761 1412 796 disponit
1426 762 1497 789 Deus
1510 762 1719 796 firmamentum,

922 808 947 834 id
968 813 1018 839 est,
1038 808 1248 835 solidamentum
1271 813 1423 835 sanctarum
1440 799 1722 843 scripturarumjsir-

106 860 131 887 1,
146 859 275 888 cremum
287 861 348 888 coefi
363 866 390 888 et
405 866 483 889 terrm
499 861 634 896 quomodo
651 863 824 890 historialiter
835 863 868 890 ab
884 854 908 883 B
922 857 1087 881 mame-ntum
1104 854 1176 881 enim
1194 854 1219 880 in
1237 853 1356 881 Ecclesia
1371 854 1518 888 Scripturae
1533 854 1630 881 divinae
1644 854 1722 882 intel-

69 906 180 934 exordio
202 906 324 941 principii
350 907 456 935 condita
477 908 511 934 sit
531 908 659 942 legimtts;
686 909 732 936 sed
756 909 869 943 qualiter

68 952 95 980 in
112 953 230 980 Ecclesia
250 953 424 988 spiritualiter
438 961 453 981 a
468 954 624 981 doctoribus
646 954 807 989 accipiatur.
829 954 868 981 in-

71 998 232 1033 telligamus.

106 1044 133 1071 2.
148 1044 182 1071 In
198 1045 325 1079 principio
346 1045 405 1080 [ecit
428 1045 497 1072 Deus
508 1046 597 1072 coelum
613 1051 636 1072 ec
652 1051 755 1072 terrant.
769 1045 870 1073 Princi-

69 1091 142 1126 pium
157 1090 291 1118 'Christus
315 1096 366 1124 est,
389 1092 457 1118 sicut
473 1091 529 1126 ipse
554 1092 579 1118 in
606 1091 750 1126 Evangelio
770 1091 869 1118 Judaeis

68 1138 298 1172 interrogantibus
323 1139 461 1173 respondit
487 1147 493 1165 z
517 1137 573 1175 qu
598 1139 763 1174 principium,
779 1139 823 1174 qui
846 1144 870 1166 et

68 1183 159 1218 loquor
172 1185 240 1211 vobis
255 1183 345 1219 (Ιοαη.
374 1193 429 1217 vni,
453 1184 511 1219 ⁶25).
530 1185 557 1212 ln
573 1185 623 1212 hoc
640 1185 720 1220 igitur
741 1185 870 1219 principio

68 1230 130 1265 lecit
157 1231 228 1258 Deus
247 1231 354 1263 coelum,
378 1231 403 1258 id
426 1235 478 1264 est,
503 1230 665 1265 spirituales,
682 1231 726 1266 qui
746 1231 868 1259 coelestia

68 1275 233 1304 meditantur
245 1282 272 1304 et
287 1281 423 1311 qnaerunt;
438 1277 463 1303 in
477 1277 534 1311 ipso
551 1276 614 1303 fecit
633 1280 660 1304 et
675 1277 808 1308 carnales.
823 1277 869 1311 qui

69 1321 183 1348 necdum
200 1325 335 1348 terrenum
352 1321 488 1348 bominem
512 1321 706 1355 deposuerunt.
727 1321 807 1348 Terra
822 1329 869 1348 au-

68 1370 117 1392 tem
132 1370 186 1393 erat
199 1366 284 1393 inanis
307 1371 330 1393 et
346 1375 436 1394 vacua.
453 1367 535 1394 Terra
550 1367 653 1394 scilicet
667 1367 754 1394 carnis
769 1372 868 1394 nostrae

67 1410 155 1438 ina-ts
168 1416 226 1440 erat
253 1417 280 1439 et
303 1420 395 1445 vacua,
415 1413 570 1447 priusquam
590 1413 719 1440 doctrinae
734 1413 868 1447 acciperet

68 1458 192 1487 formam.
218 1459 251 1486 Et
275 1460 382 1488 tenebra:
402 1465 474 1487 erant
492 1468 567 1500 super
585 1461 677 1496 [aciem
696 1461 792 1495 abyssi.
806 1461 867 1495 qnia

68 1501 226 1531 deticmrum
242 1505 350 1532 caecitas
364 1510 390 1532 et
404 1505 562 1540 ignorantiae
575 1505 706 1540 profunda
718 1505 866 1532 obscuritas

68 1549 147 1576 corda
163 1554 253 1577 nostra
269 1550 384 1585 tegebat.

102 1594 130 1624 5.
146 1594 179 1621 Et
201 1596 308 1629 spiritua
330 1595 379 1623 Dei
402 1597 530 1631 ferebatur
545 1605 622 1631 super
637 1605 728 1632 aquas.
751 1596 866 1631 Spiritus

68 1645 156 1668 autem
172 1641 221 1669 Dei
234 1649 315 1676 super
326 1649 372 1670 cor
384 1647 505 1670 nostrum
520 1643 692 1670 tenebrosum
705 1648 732 1670 et
743 1642 865 1676 fluidum,

66 1687 143 1721 quasi
158 1695 238 1722 supet·
251 1696 343 1723 aquas,
360 1689 413 1723 jam
431 1691 511 1725 262
527 1689 758 1724 superierebatur;
775 1689 800 1716 in
815 1696 867 1723 quo

68 1731 246 1761 subsistentes
260 1735 503 1768 requiesceremus,
518 1735 648 1770 cujusque
670 1735 867 1762 vivificaremur

68 1777 144 1812 flatu,
158 1783 184 1805 et
194 1779 271 1813 cujus
282 1780 350 1807 unda
363 1781 545 1809 ablueremur.

104 1823 132 1852 t.
147 1824 218 1851 Dixit
232 1833 329 1860 qaoque
345 1825 415 1854 Deus
426 1835 435 1854 :
447 1827 508 1855 Fiat
523 1828 579 1861 lux,
594 1828 621 1856 id
641 1833 692 1863 est,
706 1826 866 1856 illuminatio

106 1894 174 1921 lbid.
189 1894 301 1929 Quoeque
313 1896 441 1923 dicuntur.
450 1897 486 1924 lta
494 1897 603 1930 Mss.o.,
616 1898 666 1924 hoc
677 1902 729 1930 est,
739 1903 865 1932 quaecun-

71 1937 124 1964 qne
138 1930 273 1964 dicuntur,
289 1931 424 1965 quomodo
443 1940 494 1959 non
513 1933 599 1960 solum
615 1932 743 1964 lsidorus,
763 1932 810 1959 sed
825 1932 865 1958 in·

70 1965 174 1992 terdttm
190 1965 270 1992 etiam
284 1967 377 1999 optimi
392 1966 544 1994 Latinitatis
565 1972 688 1995 auctores
710 1969 863 2002 loquuntur.

70 1998 128 2026 Hoc
141 2001 184 2034 qui
201 2007 253 2027 non
272 2001 406 2036 viderunt,
423 2002 492 2029 hand
508 2003 584 2030 veriti
608 2007 670 2029 sunt
684 2004 794 2033 addere,
810 2010 866 2035 qnoe

68 2035 232 2070 obtequntur,
247 2041 275 2063 ut
294 2044 396 2071 quaeque
411 2038 530 2064 dicuntur
551 2039 748 2066 adnecteret-tr.
770 2037 864 2064 Gutu-

104 2069 132 2098 5.
149 2069 283 2098 Cassiano.
306 2071 394 2106 Aliqui
416 2073 474 2100 libri
495 2072 612 2100 Cassiani
626 2073 683 2100 loco
699 2072 866 2107 Fulqentiam

73 2105 183 2132 babent.
201 2105 227 2132 ln
244 2106 303 2133 aliis
319 2113 431 2141 uterque
449 2109 568 2142 ponitur,
581 2113 608 2135 et
623 2109 761 2143 utriusque
781 2107 866 2135 lsido-

69 2147 128 2168 rum
149 2140 346 2175 perstudiosum
370 2141 453 2169 fnisse
477 2148 591 2170 constat.
618 2143 670 2170 Sed
694 2144 719 2169 in
744 2147 800 2170 toto
815 2143 866 2169 boc

70 2182 152 2209 opere
165 2175 295 2210 Fulgentii
308 2178 388 2212 (qnod
405 2178 531 2212 sciamus)
543 2178 653 2205 verbum
668 2179 768 2205 nullum
780 2187 786 2209 ;
799 2177 866 2205 Cas-

70 2210 139 2239 siani
151 2216 259 2238 exstant
274 2212 375 2246 aliquot
390 2220 404 2238 a
421 2213 496 2240 nobis
510 2214 617 2240 indicati
638 2214 699 2241 loci.
718 2213 813 2241 Garat..

106 2245 176 2273 ibid.
203 2245 334 2282 Fulgentii
358 2255 455 2275 nomen
479 2256 527 2275 cnr
549 2257 600 2276 non
622 2249 657 2276 sit
680 2249 866 2280 omittendum,

40 2308 41 2311 ,
61 2281 192 2316 ¹quamvis
208 2280 325 2309 Griatius
339 2283 403 2310 illud
419 2284 548 2316 omiserit,
569 2285 625 2310 dixi
648 2284 674 2310 in
697 2285 866 2319 prolegome-

71 2317 125 2349 nis,
139 2323 165 2343 e.
178 2315 224 2350 ⁶5,
239 2325 267 2344 n.
285 2317 318 2344 19
329 2323 356 2345 et
368 2317 414 2345 20.
428 2317 507 2346 Certe
520 2319 666 2346 auctoritas
681 2319 792 2346 ,ioannis
805 2319 867 2346 Dia·
882 2309 908 2339 D

71 2351 144 2383 coni,
157 2350 203 2384 qui
222 2352 248 2379 in
271 2351 331 2379 Vita
347 2353 432 2381 sancti
455 2353 575 2386 Gregorii
595 2355 651 2381 lucc
677 2354 768 2382 isidori
786 2355 865 2382 verba

71 2385 182 2420 protulit
192 2389 220 2413 et
230 2386 397 2421 Futgenttum
413 2393 473 2423 post
487 2389 553 2416 aiios
568 2391 699 2422 nominat,
721 2390 785 2416 tanti
801 2398 866 2423 pon-

73 2419 161 2483 dAenrliz·
171 2427 231 2448 esse
253 2421 334 2450 debet
355 2427 386 2450 ut
411 2424 445 2451 ab
481 2432 511 2452 ea
537 2432 589 2452 non
617 2426 651 2452 sit
675 2425 864 2452 recedendum.

108 2489 174 2518 Cn.
185 2497 205 2532 t..
219 2490 252 2531 N.
267 2491 294 2519 1.
308 2491 431 2521 ereatura
439 2495 496 2522 coeti
510 2500 533 2522 et
547 2499 630 2522 terroe.
646 2495 769 2523 Veterem
784 2495 866 2523 inter·

73 2529 309 2566 pretemjmttatus
324 2531 380 2560 est:
394 2530 465 2563 qnod
479 2530 548 2557 enini
563 2530 690 2565 Vulgatus
706 2541 713 2560 ς
730 2530 792 2557 Ικιιε
805 2536 866 2562 sunt

73 2564 249 2596 ςευιεηιιιοιιει
260 2561 316 2588 coeli
329 2566 354 2589 et
364 2567 447 2596 terroe,
459 2564 504 2591 illu
517 2565 632 2593 reddens
645 2566 725 2594 verba
740 2566 810 2593 Lxx
826 2567 866 2593 in-

74 2599 253 2659 mitt-'ta
265 2597 460 2661 {saiw
472 2601 780 2664 manserant?
796 2605 865 2638 ⁷⁵⁶³

108 2665 137 2694 2.
161 2665 195 2693 In
215 2666 341 2702 principio
361 2667 422 2699 cett,
442 2675 476 2696 ex
499 2668 580 2697 Lxx.
603 2670 702 2698 Creavit
714 2671 821 2699 Valent.
839 2675 867 2700 et

64 2700 180 2742 ,ὕοι-μ,
194 2709 228 2729 cx
243 2701 321 2743 Vulg.
361 2709 432 2730 utu„

62 2762 69 2771 ,
109 2735 180 2764 thid.
195 2736 253 2772 Ego
263 2738 428 2772 principium,
441 2737 485 2771 qut
497 2742 522 2766 et
531 2738 629 2773 Ιοφιον.
642 2739 718 2773 Quod
730 2744 754 2768 et
765 2740 865 2776 loquor,

74 2769 198 2806 aqum..
213 2771 289 2806 cujus
310 2779 372 2800 sunt
391 2772 458 2806 hac,
474 2773 521 2801 tib.
543 2780 552 2801 ι
571 2772 606 2802 de
620 2773 689 2803 Gen.
704 2780 798 2804 contra
816 2777 868 2805 sta-

74 2805 159 2840 ntea..
171 2814 231 2848 cap.
245 2807 274 2840 Β.
289 2807 439 2845 eodemque
451 2808 532 2838 modo
547 2808 618 2845 apud
631 2809 804 2841 Attulit-onum
817 2811 870 2840 ini-

74 2840 113 2872 tio
123 2849 214 2873 operis
227 2842 359 2872 flexaem.
375 2842 474 2872 Garat..
680 2869 694 2879 „

920 899 1049 934 liguntur,
1064 900 1133 927 sicut
1153 899 1283 934 scriptum
1298 904 1339 927 est
1355 909 1359 925 z
1374 900 1471 926 Coelum
1486 899 1634 934 plicabitur,
1655 901 1723 927 sicat

921 946 982 973 liber
999 945 1076 980 (lsai.
1090 954 1183 979 xxxiv,
1198 945 1238 981 4).
1256 946 1440 981 Discrevitque
1455 954 1536 981 super
1557 946 1607 974 ttoc
1632 946 1722 974 (irma-

921 998 1040 1020 mentum
1056 1001 1149 1028 aquas,
1165 994 1191 1020 id
1209 997 1259 1025 est,
1275 993 1402 1021 coelestes
1421 993 1533 1028 populos
1552 993 1720 1028 angelorum,

921 1040 967 1074 qui
982 1047 1034 1066 non
1051 1047 1117 1074 opus
1133 1039 1232 1066 liabent
1248 1040 1297 1067 ltoc
1313 1040 1451 1074 suspicere
1466 1039 1678 1073 firmamentum,
1692 1043 1722 1067 ut

922 1085 1042 1120 legentes
1056 1085 1165 1112 audiant
1182 1085 1293 1112 verbum
1310 1085 1369 1113 Dei.

958 1132 984 1158 7.
1003 1131 1100 1158 Vident
1123 1131 1193 1158 enim
1218 1139 1280 1158 eum
1296 1139 1413 1166 semper,
1428 1135 1455 1158 et
1474 1131 1599 1165 diligunt,
1614 1131 1662 1159 sed
1674 1133 1723 1158 su'-'

922 1177 1059 1211 perposuit
1075 1176 1162 1211 ipsunt
1184 1177 1381 1204 firmamentum
1397 1177 1463 1211 legis
1477 1184 1533 1204 suae
1546 1183 1627 1211 super
1646 1175 1721 1204 tnfir-

922 1222 1040 1249 mitatem
1066 1221 1220 1248 interiorum
1241 1221 1410 1255 populorum,
1434 1225 1463 1247 ut
1486 1220 1523 1247 ibi
1541 1220 1720 1255 suspicientes

922 1272 1085 1302 cognoscant
1095 1267 1209 1301 qualiter
1229 1267 1384 1294 discernant
1398 1266 1467 1293 inter
1482 1267 1600 1293 carnalia
1614 1270 1643 1294 et
1661 1266 1719 1302 spi-

921 1314 1036 1348 ritualia,
1055 1314 1129 1348 quasi
1145 1314 1214 1340 inter
1227 1320 1310 1347 aquas
1321 1312 1475 1348 superiores
1490 1317 1517 1340 et
1530 1313 1683 1341 interiores.

956 1361 982 1388 8.
1000 1361 1061 1387 Post
1077 1360 1134 1387 hacc
1155 1360 1198 1386 die
1220 1359 1299 1387 tertio
1314 1359 1420 1394 collegit
1435 1359 1462 1386 in
1479 1367 1562 1387 unum
1582 1366 1665 1395 aquas
1680 1359 1720 1387 in-

920 1407 1032 1434 feriores
1045 1406 1129 1433 salsas
1142 1414 1149 1432 t
1162 1406 1212 1432 hoc
1226 1410 1279 1438 est,
1295 1405 1419 1433 homines
1434 1404 1568 1437 infideles.
1584 1405 1630 1439 qui
1645 1405 1721 1440 cupi-

919 1453 1031 1480 ditatum
1054 1457 1213 1486 tempestate
1229 1457 1255 1479 et
1273 1452 1451 1479 tentationum
1466 1452 1613 1479 carnalium
1629 1451 1720 1479 {lucti-

920 1499 969 1526 bus
990 1498 1158 1533 quatiuntur‚
1174 1503 1201 1525 et
1219 1498 1245 1525 in
1261 1505 1291 1525 se
1306 1497 1382 1532 ipsis,
1396 1498 1472 1533 quasi
1497 1498 1658 1531 amaritudo,
1678 1499 1720 1525 in-

876 1540 899 1571 C
916 1546 1074 1573 cluduntur.
1092 1545 1301 1579 Segregavitque
1324 1544 1358 1572 ab
1384 1545 1424 1572 eis
1447 1545 1568 1577 aridam,
1590 1545 1719 1579 populuut

918 1592 1025 1619 scilicet
1036 1592 1137 1618 iontem
1150 1591 1212 1618 [idei
1227 1590 1373 1622 sitientem.
1387 1590 1497 1625 tixitque
1511 1591 1610 1618 dehinc
1624 1598 1720 1626 super-

919 1638 1014 1665 borum
1035 1636 1145 1668 limites,
1166 1640 1194 1664 et
1216 1637 1336 1663 coercuit
1349 1644 1407 1670 eos,
1423 1644 1457 1664 ne
1481 1636 1643 1664 turbulentis
1667 1637 1720 1665 ini-

920 1683 1052 1717 quitatum
1069 1689 1178 1708 suarum
1201 1682 1326 1709 fluctibns
1342 1682 1456 1715 aridam,
1479 1683 1505 1710 id
1528 1686 1580 1715 est,
1601 1683 1720 1712 animam

919 1728 1054 1756 sitientem
1072 1729 1166 1759 Deum,
1183 1728 1359 1761 conturbent;
1374 1728 1507 1763 liceatque
1521 1729 1545 1756 ei
1565 1729 1720 1763 germinare

920 1776 1051 1803 bonorum
1064 1782 1175 1809 opernm
1191 1774 1292 1802 fructus
1308 1775 1454 1802 secundum
1471 1782 1555 1810 genus
1569 1783 1658 1808 suum,
1676 1775 1718 1803 di-

921 1821 1027 1858 ligendo
1047 1821 1198 1856 proximum
1219 1821 1245 1847 in
1269 1820 1395 1849 subsidiis
1411 1821 1602 1849 necessitatum
1623 1828 1720 1849 carna-

957 1889 1026 1917 Ibid.
1050 1888 1240 1924 spirituales...
1264 1871 1390 1916 carnales.
1419 1888 1456 1915 Ex
1482 1888 1642 1924 Augustino,
1670 1897 1722 1919 xnr

919 1925 1056 1956 Confess„
1072 1932 1095 1951 c.
1119 1924 1162 1950 ¹2.
1176 1924 1272 1951 Garat..

957 1971 1026 1999 Ibid.
1044 1970 1123 1997 Terra
1138 1974 1223 1996 autem
1244 1974 1297 1996 erat
1310 1970 1394 1996 inanis
1408 1975 1431 1997 et
1446 1977 1536 1998 vacua.
1561 1970 1598 1997 lta
1610 1971 1719 2003 quidem

921 2007 981 2034 libri
993 2013 1087 2033 omnes
1099 2005 1272 2039 manuscripti
1284 2009 1311 2032 et
1322 2006 1425 2037 excusi,
1442 2005 1521 2031 etiam
1533 2006 1602 2039 apud
1618 2004 1719 2035 Euche-

923 2043 992 2069 rium
1008 2046 1035 2069 et
1058 2041 1176 2073 Bedam3
1192 2041 1238 2068 sed
1258 2040 1411 2073 explicatio.
1428 2040 1485 2067 sive
1504 2040 1643 2075 allegoria.
1665 2049 1719 2070 non

922 2078 1064 2105 adhibetur
1085 2077 1127 2103 liis
1154 2076 1252 2107 verbis.
1277 2075 1324 2103 sed
1349 2075 1400 2102 illis
1417 2077 1504 2109 potius
1527 2083 1586 2110 quae
1607 2081 1671 2104 sunt
1684 2085 1720 2106 ex

921 2112 991 2140 Lxx
1009 2121 1015 2138 ε
1032 2111 1112 2138 Terra
1123 2117 1208 2138 autem
1221 2115 1274 2138 erat
1287 2110 1423 2138 invisibilis
1433 2115 1457 2138 et
1471 2111 1651 2145 incomposita.
1663 2114 1719 2140 Au-

919 2148 1042 2182 gustinus
1061 2148 1119 2173 loco
1135 2148 1259 2181 proxime
1273 2147 1354 2173 citato
1372 2155 1378 2172 ε
1398 2146 1465 2180 Quia
1489 2151 1512 2173 et
1535 2147 1606 2181 apud
1631 2155 1678 2175 nos
1691 2148 1719 2176 in

921 2183 1024 2210 Christo
1038 2191 1083 2209 suo
1099 2182 1159 2217 [ecit
1182 2182 1250 2208 Deus
1265 2181 1357 2209 coelum
1376 2187 1400 2208 et
1415 2188 1519 2214 terram,
1533 2183 1684 2217 spirituales
1695 2189 1720 2211 ct

920 2218 1035 2245 carnales
1049 2217 1170 2244 Ecclesiae
1187 2225 1250 2249 suae,
1267 2223 1289 2244 et
1305 2221 1372 2244 terra
1388 2221 1484 2250 nostra,
1501 2222 1639 2250 antequam
1650 2220 1720 2245 acci-

921 2259 991 2289 peret
1006 2254 1113 2289 sormam
1131 2254 1264 2285 doctrinm,
1277 2253 1409 2280 inuisibilis
1422 2257 1477 2279 erat
1491 2256 1514 2279 et
1537 2252 1719 2289 incomposita,

921 2290 963 2316 eti
982 2289 1106 2316 norantioe
1118 2288 1227 2315 tenebris
1241 2287 1398 2323 teqebamur,
1410 2292 1463 2314 etc.
1477 2287 1573 2315 Guut„

973 2325 1025 2351 bid.
1051 2324 1167 2351 Sanctus
1181 2324 1345 2358 Augustinus
1360 2329 1433 2357 saepe
1444 2322 1540 2349 codem
1556 2322 1636 2349 modo
1656 2323 1694 2350 ait
1710 2332 1717 2350 :

920 2359 953 2387 1η
975 2360 1103 2394 principio
1118 2359 1187 2393 fecit.
1205 2364 1258 2385 etc.
1283 2357 1363 2392 Apud
1381 2358 1505 2385 eumdem
1522 2361 1643 2384 sanctum
1664 2359 1720 2386 Au-

917 2396 1051 2429 gustinum
1068 2394 1112 2420 alii
1130 2395 1221 2428 legunt
1235 2393 1407 2428 Principium,
1423 2393 1483 2427 quia
1493 2397 1517 2418 et
1532 2391 1623 2427 loquor
1637 2393 1719 2422 vobis.

919 2433 1004 2458 Anev.
1266 2449 1276 2454 .

954 2467 982 2493 4.
999 2463 1092 2491 Prima
1106 2464 1158 2496 die,
1173 2470 1259 2496 usque
1272 2463 1304 2489 ad
1317 2470 1441 2498 apparere
1451 2462 1540 2495 uoluit.
1556 2463 1719 2498 Augustinus

919 2500 971 2527 tde
985 2498 1082 2526 Genes.
1099 2503 1192 2526 contra
1210 2498 1336 2528 Manich..
1355 2505 1381 2524 c.
1398 2497 1443 2526 25.
1459 2497 1556 2526 Gaui..

953 2535 979 2563 5.
997 2534 1141 2569 Apostolus
1156 2541 1164 2560 ι
1181 2532 1266 2560 Eratis
1280 2534 1349 2560 enim
1362 2533 1512 2568 aliquando,
1529 2537 1581 2561 ete.
1598 2532 1627 2561 ln
1641 2533 1718 2562 Grin-

919 2570 947 2598 lii
963 2574 1035 2597 textu
1051 2569 1177 2596 mendum
1190 2573 1248 2596 erat
1259 2568 1329 2603 lilios
1354 2566 1403 2595 Dei
1417 2573 1441 2595 et
1454 2568 1534 2596 taces.
1552 2570 1638 2596 Aasv.

954 2605 982 2633 6.
996 2604 1096 2632 Deinde
1110 2603 1222 2631 secunda
1236 2604 1287 2637 die,
1303 2610 1388 2638 usque
1398 2603 1432 2630 ad
1445 2604 1590 2638 stiperioree
1613 2608 1638 2632 et
1650 2605 1720 2640 inle-

918 2642 1008 2672 riorer.
1024 2639 1136 2673 carptim
1150 2646 1184 2667 ex
1196 2639 1283 2674 ejusd.
1299 2646 1346 2666 xtn
1361 2637 1495 2671 Censes-s..
1511 2646 1571 2675 cap.
1586 2623 1633 2674 15,
1643 2643 1672 2668 et
1684 2647 1719 2670 ox

920 2685 927 2703 ι
939 2682 1032 2704 contra
1046 2674 1174 2706 Manicit..
1189 2681 1215 2701 c.
1228 2675 1274 2702 cit.
1287 2674 1384 2702 Gttut..

955 2710 1024 2737 Ibid.
1043 2709 1156 2744 Vulgata
1174 2718 1182 2737 ε
1198 2708 1442 2744 amputabuntur,
1467 2710 1534 2738 sicae
1552 2709 1631 2746 tiber,
1650 2709 1717 2741 adt·-

920 2746 1005 2775 Διιεν.

957 2781 983 2808 8.
1001 2779 1064 2808 Post
1084 2780 1138 2807 hoec
1151 2779 1194 2807 die
1207 2779 1293 2812 tertio.
1307 2787 1392 2816 nsque
1403 2779 1438 2809 ad
1451 2781 1538 2809 nando
1550 2780 1642 2811 rotem
1648 2782 1716 2820 faeti

917 2816 1024 2853 iudicii,
1037 2814 1146 2844 ereod.
1162 2814 1208 2844 lib.
1224 2814 1348 2845 Contess.
1363 2823 1389 2845 c.
1405 2815 1450 2845 ¹7.
1463 2816 1561 2846 Garat..
