1832 3016
10 2958 17 2987 i

7 2991 17 3016 t

77 168 124 197 761

568 164 612 191 DE
631 162 908 192 ECCLEsmsthts
927 164 1070 192 OFFtctts
1090 164 1154 192 Lm.
1175 165 1195 191 l.

1661 160 1715 189 762

77 229 142 257 mini
156 228 220 256 lesu
242 225 342 255 Christi
361 230 474 259 corpore
497 225 732 256 praemonstratum
752 224 804 254 est,
819 219 863 254 qui
879 220 904 250 Α
919 220 970 247 rio.
988 220 1070 263 Cujus
1083 224 1214 254 susceptae
1228 220 1318 247 carnis
1333 226 1414 247 causa
1429 218 1487 247 ime
1499 221 1551 246 est.
1565 218 1713 253 Postquam

76 279 116 303 est
130 273 321 309 primogenitus
335 277 350 297 a
365 268 486 296 mortuis.

358 314 471 343 CAPUT
491 313 575 341 XXV.

384 360 421 387 De
435 361 550 387 sabbato.

115 413 137 438 Ι.
151 410 293 439 Sabbatum
307 411 395 435 autem
407 407 498 434 datum
510 411 550 433 est
561 405 642 440 priori
659 404 757 439 populo
768 404 794 431 in
809 404 865 431 otio

75 455 248 491 corporaliter
258 453 462 485 celebrandum,
476 457 505 479 ut
516 452 599 487 ligura
610 455 682 478 esset
693 451 718 477 in
732 450 861 484 requiem,

75 502 145 529 unde
159 505 186 528 et
201 499 345 528 Sabbatum
361 499 466 534 requies
481 499 682 531 interpretatur.
698 496 760 524 Dies
775 500 863 523 tamen

73 546 225 574 Dominicus
240 553 293 573 non
309 545 427 576 ludaeis,
453 544 499 570 sed
521 542 681 570 Christianis
705 549 752 576 per
776 548 864 568 resur-

72 593 218 621 rectionem
244 591 347 619 Domini
374 590 525 617 declaratus
538 593 595 622 est,
618 593 645 615 et
658 595 691 615 ex
706 587 751 614 illo
766 587 865 614 habere

71 637 153 672 coepit
169 636 339 665 festivitatem
356 643 442 663 suam.
458 634 518 669 lpse
533 638 574 662 est
585 633 655 661 enim
671 633 728 660 dies
744 632 862 666 primus,

71 684 115 718 qui
140 687 201 717 post
224 683 367 717 septimum
392 682 525 714 reperitur
549 684 669 707 octavus.
695 678 772 706 Unde
786 683 813 704 et
837 678 863 703 in

72 729 234 757 Ecclesiaste
252 729 285 755 ad
301 728 415 755 duorum
440 727 672 754 'testamentorum
688 723 863 758 significatio-

70 783 132 803 nem
147 775 254 807 dicitur,
267 773 307 800 itti
320 778 426 808 septem,
440 777 467 800 et
482 773 521 799 itti
536 777 592 798 octo
607 771 691 806 (Eccl.
705 771 754 805 xi).

105 822 132 848 2.
148 822 237 848 Primo
248 821 319 848 enim
335 822 422 848 solum
441 819 630 847 celebrandum
648 817 793 846 Sabbatum
809 821 863 844 tra-

69 869 153 895 ditum
179 871 220 895 est
235 888 243 900 ‚
271 866 334 901 quia
358 871 415 894 erat
442 871 519 893 antea
547 866 652 899 requies
681 868 859 890 mortuorum.

919 267 990 294 enirn
1007 267 1106 294 invidia
1122 267 1219 293 diaboli
1234 274 1331 300 parcns
1347 267 1392 294 ille
1407 266 1509 300 primus
1524 273 1572 300 spe
1584 265 1713 293 seductus

918 314 990 340 inani
1011 314 1119 346 cecidit,
1139 313 1279 341 confestim
1301 313 1394 349 exsul,
1416 318 1442 340 et
1456 313 1578 346 perditus
1592 312 1619 339 iu
1641 302 1736 340 omni⁰

917 366 1016 394 genere
1030 367 1080 385 suo
1099 359 1217 387 radicem
1243 358 1403 386 malitiae-et
1426 358 1529 392 peccati
1546 357 1714 391 transduxit,

916 404 1108 438 crescebatque
1135 405 1160 430 in
1191 404 1290 430 malum
1317 403 1504 431 vehementius
1524 410 1604 430 omne
1629 410 1716 438 genus

917 450 1071 477 mortalium
1086 449 1192 476 diffusis
1206 449 1305 483 ubique
1332 449 1490 481 sceleribus,
1511 452 1554 480 et,
1579 449 1650 483 quod
1674 452 1717 476 est

916 496 1042 529 nequius,
1059 496 1178 522 omnium
1194 494 1309 521 cultibus
1329 494 1462 521 idolorum
1478 494 1610 520 serviens.

951 541 979 569 2.
994 541 1091 569 Volens
1102 549 1168 576 ergo
1185 541 1253 568 Deus
1265 541 1411 568 terminare
1422 542 1715 576 peccatum‚eonsuluit

916 590 1000 616 verbo
1010 611 1016 622 ‚
1029 589 1098 623 lege,
1109 587 1257 623 prophetis,
1265 589 1358 623 signis,
1369 588 1453 622 plagis
1464 592 1491 615 et
1506 588 1644 622 prodigiiS.
1661 588 1716 616 Sed

916 642 975 662 cum
985 642 1032 662 nec
1041 635 1079 661 sic
1088 634 1196 668 quidem
1209 641 1314 661 errores
1322 641 1384 660 suos
1394 633 1547 660 admonitus
1555 638 1717 668 agnosceret

916 679 1043 711 mundus,
1058 679 1129 706 misit
1146 679 1215 706 Deus
1231 678 1327 705 Filium
1342 685 1432 710 suum,
1446 682 1474 704 ιιι
1488 685 1570 705 carne
1593 678 1716 706 induere-

917 729 969 757 tur,
978 729 1006 751 et
1014 724 1170 751 hominihus
1178 729 1329 759 appareret,
1338 728 1364 750 et
1373 727 1527 758 peccatores
1537 730 1653 751 sanaret.
1666 724 1716 756 Qui

917 770 976 797 ideo
988 771 1013 797 in
1027 770 1135 797 homine
1149 771 1232 801 venit,
1246 771 1310 804 quia
1323 778 1370 803 per
1382 770 1500 804 seipsum
1516 769 1550 796 al)
1565 770 1716 797 horninibus

915 816 1039 850 cognosci
1061 823 1112 843 non
1130 816 1226 850 potuit.
1255 815 1290 843 Ut
1310 821 1398 842 autem
1424 815 1576 847 videretur,
1598 815 1714 843 Verbum

914 870 976 890 caro
989 864 1086 890 sactum
1097 867 1149 895 est,
1162 863 1326 891 assumendo
1339 870 1458 895 carnem,
1475 870 1527 889 non
1541 867 1670 890 mutatum
1687 863 1714 890 in

70 914 243 942 Resurrectio
270 918 358 940 autem
393 912 490 939 nullius
517 915 577 939 erat
599 911 643 944 qui
674 917 818 944 resurgens
846 917 861 936 a
878 906 900 936 B
914 917 1032 937 carnem.
1050 909 1202 943 Assumpsit
1225 910 1298 937 enim
1324 909 1529 941 humanitatem,
1551 916 1603 936 non
1626 909 1716 936 amisit

70 960 184 987 mortuis
200 966 254 986 non
268 962 434 990 moreretur,
449 964 521 984 mors
532 957 569 983 illi
584 957 654 983 ultra
670 963 721 983 non
737 955 862 982 domina-

70 1012 144 1033 retur
157 1005 245 1040 (Rom.
260 1005 309 1041 vr).
323 1005 382 1032 Jam
400 1009 538 1039 postquam
554 1004 621 1030 facta
635 1007 676 1030 est
688 1003 748 1029 talis
771 1010 861 1029 resur-

70 1052 154 1079 rectio
167 1052 193 1078 in
209 1058 319 1085 corpore
330 1050 447 1082 Domini,
462 1054 491 1076 ut
504 1050 613 1084 praeiret
629 1049 655 1076 in
671 1048 758 1082 capite
772 1047 863 1075 Eccle-

71 1098 132 1131 εἰπε,
145 1097 215 1132 quod
241 1104 338 1131 corpus
362 1095 489 1123 Ecclesiae
505 1100 626 1130 speraret
641 1096 667 1122 in
684 1096 763 1122 linem
777 1115 783 1126 ,
805 1094 863 1121 dies

70 1144 237 1176 Dominicus,
254 1143 279 1170 id
304 1147 355 1175 est,
373 1147 491 1175 octavus,
509 1141 552 1176 qui
567 1146 593 1168 et
610 1140 726 1175 primus,
745 1140 771 1167 in
788 1139 862 1167 lesti-

70 1192 152 1218 vitate
166 1190 305 1218 successit.

106 1237 132 1263 5.
150 1239 267 1270 Apparet
277 1240 366 1262 autem
383 1236 454 1262 liunc
467 1235 539 1262 diem
554 1235 633 1262 etiam
649 1236 674 1260 in
686 1234 864 1261 sacrosanctis

70 1282 216 1316 scripturis
230 1289 290 1309 esse
303 1282 462 1312 solemnem;
479 1281 537 1315 ipse
552 1281 622 1307 enim
637 1280 739 1314 primus
754 1285 795 1306 est
806 1279 863 1306 dies

72 1328 175 1359 saeeuli,
197 1328 222 1354 in
239 1328 296 1361 ipso
318 1327 400 1354 creati
417 1331 477 1353 sunt
489 1326 591 1360 angeli,
609 1326 635 1352 in
650 1326 708 1359 ipso
729 1333 834 1360 quoqne
849 1332 862 1350 a

72 1373 183 1401 mortuis
198 1372 344 1399 resurrexit
364 1371 505 1402 Christus,
521 1371 545 1397 in
570 1371 626 1404 ipso
645 1371 679 1397 de
693 1370 769 1398 coelis
783 1377 864 1403 super

72 1418 206 1453 apostolos
215 1421 322 1444 sanctus
333 1416 472 1443 descendit
483 1415 610 1450 Spiritus,
623 1423 720 1442 manna
733 1416 757 1441 in
767 1415 862 1442 eodem

70 1465 114 1492 die
129 1465 155 1491 iu
171 1471 262 1491 eremo
283 1463 397 1497 primum
412 1463 445 1489 de
461 1462 530 1489 coelo
544 1461 636 1488 datum
652 1465 703 1488 est.
726 1461 770 1488 Sic
791 1461 862 1487 enim

71 1510 134 1537 dicit
145 1509 272 1536 Dominus
293 1517 300 1535 :
317 1508 370 1535 Sex
390 1507 477 1534 diebus
497 1507 624 1542 colliyetis
648 1515 753 1539 manna,
778 1507 803 1532 in
824 1507 864 1533 die

71 1561 155 1583 autem
166 1560 235 1582 sexto
246 1555 351 1590 duplum
365 1554 490 1590 colligetis
503 1554 601 1589 (Exod.
615 1557 683 1586 xvi).
700 1554 782 1580 Sexta
793 1554 863 1580 enim

71 1601 128 1629 dies
143 1607 184 1628 est
199 1608 355 1635 parasceve,
372 1609 431 1636 quae
446 1604 508 1627 ante
524 1600 668 1627 Sabbatum
686 1599 804 1632 ponitur.

107 1647 134 1673 4.
151 1647 298 1674 Sabbatum
314 1651 402 1673 autem
427 1646 485 1673 dies
508 1645 638 1680 septimus
652 1650 712 1677 est,
728 1652 807 1679 quem
823 1652 865 1672 se-

71 1694 162 1728 quitur
174 1694 339 1726 Dominicus,
355 1694 445 1728 392·
461 1694 486 1719 in
501 1700 553 1727 quo
574 1693 690 1726 primum
710 1699 807 1718 manna
833 1691 866 1719 de

72 1741 230 1767 coelovenit.
245 1740 320 1767 Unde
331 1739 636 1774 intelligant-ludaeijam
651 1744 714 1765 tunc
726 1738 865 1772 prmtatam

72 1793 132 1813 esse
146 1786 257 1813 ludaico
271 1786 388 1813 Sabbato
405 1786 570 1812 Dominicam
587 1785 788 1819 nostram3jam
804 1790 866 1812 tunc

71 1832 216 1859 indicatum
233 1835 276 1859 est
298 1831 367 1865 quod
390 1831 416 1858 in
438 1831 555 1859 Sabbato
580 1832 700 1863 ipsorum
725 1831 810 1864 gratia
832 1831 866 1858 ad

70 1884 118 1905 eos
131 1877 165 1904 de
180 1877 248 1904 coelo
261 1877 332 1904 nulla
349 1876 534 1907 descenderit,
550 1876 597 1903 sed
613 1876 638 1902 in
662 1881 755 1902 nostra
776 1875 868 1903 Domi-

72 1924 141 1957 nica‚
157 1923 184 1951 iu
199 1931 248 1958 qua
266 1923 379 1958 primum
391 1931 488 1950 manna
507 1923 634 1950 Dominus
646 1923 722 1957 pluit.

346 1969 459 1996 CAPUT
479 1968 573 1996 xxvi.

321 2014 358 2041 De
382 2014 473 2041 Natali
495 2014 610 2041 Domini.

111 2061 138 2088 t.
163 2059 265 2088 Natalis
295 2060 403 2087 Domini
425 2060 483 2087 dies
508 2067 538 2086 ea
561 2060 594 2087 de
608 2066 687 2086 causa
706 2067 720 2085 a
744 2058 867 2086 Patribus

72 2107 169 2133 votivae
180 2106 357 2133 solemnitatis
371 2106 508 2132 institutus
524 2110 575 2137 est,
586 2106 646 2139 quia
660 2105 686 2131 in
698 2112 730 2131 ευ
745 2105 867 2132 Christus

72 2159 121 2187 pro
146 2151 331 2185 redemptione
354 2150 446 2178 mundi
470 2151 545 2177 nasci
566 2150 746 2184 corporaliter
766 2150 864 2184 voluit,

73 2197 200 2232 prodiens
214 2205 247 2225 ex
261 2196 374 2232 virginis
393 2201 480 2228 utero,
497 2196 542 2231 qui
556 2201 615 2224 erat
630 2196 656 2223 in
672 2196 757 2223 Patris
779 2196 864 2230 inipe-

915 957 1092 983 divinitatem.
1110 956 1148 983 lta
1164 956 1233 983 idem
1250 957 1317 983 Deus
1341 959 1368 982 et
1380 955 1450 982 idem
1465 955 1562 987 homo,
1579 955 1604 982 in
1621 959 1715 982 natura

915 1003 961 1030 Dei
976 1004 1085 1038 :equalis
1099 1003 1185 1034 Patri,
1202 1003 1227 1029 in
1245 1007 1338 1029 natura
1358 1002 1473 1029 hominis
1488 1001 1574 1028 factus
1593 1001 1714 1028 mortalis

915 1051 995 1086 393
1005 1051 1114 1077 innobis
1127 1057 1174 1083 pro
1184 1050 1270 1083 nubis,
1288 1050 1321 1077 de
1333 1049 1420 1081 nobis,
1437 1057 1550 1076 manens
1561 1049 1631 1082 quod
1645 1053 1714 1081 erat,

915 1098 1065 1132 suscipiens
1086 1097 1157 1129 quod
1174 1104 1225 1123 non
1241 1102 1315 1129 erat,
1331 1102 1358 1123 ut
1376 1097 1501 1123 liberaret
1516 1096 1585 1130 quod
1603 1096 1715 1122 semsi-at.

951 1145 976 1171 3.
994 1144 1056 1171 llaec
1076 1148 1117 1170 est
1140 1151 1204 1177 ergo
1218 1143 1360 1170 dominicae
1375 1142 1527 1169 Nativitatis
1551 1149 1645 1176 magna
1671 1148 1715 1168 so-

916 1191 1050 1222 lemnitas,
1067 1192 1124 1217 haee
1139 1195 1180 1217 est
1195 1189 1247 1217 diei
1265 1190 1342 1224 nujus
1357 1196 1425 1216 nova
1440 1194 1465 1216 et
1482 1188 1597 1224 gloriosa
1610 1188 1715 1214 festiti-

917 1242 967 1269 tas,
984 1237 1114 1263 adventus
1128 1235 1173 1262 Dei
1187 1236 1271 1262 tactus
1282 1235 1315 1262 ad
1331 1235 1465 1262 homines.
1478 1234 1570 1267 ltaque
1580 1233 1637 1259 dies
1652 1233 1713 1264 iste,

917 1290 965 1317 pro
977 1291 1009 1309 eo
1023 1282 1093 1316 quod
1107 1283 1132 1308 in
1148 1289 1180 1308 eo
1192 1281 1314 1307 Christus
1329 1284 1407 1307 natus
1420 1284 1471 1311 est,
1485 1279 1586 1306 Natalis
1602 1278 1712 1310 dicitur;

915 1336 1049 1363 quemque
1072 1327 1133 1354 ideo
1158 1327 1303 1354 ohservare
1328 1333 1377 1360 per
1402 1325 1552 1352 revolutum
1578 1323 1709 1350 circulum

915 1373 978 1400 anni
1007 1373 1074 1400 festa
1100 1373 1270 1400 solemnitate
1296 1372 1430 1404 solemus,
1453 1374 1482 1397 ut
1504 1371 1531 1398 in
1555 1369 1713 1397 memoriam

915 1424 1061 1447 revocetur
1075 1425 1128 1452 quo
1143 1417 1186 1445 die
1199 1417 1324 1444 Christus
1338 1421 1416 1443 natus
1430 1422 1480 1443 est.

1189 1463 1301 1491 CtPUT
1322 1462 1429 1490 xxvtt.

1206 1509 1244 1536 De
1261 1509 1418 1544 Epiphania.

955 1557 981 1584 1.
1011 1556 1220 1591 Epiplianiorum
1237 1555 1307 1582 diem
1324 1555 1436 1589 proinde
1460 1554 1526 1581 festa
1542 1553 1712 1581 solemnitate

880 1598 902 1629 C
918 1603 967 1629 viri
985 1603 1125 1636 apostolici
1153 1602 1336 1636 signaverunt,
1352 1602 1413 1635 quia
1439 1601 1466 1627 in
1481 1608 1514 1628 eo
1529 1605 1570 1627 est
1592 1601 1713 1634 proditus

918 1650 996 1677 stella
1011 1649 1143 1681 Salvator,
1159 1649 1265 1683 quando
1278 1648 1438 1674 invenerunt
1452 1649 1520 1681 magi
1536 1647 1672 1674 Christum
1688 1648 1714 1675 in

919 1695 1032 1729 praesepi
1055 1695 1187 1728 jacentem
1201 1714 1207 1726 ‚
1233 1693 1344 1720 adorato
1366 1693 1510 1720 offerentes
1536 1693 1714 1727 competentia

918 1748 1030 1768 munera
1047 1740 1184 1773 Trinitati,
1210 1747 1315 1771 aurum,
1340 1739 1401 1766 thus
1416 1743 1444 1766 et
1460 1738 1612 1774 myrrham,
1637 1738 1714 1772 Regi,

918 1786 974 1814 Deo
989 1790 1068 1821 atque
1081 1793 1202 1820 passuro.
1221 1785 1283 1812 ldeo
1294 1792 1358 1819 ergo
1373 1785 1442 1812 dicm
1456 1785 1526 1811 ltunc
1539 1791 1626 1811 annua
1643 1783 1716 1811 eele-

917 1833 1016 1861 hritate
1039 1838 1210 1860 sacraverunt
1224 1853 1231 1863 ‚
1248 1837 1277 1859 ut
1297 1833 1413 1859 mundus
1428 1836 1557 1867 agnoscat
1572 1831 1714 1860 Dominum

917 1887 997 1915 quem
1013 1879 1144 1907 elementa
1160 1878 1267 1906 coelitus
1282 1879 1469 1914 prodiderunt.

954 1926 981 1952 2.
997 1925 1132 1960 Siquidem
1149 1925 1244 1952 eodem
1260 1925 1302 1951 dic
1316 1925 1384 1952 idem
1401 1924 1478 1953 Jesus
1492 1925 1572 1952 etiam
1586 1924 1714 1952 ‚Iordanis

919 1972 1026 1998 lavacro
1049 1970 1169 2005 tingitur,
1186 1971 1327 2006 divisoque
1341 1971 1411 1998 coelo
1423 1971 1540 2004 Spiritus
1555 1970 1639 1997 sancti
1652 1970 1713 1997 des-

918 2017 1059 2044 cendentis
1087 2017 1240 2044 testimonio
1279 2017 1326 2044 Dei
1360 2024 1419 2044 esse
1449 2016 1534 2044 Filius
1561 2016 1713 2043 declaratur

920 2061 1028 2097 (Manli.
1046 2063 1097 2096 ιιι);
1115 2062 1190 2096 cujus
1207 2062 1258 2089 diei
1275 2069 1383 2093 nomen,
1399 2069 1431 2088 ex
1447 2069 1480 2089 eo
1504 2061 1574 2096 quod
1593 2060 1716 2096 apparuit

918 2108 1043 2143 gentibus
1057 2128 1064 2140 ‚
1089 2107 1236 2142 Epiphania
1263 2113 1442 2142 nuncupatur.
1467 2108 1612 2142 Epiphania
1639 2107 1712 2135 enim

919 2155 1024 2186 Graece,
1047 2154 1142 2181 Latine
1155 2155 1288 2189 apparitio
1301 2155 1342 2182 vel
1358 2154 1478 2182 ostensio
1492 2154 1600 2182 dicitur.
1616 2153 1714 2181 Tribus

918 2201 999 2236 igitur
1012 2209 1044 2229 ex
1058 2201 1147 2229 causis
1157 2201 1202 2229 hic
1215 2201 1274 2230 dies
1288 2201 1340 2230 hoc
1355 2201 1512 2230 vocabulum
1524 2202 1642 2236 sumpsit
1655 2201 1715 2229 sive

107 2290 172 2318 Cn.
188 2297 249 2317 xxv.
271 2289 303 2316 N.
330 2289 356 2317 1.
374 2288 515 2316 Sabbatum
540 2294 624 2315 autem
646 2289 690 2315 dut
717 2296 800 2323 usque
827 2290 862 2317 ad
877 2290 1022 2326 Dimperio
1045 2290 1215 2318 emendatum
1229 2295 1287 2318 erat.
1309 2291 1419 2324 qremt‘o.
1435 2291 1505 2325 quod
1522 2291 1635 2317 fortasse
1657 2297 1711 2319 non

72 2326 262 2357 interpretatur,
278 2332 312 2351 ex
332 2323 424 2351 eadem
439 2325 531 2358 epist.q
548 2331 606 2357 cap.
623 2324 665 2350 10.
683 2324 780 2352 ῦηιΑι.

110 2360 179 2386 litia.
195 2359 255 2387 Dies
270 2363 353 2387 tamen
368 2358 529 2392 vamtatem,
542 2367 626 2394 usque
640 2359 673 2386 ud
686 2361 818 2394 successit,
831 2368 864 2388 ex

74 2394 358 2456 ωιῖὺίἱῖἱξεῗῐτιῐιςιιιιι.
370 2429 424 2461 At„
437 2429 588 2456 celebratus.
606 2430 643 2456 De
655 2438 684 2458 re
698 2430 754 2464 ipsa
769 2432 866 2459 iterum

75 2465 137 2491 vide
153 2464 245 2491 Patres
258 2465 408 2497 arsenoite„
422 2465 468 2492 cit.
485 2465 568 2495 Edit..
585 2470 649 2492 tom.
667 2466 687 2497 l,
703 2474 761 2501 pag.
776 2466 821 2499 43,
839 2472 867 2495 et

77 2498 433 2538 Fabri‹·ium‚·8ibliossraph.
450 2507 509 2536 pag.
523 2500 587 2533 452,
603 2501 647 2534 qui
666 2502 814 2535 scriptores
831 2502 865 2530 de

76 2535 120 2561 die
149 2533 285 2560 Domintco
310 2538 336 2560 et
360 2533 476 2562 sabbato
497 2535 660 2564 disserentes
679 2544 775 2572 magna
788 2537 864 2573 copia

76 2572 227 2596 enumerat.
243 2568 328 2595 Aasv.

112 2604 141 2631 2.
156 2602 207 2630 Alii
225 2611 232 2629 :
247 2601 352 2630 Nauius
364 2609 510 2638 oraturque
520 2605 554 2631 ad
571 2605 701 2633 Christum
713 2606 864 2638 Dominum.

77 2639 812 2706 iiia'iissl'i'ssin‘s'..&whss‘imm'ziimmffl‘fitiim
826 2643 867 2671 ''¹“

113 2709 139 2736 5.
157 2709 268 2743 Apparet
281 2711 367 2734 autem
388 2693 475 2743 nique
482 2707 519 2738 ad
531 2709 622 2737 datm
631 2695 680 2744 ut}
699 2718 732 2739 ex
747 2697 867 2747 eiusdem

78 2750 204 2772 sermone
216 2742 280 2770 25¹.
295 2741 390 2770 Gmt..

115 2778 141 2805 4.
159 2778 298 2806 Sabbatum
311 2783 396 2806 autem
419 2779 472 2806 diu
483 2779 596 2814 septim..
607 2782 672 2812 ete..
687 2787 705 2808 ο
715 2787 799 2811 serm.
821 2782 868 2818 ot,

40 2832 44 2835 -
59 2830 63 2860 ζ
78 2815 142 2879 2»oe
153 2817 216 2842 eunt
226 2813 321 2842 eadem
334 2812 468 2849 origenis,
481 2813 555 2843 hom.
564 2815 592 2849 ¹1,
603 2815 631 2843 in
645 2815 740 2851 Rxbd„
749 2824 811 2854 up.
822 2817 871 2847 ¹5.

12 2911 17 2930 f.
30 2841 71 3016 l
105 2856 181 2915 'iffi'-
191 2891 264 2915 xxvi.
278 2882 312 2914 tt.
327 2884 355 2915 1.
364 2883 395 2916 la
407 2891 462 2916 ιιιιο
475 2884 538 2921 Hs„
551 2885 623 2925 apud
636 2885 808 2927 flittorpium,
820 2895 871 2927 pro

919 2326 990 2353 male
1013 2333 1074 2353 esse
1086 2326 1145 2360 ipse
1158 2326 1292 2360 opinatur.
1307 2320 1335 2353 ln
1357 2326 1527 2358 isidorianis,
1546 2333 1605 2358 rap.
1622 2324 1668 2356 95,
1683 2333 1711 2352 n.

920 2362 965 2394 15,
984 2361 1085 2388 adverti
1109 2362 1134 2388 in
1151 2361 1248 2388 Codice
1266 2361 1350 2388 Vatic.
1365 2361 1433 2388 1267
1446 2362 1497 2387 hoc
1511 2365 1591 2391 caput
1605 2360 1640 2386 26
1655 2364 1714 2388 tan-

918 2405 998 2427 quam
1011 2404 1163 2423 sermonem
1176 2397 1260 2423 saneti
1275 2395 1371 2423 isidori
1383 2395 1513 2427 exhiberi,
1528 2395 1561 2421 de
1571 2403 1624 2429 quo
1636 2395 1711 2429 plura

918 2432 979 2459 vide
989 2452 996 2463 ,
1022 2431 1043 2458 si
1071 2431 1158 2464 placet
1170 2451 1177 2462 ,
1205 2431 1231 2457 in
1254 2430 1420 2462 isidorianis,
1445 2437 1503 2463 cai).
1531 2430 1575 2459 72.
1593 2438 1619 2456 n.
1639 2430 1670 2456 17
1686 2434 1714 2459 et

919 2475 1007 2501 seqq.y
1038 2466 1083 2492 ubi
1098 2467 1177 2492 etiam
1194 2466 1377 2499 prarl'ationem
1401 2465 1571 2492 Constantini
1586 2464 1708 2496 Caietani

919 2503 951 2529 ad
968 2502 1036 2528 hun<-
1048 2508 1198 2528 sermonem
1218 2501 1324 2534 protuli.
1339 2500 1430 2528 Codex
1443 2500 1482 2527 tte
1502 2500 1581 2527 iovat.
1601 2499 1662 2533 12⁰1,
1683 2501 1709 2528 in

919 2544 972 2571 quo
987 2536 1068 2563 etiam
1082 2540 1123 2562 est
1138 2535 1180 2562 bie
1196 2543 1296 2568 sermo,
1312 2536 1396 2576 magis
1407 2542 1468 2562 curn
1505 2535 1607 2563 ditione
1618 2539 1712 2564 nostra

919 2569 1557 2641 ⁰⁰3⁸e222222221220221835ss⁰¹3:513
1582 2606 1702 2634 mem

975 2627 982 2633 .
1247 2625 1255 2633 .
1421 2625 1429 2638 ‚
1705 2625 1714 2634 .

962 2650 1006 2669 ev.

920 2643 1020 2704 ARCar.
1035 2683 1120 2704 xxvn.
1136 2676 1168 2703 N.
1182 2677 1208 2703 1.
1233 2675 1374 2708 Christum,
1387 2680 1438 2704 etc.
1465 2675 1599 2708 Coelileus
1613 2685 1622 2704 ι
1639 2676 1712 2704 Cleri-

920 2720 988 2741 mtm
1002 2713 1030 2739 in
1044 2711 1169 2747 proesepio
1179 2713 1308 2747 jactitem
1317 2733 1324 2746 ‚
1340 2715 1363 2738 et
1377 2711 1549 2740 adoraverunt
1566 2720 1634 2744 ettttt.
1649 2711 1708 2745 offo·

919 2754 1003 2777 rentes
1015 2748 1038 2774 ei
1051 2747 1220 2783 competentia
1241 2754 1348 2774 munera
1360 2746 1505 2780 Trinitatis,
1523 2755 1626 2780 αιηιιιι,
1642 2747 1716 2781 thu,

920 2783 1068 2820 myrrham,
1095 2782 1168 2818 Rufi,
1184 2781 1238 2809 Deo
1253 2786 1331 2818 atqua
1344 2782 1444 2810 nomint
1456 2783 1604 2819 parietinum.
1620 2783 1672 2811 Pro
1686 2783 1714 2811 iu

921 2818 1031 2883 Ξίῗᾶῧξῗ
1045 2816 1251 2882 Ἲῗὲιῗὲἓῗξξῖ
1281 2818 1714 2890 ῧέιῖὧωέἔῗῖἳῗῖὒὲἶῑ

921 2889 974 2918 30⁷
998 2872 1085 2919 Αιὶιν.
1429 2873 1440 2890 '
1593 2873 1602 2888 ¹
