1832 3016
155 150 207 178 505

685 147 714 176 S.
733 145 858 175 lstoom
876 145 1097 176 utSPALENsts
1115 147 1265 178 EPtscot’t

1733 157 1788 187 504

153 211 219 238 milti
233 210 260 237 in
275 209 410 244 populum,
426 210 454 235 et
471 206 597 235 habitabo
611 207 638 234 in
658 206 747 235 medio
760 207 816 233 tui:
832 210 859 233 et
873 206 942 233 scies
953 206 1042 236 A'dos
1063 208 1090 236 in
1116 213 1245 238 aeternnm
1271 211 1417 240 secundnm
1432 212 1553 241 ordinem
1575 213 1787 251 Melchisedech;

153 258 214 292 quia
221 256 347 283 Dominus
353 254 518 282 exercituum
525 255 598 282 misit
605 254 687 282 mead
693 258 735 282 te»
748 254 877 289 (lactum,
885 253 940 289 10).

152 302 260 330 ltemibi
273 309 279 328 :
294 311 304 327 ‹
319 301 382 329 iiaec
391 301 458 328 dicit
468 301 597 329 Dominus
608 302 785 335 exercituum,
805 309 943 337 usquequo

151 349 260 376 venient
278 348 387 382 populi,
403 353 430 375 ut
444 348 565 376 habitent
580 349 607 376 in
621 349 775 376 civitatibus
791 349 882 377 multis
894 369 902 383 ,
918 353 945 377 et

150 394 249 421 vadant
261 394 425 421 habitatores
439 401 508 421 unus
519 394 552 421 ad
563 394 819 428 alterum,dicentes
829 394 944 422 :Eamus

149 444 176 466 et
200 439 376 473 deprecemur
391 439 487 466 faciem
509 439 626 473 Domini,
643 444 671 467 et
694 447 845 475 quaeramus
859 440 943 467 Deum

149 486 327 519 exercituum,
350 485 443 512 vadam
459 485 538 512 etiam
561 491 588 514 et
602 495 662 521 ego,
687 492 714 514 et
729 488 838 515 venient
853 487 944 522 populi

151 531 242 564 multi,
259 536 285 558 et
312 536 405 566 gentes
429 531 548 559 robustae
562 533 595 559 ad
613 533 786 567 quaerendum
802 534 944 562 Dominum

152 576 319 603 exercituum
335 577 361 603 in
376 576 524 605 Jerusalem
539 587 548 603 ι
566 578 659 615 (Zuclt.
676 586 732 612 vin,
746 579 811 614 20st

186 621 230 648 15.
248 622 295 649 His
316 630 382 658 ergo
397 627 437 650 tot
452 625 585 659 tantisque
609 626 769 653 testimoniis
783 626 945 655 erubescant

149 667 234 694 Judaei
248 668 367 702 gentium
381 676 573 697 conversarum
588 671 771 704 aemulatores,
787 671 947 707 tandemque

149 714 265 742 convicti
290 720 454 749 cognoscant
469 721 549 751 atque
570 717 679 745 audiant
694 718 720 745 in
739 718 947 747 Deuteronomio

149 761 290 789 Dominum
306 763 515 796 proclamantem
530 773 536 790 ι
550 763 628 791 Eritis
651 769 737 800 gentes
755 766 790 796 ad
805 770 890 799 caput,
907 767 949 793 in-

149 806 269 833 creduius
284 812 368 834 autent
383 808 494 844 populus
508 809 542 835 ad
554 810 664 836 caudam
676 809 766 844 (Deut.
780 817 874 843 xxvnt,
887 810 945 846 44).

467 865 581 893 CAPUT
600 865 632 893 ll.

193 910 298 937 Cunctis
310 911 426 946 gentibus
439 911 466 938 in
480 911 608 939 Christum
623 912 725 939 credere
741 913 842 947 jussum
857 918 902 941 est.

186 966 212 993 1.
232 967 299 1000 Quia
315 967 341 994 in
356 968 464 996 Christo
480 968 547 996 Filio
564 968 610 995 Dei
635 969 746 996 credere
760 970 863 996 cunctis
878 976 945 1004 gen-

151 1013 222 1040 tibus
244 1013 349 1048 jussum
363 1018 418 1047 est,
439 1014 522 1041 Jacob
537 1015 563 1041 in
578 1015 810 1042 benedictionibus
833 1015 948 1049 patriar-

147 1059 260 1087 charum
270 1059 358 1086 dixit:
375 1059 495 1095 Non71
514 1060 614 1094 deliciet
625 1061 742 1095 princeps
754 1069 785 1087 ex
802 1060 888 1094 luda,
900 1069 947 1088 nec

147 1105 202 1132 dux
211 1107 243 1132 de
258 1106 396 1141 feruoribus
410 1108 477 1140 ejus,
492 1106 571 1133 donec
583 1107 667 1134 veniat
683 1109 725 1141 qui
739 1107 878 1134 mutandus
898 1112 946 1141 en,

120 1140 127 1147 ‘
146 1156 172 1178 ct
188 1152 243 1186 ipse
264 1154 312 1178 erit
332 1153 485 1187 exspectatio
505 1154 618 1188 qeutium
637 1153 713 1188 (Gen.
740 1162 818 1187 xux,
837 1155 892 1189 10).
916 1155 949 1181 Et

148 1198 233 1225 David
249 1206 282 1225 ex
298 1206 411 1233 persona
427 1199 547 1234 ejusdem
564 1199 663 1228 Christi
679 1201 706 1227 in
720 1201 832 1228 Psalmis
849 1209 878 1228 :t
897 1201 949 1228 Do-

148 1245 237 1271 minus
252 1244 319 1271 dixit
337 1245 369 1272 ad
382 1253 435 1278 me,
450 1246 534 1273 Filius
545 1254 621 1274 mens
635 1254 664 1274 es
677 1251 716 1279 tu,
741 1255 790 1282 ego
813 1247 892 1275 hodie
903 1255 949 1283 ge-

149 1290 196 1317 nui
211 1294 238 1318 te
263 1299 269 1323 ;
286 1294 348 1325 pete
362 1299 377 1317 a
393 1299 447 1323 me,
463 1296 491 1318 et
505 1293 575 1319 dabo
597 1293 642 1320 tibi
654 1298 749 1328 gentes
766 1294 947 1322 haereditatem

148 1341 234 1369 tuam,
250 1341 279 1364 et
294 1338 489 1371 possessionem
502 1344 574 1366 tuam
590 1340 718 1367 terminos
738 1345 817 1368 terrae
831 1350 841 1367 ι
860 1341 946 1377 (Psal.

149 1382 180 1417 it,
193 1383 232 1417 7).
250 1383 283 1410 Ει
301 1384 398 1411 iterum
412 1391 419 1411 ι
432 1383 576 1412 Constitues
587 1394 626 1413 me
640 1387 667 1413 in
678 1392 755 1422 caput
766 1388 890 1422 gentium,
903 1396 949 1422 po-

147 1428 235 1463 pulus,
247 1437 322 1464 quem
339 1438 390 1457 non
405 1431 520 1465 coquovi,
532 1432 632 1458 servivit
652 1433 724 1464 milti,
743 1432 865 1460 obauditu
878 1435 948 1461 auris

149 1474 280 1501 obaudivit
295 1475 369 1502 mihi.

183 1521 211 1547 2.
239 1521 368 1548 Similiter
392 1526 419 1548 ct
440 1521 503 1549 alibi
531 1522 564 1548 de
601 1522 696 1550 eodem
723 1524 948 1560 psalmographus

146 1566 217 1593 idem
234 1566 272 1593 sic
287 1567 351 1593 dicit
368 1576 374 1592 z
391 1566 456 1593 Ante
471 1568 550 1594 solem
574 1574 704 1603 permanet
717 1577 810 1597 nomen
835 1572 901 1606 ejus,
925 1576 948 1598 et
961 1578 985 1609 C

148 1615 207 1638 ante
220 1611 307 1638 lunam
322 1613 394 1639 sedes
403 1615 468 1648 eJuS,
488 1617 510 1639 et
525 1613 706 1641 benedicentur
717 1615 745 1642 in
759 1624 788 1642 eo
806 1624 892 1643 omnes
907 1617 950 1643 tri·

149 1657 192 1684 bus
203 1662 288 1692 terrae,
301 1666 387 1685 omnes
403 1663 487 1693 qentcs
502 1659 608 1686 servient
621 1661 644 1687 ei
655 1660 742 1695 (Psal.
755 1663 828 1695 uxi,
839 1663 948 1699 17‚18).

152 1703 190 1730 De
211 1703 288 1738 cujus
302 1704 484 1731 dominatione
500 1705 580 1732 etiam
600 1707 723 1740 superius
744 1707 834 1742 (Vera.
855 1708 885 1743 8)
910 1709 949 1737 sic

151 1750 236 1777 fuerat
259 1751 421 1785 prrelocutus
445 1760 450 1776 :
468 1750 502 1777 Et
519 1752 691 1779 dominabitur
704 1761 720 1779 a
735 1754 801 1780 mari
821 1762 901 1790 usque
915 1756 949 1782 ad

149 1803 232 1828 mare,
247 1800 271 1821 et
285 1804 300 1821 a
311 1796 416 1829 flumine
430 1804 510 1830 usque
525 1797 559 1822 ad
575 1798 695 1824 terminos
707 1799 775 1825 orbis
789 1804 873 1827 terroe.

186 1842 211 1867 5.
238 1840 322 1874 *Quod
350 1842 533 1869 testimoniffln
563 1851 612 1871 nec
637 1844 775 1873 Salomoni
813 1849 946 1882 congruit,

149 1894 200 1914 nec
215 1887 309 1914 David.
325 1888 421 1915 Notum
437 1894 478 1916 est
491 1889 562 1916 enim
576 1889 675 1924 quibus
697 1892 821 1920 terminis
835 1901 946 1928 regnum

149 1934 305 1961 conclusum
328 1935 428 1962 exstitit
460 1934 621 1963 Salomonis.
642 1936 694 1964 Sed
711 1937 762 1965 hoc
786 1937 813 1965 in
839 1939 947 1967 Christo

151 1979 274 2006 videmus
286 1979 369 2008 fuisse
376 1980 549 2014 completum.
566 1981 648 2015 Cujus
660 1982 694 2009 ab
710 1987 769 2010 ortu
785 1983 850 2011 solis
862 1992 947 2018 usque

149 2024 183 2051 ad
206 2032 329 2052 occasum
353 2034 478 2060 magnum
492 2031 534 2054 est
554 2034 652 2054 nomen
678 2027 737 2062 ejus
760 2029 786 2055 in
810 2030 945 2064 gentibus.

153 2070 203 2096 ilic
218 2075 245 2097 et
260 2079 275 2097 a
300 2071 410 2098 flumine
424 2072 580 2099 dominandi
605 2073 719 2107 sumpsit
732 2074 884 2108 exordium,
900 2076 945 2103 ubi

150 2115 301 2149 baptizatus
327 2122 368 2143 est
389 2125 404 2144 a
419 2117 533 2149 Joanne.
548 2122 574 2145 et
599 2119 723 2152 pervenit
750 2127 797 2154 per
823 2120 902 2149 fidem
918 2116 945 2149 in

148 2160 271 2194 gentibus
283 2168 368 2195 usque
379 2162 411 2189 ad
430 2163 560 2190 terminos
574 2167 663 2190 terrac.

185 2206 212 2233 4.
234 2206 299 2234 Item
320 2208 347 2234 in
362 2208 463 2235 eisdem
479 2208 592 2235 Psalmis
607 2209 640 2236 de
655 2209 714 2243 ejus
728 2214 828 2238 oeterna
843 2212 941 2239 nativi-

991 253 1121 288 judieabit
1141 255 1169 282 in
1184 256 1348 290 nationibus,
1369 257 1491 292 implebit
1505 259 1606 294 ruinas,
1623 267 1788 296 conquassa-

994 299 1033 327 bit
1055 301 1142 335 capita
1161 302 1189 329 in
1213 307 1286 330 terra
1307 303 1450 331 multorum
1465 313 1476 330 ι
1503 305 1591 339 (Psal.
1617 314 1671 339 clx,
1686 308 1727 342 5).
1755 309 1790 337 Et
1815 339 1823 348 Ι

995 345 1077 374 lsaias
1093 354 1101 373 :
1115 347 1150 374 1η
1164 347 1205 375 die
1218 348 1265 376 illa
1278 350 1325 376 erit
1337 350 1412 377 radix
1424 349 1506 384 lesse,
1521 352 1566 386 qui
1585 356 1634 379 atat
1649 353 1675 379 iu
1689 354 1790 390 signum
1817 343 1826 370 ·Ῐ

996 393 1159 427 populorum,
1171 394 1255 428 ipsum
1269 399 1356 430 gentes
1371 396 1573 431 deprecabuntur
1588 397 1663 433 (lsai.
1675 406 1714 432 xt,
1731 399 1789 435 10).

997 439 1031 466 Et
1046 444 1106 474 post
1130 440 1179 467 alia
1193 449 1203 468 :
1215 441 1319 469 Levabit
1332 443 1434 477 signum
1447 443 1474 470 in
1489 444 1633 471 nationibus
1649 447 1750 480 procul,
1765 450 1791 474 et

996 488 1108 515 sibilabit
1121 489 1156 516 ad
1169 498 1228 517 eum
1240 491 1271 517 de
1286 491 1379 524 finibus
1395 496 1478 519 terroe.

1033 534 1059 561 5.
1081 535 1146 562 ltem
1158 535 1229 563 idem
1252 536 1347 570 lsaias,
1362 537 1397 564 de
1411 537 1519 566 Christo
1534 539 1647 567 Domino
1662 544 1752 568 nostro
1764 540 1791 568 in

997 580 1120 615 gentibus
1134 581 1187 616 72
1199 586 1341 617 regnaturo
1358 590 1365 609 :
1384 591 1394 608 ‹
1411 583 1475 611 liaec
1490 583 1556 611 dicit
1578 584 1705 613 Dominus
1721 586 1792 614 Dens

998 633 1092 654 creans
1115 627 1212 659 coetos,
1230 631 1257 655 et
1270 627 1418 655 extendens
1433 636 1496 663 eos,
1511 629 1621 657 firmans
1647 624 1744 658 tei-ram
1763 635 1792 659 et

999 679 1057 706 quae
1078 673 1229 707 germinant
1242 682 1273 701 ex
1294 681 1336 707 ea,
1354 674 1420 702 dans
1435 674 1525 703 flatum
1551 676 1666 711 populo,
1691 678 1735 712 qui
1749 683 1791 706 est

999 724 1170 751 supeream,
1194 723 1221 745 et
1235 719 1360 753 spiritum
1373 720 1537 748 calcantibus
1552 729 1622 754 eam,
1638 729 1688 757 ego
1702 723 1793 751 Domi-

1001 771 1051 791 nus
1064 765 1156 792 vocavi
1170 769 1196 792 te
1210 765 1236 791 in
1249 765 1399 800 justitia‚et
1410 766 1574 801 apprehendi
1587 774 1692 795 manum
1709 773 1791 804 tuam,

1000 815 1027 838 et
1046 812 1151 839 servavi
1176 816 1212 845 te,
1229 817 1255 839 et
1270 813 1332 839 dedi
1358 817 1384 841 te
1399 814 1425 840 in
1441 813 1530 841 foedus
1545 815 1635 849 populi
1663 815 1689 842 in
1706 816 1792 844 lucem

1001 858 1128 893 gentium,
1160 863 1189 885 ut
1215 859 1334 893 aperires
1357 860 1450 887 oculos
1463 868 1609 895 caecorum,
1623 866 1650 889 et
1664 862 1792 890 educeres

963 895 987 925 Β
1001 903 1035 930 de
1059 904 1233 932 conclusione
1248 906 1376 938 vinctum,
1394 906 1427 933 de
1443 906 1523 933 domo
1537 907 1654 934 carceris
1669 907 1793 936 sedentes

997 949 1025 977 in
1050 950 1177 979 tenebris.
1193 952 1247 986 Ego
1261 951 1405 986 Dominus,
1431 952 1480 979 hoc
1494 956 1535 979 est
1557 960 1655 980 nomen
1671 961 1759 980 meum
1778 962 1788 979 »

998 995 1075 1031 (Isai-
1097 1005 1162 1029 an,
1177 996 1194 1023 5
1207 998 1284 1031 seq.).
1309 998 1365 1024 lloc
1387 998 1440 1032 iam
1465 1002 1626 1027 contuemur
1642 1006 1702 1026 esse
1717 1007 1791 1027 com·-

999 1042 1100 1076 pletum
1124 1050 1171 1076 per
1185 1042 1332 1076 Christum,
1361 1044 1406 1078 qui
1435 1044 1478 1071 lux
1495 1044 1580 1071 sactus
1603 1049 1644 1072 est
1669 1045 1792 1074 incarne

999 1087 1157 1122 ignorantiae
1172 1088 1291 1122 gentium
1307 1088 1465 1122 positarum.

1037 1133 1063 1160 6.
1085 1133 1123 1160 De
1137 1134 1233 1168 quibus
1258 1138 1284 1160 et
1298 1134 1361 1161 alibi
1375 1134 1434 1168 ipse
1455 1134 1520 1162 dixit
1536 1142 1543 1161 :
1559 1134 1594 1162 Et
1607 1135 1699 1162 ducam
1713 1144 1793 1164 caeco:

998 1180 1026 1207 in
1036 1180 1103 1206 viam
1116 1188 1191 1215 quam
1207 1181 1331 1215 nesciunt,
1346 1186 1369 1206 ει
1383 1181 1408 1207 in
1423 1181 1518 1207 semitis
1528 1189 1590 1216 quas
1601 1181 1791 1215 iqnoraverunt,

999 1227 1130 1253 ambulare
1144 1235 1184 1254 eos
1198 1227 1300 1261 faciam,
1316 1235 1410 1262 ponam
1426 1227 1538 1255 tenebrat
1551 1236 1637 1255 coram
1651 1229 1687 1255 cic
1713 1230 1739 1256 in
1753 1229 1793 1256 lu-

1000 1280 1064 1305 cem,
1091 1278 1118 1299 ut
1144 1272 1300 1306 impleretur
1322 1273 1391 1307 quod
1414 1281 1460 1307 per
1488 1274 1612 1301 eumdem
1633 1274 1792 1309 proplietam

1000 1317 1087 1345 suerat
1100 1318 1201 1345 dictum
1218 1318 1355 1345 :Gentium
1371 1319 1493 1354 populus,
1509 1319 1554 1354 qui
1565 1319 1667 1346 sedebat
1681 1320 1707 1346 in
1723 1325 1792 1347 tenc-

1000 1365 1061 1398 brt's,
1081 1366 1144 1392 vidit
1163 1366 1243 1392 lucem
1255 1374 1387 1401 maquam,
1402 1366 1572 1393 babitantibus
1585 1368 1611 1393 in
1623 1367 1723 1402 regione
1737 1376 1792 1394 um-

1000 1412 1051 1439 brae
1070 1412 1158 1438 mortis
1173 1412 1218 1438 lux
1242 1417 1297 1438 orta
1310 1416 1346 1439 est
1360 1413 1394 1439 eis
1406 1412 1483 1447 (lsai.
1499 1421 1537 1446 rx,
1548 1412 1665 1447 2).1tem
1680 1414 1714 1441 de
1726 1422 1792 1449 gen-

1000 1460 1065 1487 tium
1089 1460 1228 1487 vocatione
1253 1459 1286 1487 ad
1306 1459 1440 1487 Christum
1453 1459 1491 1487 sic
1509 1459 1566 1486 ait:
1583 1468 1593 1485 ι
1611 1461 1747 1488 Attendite
1757 1461 1792 1489 ad

999 1513 1043 1533 me
1058 1506 1172 1540 populus
1185 1513 1271 1539 meus,
1288 1510 1314 1533 et
1327 1506 1411 1533 tribus
1425 1513 1483 1532 mea
1500 1513 1543 1532 me
1553 1505 1655 1537 audite,
1671 1506 1732 1540 quia
1747 1507 1791 1534 lex

1000 1558 1015 1578 a
1030 1558 1074 1578 me
1097 1551 1179 1584 exiet,
1194 1555 1221 1578 et
1246 1551 1378 1585 judicium
1403 1557 1492 1577 meum
1507 1549 1534 1577 in
1559 1551 1618 1578 luce
1634 1551 1791 1586 populorum

1002 1598 1162 1632 requiescet,
1179 1604 1263 1632 prope
1277 1601 1318 1624 est
1330 1597 1418 1631 justus
1433 1604 1519 1630 meus,
1540 1604 1663 1632 egressus
1676 1601 1717 1624 est
1730 1597 1790 1625 Sal-

1001 1647 1077 1671 vator
1087 1651 1162 1672 meus
1175 1643 1251 1678 (lsai.
1266 1651 1301 1676 ιι,
1317 1642 1355 1677 4).

1036 1705 1063 1731 7.
1090 1703 1123 1731 Ει
1146 1707 1206 1738 post
1234 1702 1291 1729 haec
1312 1709 1319 1728 t
1346 1710 1355 1726 ι
1378 1700 1497 1728 Gaudete
1520 1704 1545 1726 et
1579 1699 1685 1727 laudate
1710 1699 1791 1727 simul

1000 1751 1106 1779 deserta
1120 1749 1277 1782 Jerusalem,
1293 1748 1354 1783 quia
1369 1747 1522 1775 consolatus
1536 1750 1579 1773 est
1602 1746 1729 1773 Dominus
1742 1753 1790 1780 po-

999 1798 1089 1832 pulum
1105 1803 1181 1823 suum
1194 1815 1201 1827 ‚
1227 1794 1340 1822 redemit
1358 1793 1518 1824 Jerusalem,
1544 1792 1646 1826 paravit
1662 1792 1790 1820 Dominus
1815 1823 1819 1827 ,

999 1843 1139 1871 brachium
1154 1845 1274 1869 sanctum
1290 1847 1367 1868 suum
1382 1839 1408 1866 in
1421 1838 1505 1866 oculis
1526 1838 1643 1865 omnium
1658 1838 1787 1873 gentium,

998 1896 1025 1918 et
1049 1889 1173 1917 viderunt
1196 1895 1290 1915 omnes
1311 1887 1378 1913 fines
1392 1889 1470 1913 terrae
1483 1884 1599 1912 salutare
1613 1883 1661 1911 Dei
1674 1885 1759 1911 nostri
1774 1893 1784 1909 ι

998 1934 1080 1971 (lsai.
1106 1942 1153 1966 ιιι,
1181 1933 1225 1964 9).
1249 1931 1290 1959 Ad
1310 1932 1368 1958 baec
1386 1938 1433 1966 per
1453 1929 1606 1964 praedictum
1628 1928 1721 1956 lsaiam
1736 1936 1788 1957 vox

997 1982 1087 2010 divina
1106 1980 1240 2009 Christum
1255 1979 1283 2006 in
1296 1986 1377 2006 carne
1397 1977 1514 2013 judicem
1540 1976 1658 2011 gentium
1678 1976 1715 2003 ita
1740 1982 1789 2002 an-

998 2028 1102 2055 nuntiat
1125 2036 1131 2053 :
1156 2035 1166 2052 ‹
1180 2026 1267 2058 Ecce,
1291 2025 1389 2058 inquit,
1413 2030 1506 2050 servus
1530 2029 1624 2054 meus,
1645 2020 1789 2055 suscipiam

997 2082 1070 2108 enm,
1095 2072 1196 2100 electus
1215 2077 1302 2103 meus,
1330 2067 1491 2103 complacuit
1514 2066 1565 2094 sibi
1585 2066 1613 2093 in
1635 2065 1680 2093 illo
1700 2064 1789 2092 anima

997 2128 1067 2153 mea,
1081 2119 1141 2146 dedi
1156 2118 1279 2152 spiritum
1301 2123 1390 2143 meum
1401 2121 1482 2149 super
1495 2120 1567 2147 eum,
1584 2112 1713 2147 iudicium
1724 2118 1788 2146 gen-
1830 2156 1832 2158 Ι

996 2167 1069 2193 tibus
1091 2164 1220 2199 proferet,
1243 2169 1296 2190 non
1316 2160 1451 2192 clamabit,
1467 2166 1554 2194 neque
1567 2157 1680 2192 accipiet
1695 2163 1787 2191 perso-

995 2219 1067 2244 nam,
1082 2218 1132 2238 nec
1144 2209 1268 2236 audietur
1289 2207 1355 2235 ioris
1374 2213 1424 2234 vox
1439 2205 1507 2240 eins,
1530 2205 1661 2231 calamum
1675 2210 1788 2238 quassa-

148 2256 206 2280 tate
228 2258 257 2280 et
281 2257 414 2288 potestate
443 2254 469 2281 in
497 2255 633 2288 gentibus,
658 2255 786 2283 Dominus
801 2257 920 2292 loquitur
935 2267 942 2286 :
959 2263 1054 2294 ntum
1067 2264 1120 2284 non
1133 2258 1262 2286 conteret,
1277 2257 1304 2280 et
1318 2253 1402 2286 linum
1416 2251 1548 2285 fumigans
1564 2257 1616 2277 non
1625 2249 1788 2283 exstinguet.
1828 2247 1832 2293 J

152 2308 163 2324 ‹
180 2298 252 2327 Ante
273 2299 425 2334 luciferum,
450 2301 548 2335 inquit,
571 2301 651 2335 genui
676 2305 716 2334 te;
744 2306 771 2328 ιιι
797 2309 826 2330 es
853 2311 944 2332 sacer-

184 2380 228 2408 15.
247 2379 416 2414 Erubescant.
436 2385 488 2408 etc.
504 2380 571 2408 Cod.
583 2379 695 2407 Palatia.
712 2379 765 2406 278
785 2380 826 2407 sie
839 2380 920 2409 babet
935 2391 941 2409 :

148 2416 307 2443 Erubescant
319 2415 422 2449 Judoei;
435 2416 588 2443 oemulamur
607 2415 695 2442 eadem
706 2422 764 2450 qum
779 2416 837 2441 victi
850 2424 944 2451 coquo-

148 2456 221 2478 scant
233 2455 307 2486 atque
320 2451 438 2484 audiant,
457 2452 484 2478 in
507 2450 704 2478 Deuteronomio
717 2450 828 2477 Domino
842 2452 943 2487 procla-

149 2490 235 2512 mante
248 2485 346 2513 :Eritis
355 2490 520 2522 qentes,'etc.
535 2488 621 2513 Anav-

185 2521 250 2548 Cn.
275 2529 304 2549 n.
333 2521 365 2549 N.
395 2522 419 2548 1.
443 2520 573 2548 obauditu
596 2521 667 2549 auris
701 2521 829 2549 obaudivit
861 2522 940 2558 mibi,

149 2556 244 2589 psalm.
261 2564 327 2590 xvn,
345 2556 390 2584 45.
403 2556 516 2592 Hispal„
532 2558 558 2583 in
574 2558 664 2584 auditu
678 2558 748 2584 auris
772 2556 881 2584 obedivit
893 2558 942 2584 mi-

149 2590 188 2624 tti,
210 2595 240 2618 ut
262 2592 346 2620 estin
367 2592 498 2619 Psalterio
521 2592 633 2620 Gallico.
656 2592 711 2620 Nos
725 2592 866 2620 lectionem
881 2600 940 2627 quae

150 2630 208 2653 erat
225 2626 251 2652 in
267 2627 382 2660 excusis,
396 2627 572 2661 praetulimus,
585 2628 710 2662 quoniam
724 2631 781 2655 erat
796 2628 823 2654 in
843 2628 940 2661 psalte-

150 2660 191 2701 rio
212 2661 364 2723 liisffnico,
386 2670 440 2696 quo
455 2663 580 2698 frequens
595 2663 710 2691 Isidorus
724 2667 780 2690 toto
795 2662 846 2690 boc
857 2669 940 2698 opere

150 2700 242 2723 untur.
284 2705 327 2724 ιιι.

185 2731 213 2757 2.
234 2732 288 2764 Al..
300 2732 495 2764 sanctificabunt
507 2741 575 2766 eum,
591 2740 640 2768 pro
653 2733 762 2761 servient
776 2733 808 2760 ei.
825 2732 896 2761 ΙΙΑκ.

186 2765 213 2791 4.
234 2766 269 2793 Et
285 2773 340 2800 post
360 2767 413 2794 alia
427 2777 436 2795 :
450 2768 553 2796 Levabit
568 2769 670 2803 ciqnum
681 2769 710 2796 in
721 2767 866 2796 nationibus
877 2776 938 2805 pro—

151 2800 204 2831 cul,
219 2805 244 2827 et
255 2802 375 2829 sibilabit.
391 2803 487 2835 Verba.
505 2811 566 2839 quae
581 2807 785 2837 praecesserant,
801 2802 937 2836 nimirum,

150 2834 178 2861 in
192 2834 234 2861 die
249 2835 296 2862 issa
308 2838 356 2863 erit
374 2837 451 2865 radim
463 2838 546 2872 leuc,
561 2843 628 2872 ete„
640 2840 764 2873 leguntur
777 2835 827 2867 bai
839 2842 878 2872 n.
891 2837 937 2866 ¹⁰.

150 2869 216 2904 Quae
229 2876 438 2908 consequuntur,
452 2872 544 2901 levabit
553 2874 656 2909 sianum
667 2874 698 2902 ia
708 2874 936 2909 nationumetc..

997 2305 1027 2333 ln
1037 2304 1150 2332 veritate
1161 2301 1258 2329 educet
1270 2297 1410 2333 iudicium,
1432 2303 1486 2323 non
1501 2299 1543 2322 est
1557 2295 1650 2327 tristis,
1667 2301 1717 2322 nec
1731 2299 1787 2322 tur·
1808 2294 1817 2331 ’ζ

996 2390 1030 2410 ex
1053 2389 1112 2416 cap.
1136 2388 1162 2413 v,
1187 2378 1233 2411 26,
1255 2377 1394 2410 desumpta
1416 2379 1488 2401 sunt.
1511 2373 1629 2401 Isidorus
1652 2373 1788 2402 memoria

995 2417 1084 2451 lapsu,
1097 2420 1126 2443 et
1138 2414 1192 2455 loci
1202 2410 1376 2440 similitudine
1385 2409 1523 2449 deceptus,
1536 2416 1596 2448 qnae
1609 2408 1698 2443 priora
1709 2413 1787 2437 erant
1816 2415 1817 2418 ’

994 2451 1282 2518 ᾞέῗιέἒῖἒὶῗέοἷέςιῖῑ
1293 2443 1786 2520 stistte‘2²:23¹‘235tp'fa'tt03'122

993 2494 1108 2549 Codices
1121 2519 1268 2550 declarant,
1283 2517 1404 2551 Vulgatae
1418 2516 1447 2542 in
1469 2514 1519 2542 bac
1533 2518 1608 2549 parte
1621 2518 1648 2553 et
1669 2513 1786 2543 editioni

996 2555 1167 2591 Septuaginta
1180 2552 1390 2581 consentientes.
1405 2550 1476 2578 Μιιι.
1753 2584 1759 2590 .

1030 2591 1058 2620 5.
1077 2592 1133 2624 At,
1153 2588 1317 2622 calcantium,
1341 2594 1389 2623 pro
1409 2586 1576 2614 calcantibus.
1591 2586 1639 2619 Et,
1660 2584 1709 2613 boc
1717 2592 1791 2614 enm·

993 2632 1149 2655 contuemur.
1163 2625 1234 2652 Man.

1029 2661 1098 2689 Ibid.
1119 2661 1191 2688 Flor.
1212 2660 1238 2693 1,
1256 2659 1284 2687 in
1303 2658 1640 2698 carcereiqnarantioefflro
1660 2657 1688 2683 ia

992 2696 1240 2733 ignorantioequd
1256 2700 1298 2723 est
1311 2695 1339 2722 in
1366 2693 1491 2722 Editione
1502 2693 1606 2722 Griatn.
1630 2690 1758 2728 sedunt

994 2733 1079 2770 placet
1093 2733 1120 2760 in
1133 2739 1244 2759 carcere.
1257 2730 1344 2759 Artav-

1029 2768 1057 2796 6.
1079 2768 1132 2802 At,
1145 2767 1262 2799 educam,
1281 2772 1330 2801 pro
1342 2768 1366 2792 et
1381 2764 1481 2792 dmm.
1498 2763 1569 2792 Mn.
1740 2799 1741 2802 Ἴ
1776 2803 1777 2806 ¹

1026 2802 1094 2830 Ibid.
1109 2803 1162 2834 Al..
1174 2801 1306 2834 ambulat,
1320 2807 1369 2835 pro
1381 2799 1492 2830 sedebat.
1507 2799 1543 2828 Et
1551 2798 1641 2839 mnu,
1653 2796 1699 2837 (qi
1735 2825 1738 2832 ,
1753 2825 1759 2833 ,

981 2844 1041 2875 «ιιι-ο
1050 2839 1126 2866 exiet.
1141 2838 1211 2866 ΜΑιι.
1467 2842 1472 2849 ’
1565 2843 1571 2850 ν
1678 2847 1682 2851 ›

1025 2873 1053 2901 7.
1073 2872 1296 2914 Al.,adbuc‚pro
1308 2873 1344 2898 aa
1358 2870 1423 2899 ltoec.
1437 2869 1512 2900 ltu.
1554 2878 1555 2881 ¹

1717 2915 1751 2935 *ae

1567 2944 1659 2954 *fla-.-
1670 2945 1704 2959 ,ὦ
1713 2949 1740 2965 ’,ἢ
