1832 3016
139 166 191 194 745

669 159 698 186 S.
718 156 843 185 tsinoiu
864 155 1084 185 fliSPALENSls
1108 156 1261 185 Episcopi

1717 157 1771 186 '1ss
1782 185 1787 189 .

138 227 181 258 tis,
196 231 256 252 cum
267 224 398 252 cantatur,
410 224 489 253 quam
503 217 526 243 si
538 224 591 244 non
600 220 732 243 cantetur.
745 215 844 242 Omnes
856 214 927 242 enim
941 214 966 244 A
979 215 1070 243 choris
1081 216 1233 243 alternatim
1244 215 1458 248 concinentibus,
1468 215 1543 250 quasi
1555 215 1608 242 duo
1618 215 1769 250 Seraphim,

139 271 250 299 aflectus
264 265 358 297 nostri,
367 271 416 298 pro
430 270 555 290 sonorum
569 262 725 289 diversitate
745 260 787 287 vel
798 259 926 293 novitate,

138 314 227 343 nescio
242 318 293 346 qua
319 309 421 337 occulta
447 307 629 335 familiaritate
652 307 803 334 excitantur
827 307 926 341 magis,

137 366 196 388 cuin
212 355 289 385 suavi
304 360 331 383 et
357 354 502 382 artillciosa
514 361 580 380 voce
595 357 727 380 cantatur.

437 410 551 438 CAPUT
577 409 620 437 Vl.

444 446 484 472 De
506 446 619 481 hymnis.

176 497 202 524 1.
227 495 345 530 flymnos
366 492 482 526 primum
505 491 631 518 eumdem
659 490 743 518 David
771 490 928 525 prophetam

138 541 290 571 condidisse
301 547 331 566 ac
351 538 480 566 cecinisse
502 537 582 572 3oe
593 535 762 564 manifestum
770 539 820 569 est,
833 535 930 563 deinde

136 593 164 617 et
177 587 243 614 alios
264 584 419 620 prophetas.
441 583 535 610 Postea
563 582 669 616 quidem
692 586 786 609 ettres
806 583 880 616 pueri
903 580 929 607 in

134 634 271 662 fornacem
286 631 377 666 positi,
393 634 543 657 convocata
564 629 636 655 omni
650 633 783 660 creatura,
807 627 929 655 Creatori

134 680 252 708 omniurn
266 678 393 713 hymnum
408 679 537 703 canentes
556 674 681 701 dixerunt
696 673 778 709 (Dan.
803 673 856 708 nt).
873 673 931 700 lta-

139 733 192 761 que
202 729 229 752 et
240 724 266 751 in
291 722 396 758 hymnis
412 722 476 749 etin
493 721 604 756 psalmis
623 720 752 747 canendis
774 727 827 746 non
842 720 930 747 solum

138 771 339 806 prophetarum,
356 767 403 795 sed
429 767 509 794 etiam
532 767 615 801 ipsius
629 766 736 793 Domini
750 770 778 792 et
792 765 930 800 apostolo-

138 824 197 845 rum
212 816 340 843 habemus
353 814 516 848 exemplum,
531 817 558 839 et
570 817 702 847 praecepta
717 812 751 838 de
766 811 817 838 hac
832 818 863 838 re
876 811 930 837 uti—

139 862 174 890 lia
189 862 222 889 ad
239 860 399 889 movendum
415 860 457 894 pie
469 859 587 886 animum
615 863 642 885 et
656 857 690 885 ad
712 856 930 884 inflammandum

135 908 231 936 divinae
247 906 400 934 dilectionis
420 905 556 932 affectum.

173 954 201 981 2.
223 954 292 981 Sunt
302 956 391 979 autem
407 951 489 978 divini
509 950 613 984 hymni,
629 953 731 976 suntet
753 948 860 982 ingenio
881 947 933 974 hu-

136 1007 215 1028 tnano
233 998 385 1033 compositi.
410 996 526 1023 Hilarius
548 1000 648 1028 autern,
675 994 767 1021 Galliis
788 993 934 1028 episcopus

137 1044 324 1076 pictaviensis,
338 1042 490 1077 eloquentia
506 1041 677 1076 conspicuus,
701 1039 860 1075 hymnorum
873 1045 933 1065 car-

139 1093 211 1120 mine
227 1091 318 1119 lloruit
330 1091 442 1125 primus.
459 1089 523 1116 Post
535 1096 614 1123 quem
626 1087 785 1115 Ambrosius
793 1087 934 1121 episcopus

137 1138 178 1166 vir
192 1145 295 1172 magnae
309 1137 400 1172 gloriae
417 1137 443 1163 in
459 1135 576 1168 Christo,
593 1139 620 1161 et
634 1134 660 1160 in
682 1133 800 1160 Ecclesia
815 1131 934 1160 clarissi-

141 1192 201 1212 mus
216 1184 320 1216 doctor,
334 1184 460 1216 copiosus
473 1182 498 1208 in
512 1180 665 1215 hujusmodi
678 1180 797 1206 carmine
807 1179 934 1206 claruisse

139 1230 322 1265 cognoscitur,
337 1234 418 1263 atque
431 1228 511 1255 iidem
525 1227 661 1262 hymniex
677 1227 735 1261 eius
747 1226 854 1252 nomine
869 1225 934 1251 Am·

141 1274 259 1303 brosiani
281 1279 422 1306 vocantur,
452 1274 514 1308 quia
542 1273 600 1307 ejus
630 1277 750 1304 tempore
772 1273 885 1306 primum
907 1270 934 1297 in

141 1318 262 1348 Ecclesia
290 1317 481 1345 Mediolanensi
508 1317 639 1344 celebrari
666 1320 805 1350 coeperunt
821 1336 828 1348 ,
858 1314 934 1350 cujus

141 1363 306 1393 celebritatis
322 1363 430 1390 devotio
443 1363 540 1389 dehinc
555 1370 601 1396 per
616 1362 696 1389 totius
708 1362 860 1389 Occidentis
883 1361 934 1388 Ec-

140 1409 237 1436 clesias
258 1408 426 1435 observatur.
450 1408 574 1434 Carmina
604 1412 692 1435 autem
716 1415 881 1442 quaecunque
906 1406 933 1433 in

141 1453 247 1482 laudern
262 1453 310 1481 Dei
320 1453 454 1486 dicuntur,
468 1453 560 1488 hymni
576 1457 714 1480 vocantur.

442 1507 556 1535 CAPUT
577 1507 632 1534 Vll.

427 1542 466 1569 De
485 1543 641 1576 antiphonis.

178 1589 205 1618 1.
225 1588 394 1623 Antiphonas
409 1587 495 1614 Graeci
510 1586 588 1622 primi
607 1590 814 1621 composuerunt
827 1587 931 1614 duobus
945 1592 968 1623 C

176 1657 242 1684 Car.
257 1663 298 1682 vt.
312 1655 343 1682 N.
366 1656 391 1682 1.
417 1654 536 1690 Hymnus
565 1656 676 1688 primunt
701 1655 818 1682 eumdem
836 1656 928 1682 Dauid.

141 1692 208 1720 Nam
220 1691 316 1718 librum
336 1690 499 1717 Psahnorum
512 1690 634 1717 eumdem
653 1691 812 1725 hymnorum
827 1697 853 1718 et
867 1690 931 1718 soli-

142 1727 291 1761 loquiorum
304 1725 392 1753 vocari
408 1725 443 1752 ait
459 1725 578 1751 Rufinus.
595 1725 689 1752 Gaui..

179 1761 248 1789 loia.
266 1761 299 1788 In
319 1761 420 1795 hymnis
441 1765 465 1787 et
497 1761 583 1792 solun,
598 1768 681 1794 usque
700 1761 733 1787 ad
755 1762 873 1796 exempl„
892 1762 931 1789 le-

141 1801 240 1832 guntur
256 1798 312 1823 haec
323 1795 419 1822 concii.
435 1803 460 1822 tv
476 1769 575 1827 Tolet„
596 1803 654 1829 cap.
673 1795 716 1827 12,
733 1801 760 1822 et
781 1797 850 1830 apud
864 1797 931 1824 Gra-

143 1834 218 1864 tiam,
234 1832 268 1858 de
279 1835 440 1863 consecrat.,
457 1832 483 1857 d.
499 1831 556 1862 l‚c.
573 1831 606 1858 de
622 1831 713 1866 hymn.
729 1831 824 1859 cmii.

178 1867 248 1893 Ibid.
260 1865 461 1893 Observandum
481 1866 609 1893 isidorum
628 1866 677 1892 hos
693 1866 775 1893 libros
794 1866 933 1900 scripsisse

142 1907 205 1930 ante
218 1902 361 1929 concilium
376 1901 533 1928 'l'oletannm
559 1908 601 1934 1v;
618 1909 679 1928 nam
695 1909 741 1928 eos
766 1902 799 1929 ad
822 1901 931 1929 tratrem

142 1945 220 1966 suum
247 1936 415 1971 Fulgentium
435 1935 518 1969 misit,
544 1937 589 1970 qui
616 1941 678 1963 ante
702 1936 765 1963 illud
790 1937 932 1964 concilium

144 1981 160 2001 e
175 1973 246 2000 vivis
269 1973 393 1999 excessit.
417 1971 507 2005 ltaque
521 1979 535 1998 e
551 1972 626 1998 libris
648 1972 742 1999 Isidori
759 1973 817 1999 haec
828 1980 886 2006 quae
898 1972 933 1999 de

144 2007 251 2043 hymnis
268 2007 408 2034 traduntur
420 2006 447 2033 in
462 2014 495 2033 eo
509 2007 623 2034 concilio
640 2007 764 2041 adoptata
791 2012 863 2041 sunt,
879 2015 932 2034 non

142 2048 246 2072 contra.
261 2042 298 2069 De
312 2042 419 2077 hymnis
443 2042 606 2076 peculiarem
631 2042 846 2070 dissertationem
863 2042 933 2077 typis

145 2077 344 2107 Salomonianis
368 2076 439 2104 edidi
453 2095 460 2107 .
490 2085 568 2111 qnam
595 2077 755 2112 llymnodiae
783 2077 933 2111 Hispanicae

145 2113 273 2147 praemisi,
294 2112 320 2139 in
331 2119 383 2146 qua
396 2112 479 2138 multa
493 2112 575 2139 etiam
590 2113 723 2146 explicui,
739 2120 798 2146 quae
813 2114 846 2139 ad
870 2119 934 2139 can-

143 2148 208 2178 tica,
224 2147 350 2181 psalmos,
365 2146 535 2180 antiphonas,
552 2148 775 2181 responsoriaque
788 2148 933 2180 pertinent.

145 2181 204 2209 Rue
215 2188 320 2215 quoque
331 2181 431 2212 faciunt
443 2188 524 2215 opera
541 2182 661 2214 liturgica
674 2182 826 2209 cardinalis
849 2183 932 2214 Bona.

145 2216 281 2244 Thomasli
292 2220 318 2242 et
331 2216 452 2246 aliorum.
465 2223 524 2249 quae
539 2216 572 2242 ad
583 2216 685 2250 singula
698 2218 792 2244 horum
804 2217 934 2244 librorum

146 2252 232 2285 capita
252 2250 368 2285 allegare
384 2250 450 2277 nihil
462 2249 551 2276 refert.
563 2250 650 2277 Annv.

179 2286 208 2314 Ξ.
230 2286 297 2318 Quia
310 2286 365 2312 e'us
376 2290 488 2319 tempore
503 2285 529 2311 in
542 2285 632 2312 eccles.
650 2284 792 2312 Mediolon.
808 2288 934 2321 Augusti·
949 2276 973 2305 D

147 2330 198 2350 nus
218 2330 233 2348 x
254 2320 310 2348 Con
323 2328 389 2351 ess..
411 2327 471 2354 cap.
496 2319 512 2346 6
536 2326 563 2347 et
589 2320 603 2345 7
622 2328 629 2346 z
646 2319 707 2346 Non
731 2320 806 2354 lonqe
826 2327 936 2355 coeperat

147 2356 348 2385 mediolanensis
361 2354 478 2382 Ecclesia
488 2355 535 2380 hoc
549 2362 627 2389 qenns
643 2355 825 2383 consolationis
844 2362 867 2382 et
890 2365 936 2384 ex-

148 2391 300 2420 hortationis
312 2389 440 2417 celebrare
458 2397 551 2424 magno
566 2390 651 2416 studio
667 2390 779 2424 fratrum
801 2392 937 2418 concinen-

149 2429 212 2455 tiam
235 2427 337 2454 vocibus
359 2429 383 2452 et
408 2425 538 2452 cordibus.
558 2424 690 2451 Nimirum
710 2433 795 2452 annus
818 2431 871 2453 erat
893 2430 936 2453 aut

147 2471 198 2490 non
208 2462 288 2489 mutto
297 2461 418 2495 amplius,
428 2464 481 2488 etc.
495 2458 590 2488 Gnnit..

183 2497 254 2525 ltid.
274 2496 395 2524 Carmina
408 2500 493 2522 autem
511 2502 666 2530 quoecunqlae
677 2494 705 2521 in
714 2494 816 2523 landem
835 2496 883 2524 Dei
897 2496 938 2523 di-

150 2538 254 2560 cuntur.
276 2530 410 2558 Cannutio·
433 2530 551 2557 mallem.
575 2530 604 2557 ld
623 2530 695 2557 enim
723 2532 833 2559 omnino
857 2531 939 2567 exigit

151 2567 244 2604 hymni
268 2567 346 2596 ratio.
371 2565 468 2593 nunno
491 2569 518 2592 et
538 2564 687 2599 Augustino
705 2566 876 2598 auctoribusz
897 2567 939 2594 sic

149 2604 220 2631 enim
231 2602 277 2630 ille
293 2610 301 2628 t
317 2600 416 2636 Hymni
430 2604 488 2627 sunl
500 2606 590 2628 cantus
601 2600 703 2628 laudm
717 2600 765 2628 Dei
774 2602 937 2629 continenter.

148 2635 180 2666 Si
193 2637 228 2664 sit
238 2637 306 2670 taus,
321 2641 345 2663 et
359 2644 410 2663 non
419 2636 452 2663 st't
466 2635 526 2668 Dei,
537 2644 588 2662 non
602 2639 640 2663 est
651 2635 772 2670 hymnus.
795 2636 868 2664 Sitia
882 2637 940 2664 latu

149 2672 211 2705 Dei,
221 2676 246 2699 et
260 2679 312 2699 non
323 2676 448 2703 canatur,
460 2679 511 2697 non
523 2675 561 2698 est
575 2670 696 2706 hymnus.
713 2671 817 2706 Oportet
827 2679 896 2707 erqo.
909 2675 939 2699 stt

150 2708 183 2734 sit
195 2707 314 2743 hymnus,
329 2706 420 2734 habeat
435 2706 490 2733 ltoec
500 2706 560 2739 tria,
571 2710 595 2733 et
607 2705 721 2738 landem,
736 2711 760 2734 et
770 2706 831 2739 Dei,
841 2712 866 2734 et
874 2714 938 2735 catw-

151 2742 239 2769 ticum.
262 2742 362 2769 Eadem
383 2742 510 2776 August..
523 2740 550 2768 iu
563 2740 659 2775 psalm.
673 2748 759 2775 uxn,
773 2741 884 2771 totidem
893 2745 940 2770 aut

151 2777 272 2810 pluribus
289 2777 369 2804 etiam
389 2776 488 2805 verbis.
508 2775 576 2810 Qua
589 2777 670 2804 etiam
684 2776 770 2805 relata
789 2781 853 2806 sunt
865 2777 894 2806 in
911 2783 940 2805 vu

151 2811 302 2846 Etymolog.
310 2810 406 2839 Garat..

188 2845 254 2873 Cn.
273 2853 320 2873 vn.
338 2845 372 2874 N.
392 2846 419 2874 1.
438 2846 500 2874 Anti
518 2847 600 2875 nonas
627 2846 724 2876 Groeet'.
746 2847 809 2876 vid.
835 2847 939 2877 Paulin-
972 2849 980 2858 '

154 2880 244 2916 sigeb.
256 2884 284 2908 et
296 2879 406 2914 hedui..
419 2881 490 2915 apud
524 2882 663 2919 andium,
672 2883 692 2911 1.
707 2890 716 2911 1
730 2883 831 2920 Liturg.
843 2881 938 2912 Gaui..

961 2252 964 2255 ¹
986 2222 1067 2249 etiam
1083 2222 1142 2249 aliis
1152 2221 1186 2249 ad
1201 2223 1272 2256 pinni
1287 2222 1370 2249 animi
1385 2229 1492 2249 sensum
1508 2221 1695 2255 explicandum
1708 2221 1779 2253 aptis

980 262 1087 297 duoque
1101 262 1270 290 Testamenta
1286 262 1401 290 invicem
1416 262 1468 290 sibi
1482 261 1678 290 conclamantia
1691 261 1770 298 (luti.

980 307 1028 343 vi).
1057 309 1133 343 Apud
1150 309 1258 336 Latinos
1273 313 1362 337 autem
1386 309 1489 344 primus
1510 309 1581 336 idem
1602 309 1773 338 beatissimus

981 354 1141 382 Ambrosius
1159 355 1240 391 370
1265 355 1425 390 antiphonas
1444 355 1593 388 constituit,
1617 354 1773 384 Graecorum

981 399 1134 433 exemplum
1164 400 1292 427 imitatus.
1307 400 1411 428 Exhinc
1425 400 1452 428 in
1468 400 1572 428 cunctis
1593 399 1711 428 occiduis
1730 407 1773 430 re-

981 445 1104 481 gionibus
1118 452 1210 473 earum
1226 453 1290 474 usus
1303 446 1444 474 increbuit.

1275 502 1389 530 CAPUT
1409 502 1476 530 viil.

1287 537 1325 564 De
1344 538 1472 572 precibus.

1019 583 1045 610 1.
1068 583 1196 611 Precibus
1210 582 1351 611 Dominum
1367 582 1504 618 deprecari
1518 582 1642 610 Christus
1655 582 1732 610 nobis
1746 585 1775 610 et

981 630 1142 665 composuit,
1159 634 1185 657 et
1195 630 1344 657 constituit.
1360 630 1427 656 Cum
1440 637 1503 664 ergo
1513 635 1664 664 quaererent
1673 629 1775 664 suppli-

982 684 1044 704 care
1056 676 1170 711 apostoli
1184 676 1249 710 Deo,
1262 681 1289 703 et
1300 676 1436 704 nescirent
1447 676 1581 710 quomodo
1590 680 1774 710 precarentur,

983 722 1107 750 dixerunt
1121 722 1229 749 Christo
1252 722 1393 756 :Domine,
1418 722 1480 749 doce
1501 730 1547 749 nos
1569 730 1653 755 orare,
1674 721 1700 749 id
1722 727 1775 755 est,

986 776 1118 803 compone
1141 768 1218 796 nobis
1240 776 1342 803 preces.
1372 769 1468 796 Statim
1496 768 1634 800 Dominus,
1655 768 1688 795 de
1708 768 1777 796 libro

983 813 1051 847 juris
1065 813 1195 845 coelestis,
1208 813 1298 841 docuit
1312 814 1447 848 quomodo
1459 818 1566 841 orarent
1590 813 1631 842 vel
1643 813 1777 848 quomodo

983 859 1066 886 Deum
1083 859 1268 893 impetrarent.
1292 859 1330 886 Ex
1345 859 1396 887 hoc
1408 860 1534 894 perducta
1546 860 1712 887 consuetudo
1728 860 1777 887 Ec-

949 906 971 935 B
985 905 1073 932 clesiae
1087 905 1172 933 Deum
1189 905 1314 939 precibus
1329 912 1475 940 exposcere
1491 909 1583 932 contra
1604 905 1777 940 aegritudines

985 951 1091 982 animm,
1108 955 1134 978 et
1149 951 1186 977 uti
1205 951 1330 986 precibus
1346 951 1379 978 ad
1395 951 1478 978 instar
1491 958 1582 978 earum
1595 957 1661 985 quas
1678 950 1776 978 consti·
1821 968 1832 987 4

985 996 1036 1023 tuit
1056 995 1191 1029 Christus,
1214 1003 1333 1030 quasque
1351 996 1429 1030 primi
1451 995 1535 1023 Graeci
1556 999 1778 1031 coeperuntcom·

986 1048 1098 1076 ponere,
1115 1041 1212 1076 quibus
1224 1041 1338 1068 Domino
1351 1041 1540 1075 supplicarent.

1290 1099 1403 1126 CAPUT
1423 1099 1468 1126 lx.

1263 1133 1304 1161 De
1322 1135 1501 1169 responsoriis.

1023 1181 1049 1208 1.
1070 1181 1250 1214 Responsoria
1265 1181 1297 1208 ab
1313 1181 1383 1208 ltalis
1399 1182 1477 1216 longo
1489 1186 1550 1209 ante
1573 1185 1694 1215 tempore
1714 1185 1779 1208 sunt

986 1231 1107 1261 reperta,
1133 1231 1160 1253 et
1186 1231 1278 1254 vocata
1294 1228 1344 1254 hoc
1357 1227 1465 1254 nomine
1479 1226 1561 1261 quod,
1582 1234 1634 1254 uno
1655 1232 1778 1259 canente,

986 1272 1085 1299 chorus
1099 1273 1274 1300 consonando
1287 1273 1457 1307 respondeat.
1483 1273 1562 1308 371
1586 1274 1669 1299 Antea
1689 1278 1778 1300 autem

985 1318 1012 1345 id
1025 1319 1099 1345 solus
1118 1319 1230 1353 quisque
1241 1319 1351 1354 agebat;
1367 1327 1437 1346 nunc
1453 1319 1586 1346 interdum
1601 1327 1680 1352 nnus,
1695 1318 1778 1346 inter-

985 1363 1047 1391 dum
1063 1364 1127 1397 duo,
1140 1364 1182 1391 vel
1199 1369 1253 1392 tres
1266 1365 1445 1392 communiter
1459 1368 1570 1399 canunt,
1583 1364 1667 1392 choro
1680 1365 1707 1392 in
1720 1364 1777 1399 plu-

984 1410 1060 1437 rimis
1074 1410 1265 1444 respondente.

1295 1467 1408 1495 CAPUT
1427 1467 1460 1494 Χ.

1268 1501 1307 1529 De
1325 1502 1485 1529 lectionibus.

1020 1549 1046 1575 1.
1066 1548 1205 1575 Lectiones
1240 1549 1415 1582 pronuntiare
1447 1548 1564 1582 antiquae
1600 1548 1777 1576 institutionis
1822 1564 1832 1578 t.

983 1601 1045 1621 esse
1059 1592 1212 1621 Judaeorum
1226 1593 1334 1620 traditio
1349 1593 1438 1620 docet.
1455 1594 1521 1620 Nam
1535 1598 1562 1621 et
1577 1593 1629 1627 ipsi
1649 1593 1778 1628 legitimis
1812 1589 1825 1605 '

1020 1662 1090 1688 Ibid.
1113 1662 1259 1688 Constituit.
1276 1662 1329 1693 Al„
1345 1662 1466 1689 instituit.
1481 1662 1576 1689 Garsi..
1811 1677 1816 1685 .

1018 1696 1083 1724 CAP.
1106 1704 1162 1724 vin.
1183 1697 1214 1723 N.
1237 1696 1262 1723 1.
1284 1696 1321 1723 De
1335 1696 1399 1723 liin-0
1409 1698 1478 1732 juris
1489 1697 1605 1724 coetenis.
1629 1697 1777 1724 Laboravi-
1810 1706 1832 1739 g·

984 1740 1043 1759 mus
1057 1737 1083 1758 ut
1095 1732 1173 1759 verba
1190 1731 1291 1758 auctori
1307 1739 1356 1758 suo
1371 1732 1554 1759 redderemus.
1567 1732 1633 1759 Nam
1648 1733 1712 1766 quin
1728 1733 1777 1759 lsi·
1814 1745 1823 1757 .

984 1767 1050 1794 doro
1063 1767 1214 1800 antiquiora
1229 1766 1282 1792 sint
1297 1775 1350 1793 non
1373 1767 1536 1794 dubitamus.
1557 1767 1714 1794 Tertulliani
1728 1771 1778 1794 aut

983 1802 1108 1837 Cypriani
1120 1802 1175 1829 visa
1191 1805 1254 1828 sunt
1265 1801 1417 1836 aliquando.
1431 1802 1506 1828 Nunc
1520 1803 1604 1838 magis
1617 1802 1779 1829 adducimur·
1822 1817 1827 1820 ·

983 1843 1012 1864 ut
1028 1837 1166 1872 Augustini
1180 1844 1240 1864 esse
1254 1837 1406 1864 credamus.
1432 1837 1456 1862 ls
1474 1837 1556 1870 enim,
1570 1837 1648 1869 epist.
1663 1837 1726 1869 118,
1742 1837 1778 1864 ad

983 1872 1152 1903 lanuarium,
1173 1878 1231 1906 cap.
1254 1872 1281 1898 4.
1304 1871 1366 1898 Non
1389 1871 1454 1899 enim
1468 1871 1540 1903 mihi,
1556 1871 1652 1906 inquit,
1667 1872 1698 1898 de
1713 1872 1779 1899 libro

985 1907 1033 1934 Dei
1048 1908 1101 1933 hoec
1116 1907 1267 1933 recitaturus
1291 1912 1338 1934 est.
1362 1906 1427 1934 Nam
1450 1908 1599 1940 proximum
1616 1906 1733 1939 videtur,
1748 1911 1779 1934 ut

984 1942 1107 2004 ghristus
1129 1941 1258 1969 Dominus
1285 1942 1319 1969 de
1343 1942 1410 1976 juris
1432 1942 1550 1969 coelestis
1576 1943 1644 1970 libro
1670 1942 1777 1969 recitet.

1009 1985 1080 2004 ntia.

1022 2011 1090 2039 Ibid.
1111 2010 1194 2038 Deum
1212 2012 1384 2046 impetrarem.
1410 2012 1448 2039 lta
1461 2016 1534 2040 certe
1552 2012 1627 2039 multi
1644 2011 1720 2045 Mss„
1734 2011 1778 2039 ve}

986 2047 1126 2074 Dominum
1136 2048 1310 2081 impetrarent.
1333 2047 1510 2075 Nihilominus
1524 2047 1671 2081 flittorpins
1685 2046 1780 2074 maluit

985 2083 1066 2109 edere
1080 2082 1214 2108 aDomt'no
1228 2083 1403 2116 impetrarent.
1420 2082 1539 2116 Suarius=
1555 2087 1621 2109 tom.
1633 2081 1702 2114 xlii,
1716 2089 1779 2116 pag.

986 2117 1049 2149 119,
1071 2122 1148 2144 tract.
1171 2118 1197 2149 5,
1211 2117 1257 2143 lib.
1274 2124 1313 2147 in.
1336 2117 1369 2144 de
1381 2117 1508 2144 Oratione
1520 2117 1616 2148 vocali.
1632 2124 1691 2150 cap.
1707 2117 1733 2148 l,
1748 2124 1778 2144 n.
1814 2123 1832 2134 ·⁴

987 2152 1013 2185 6,
1027 2160 1059 2179 ex
1076 2152 1127 2179 hoc
1137 2152 1229 2179 lsidori
1244 2153 1333 2186 capite
1346 2152 1464 2179 ostendit
1480 2152 1582 2179 licitum
1596 2158 1656 2179 esse
1669 2158 1701 2178 ac
1713 2158 1778 2178 eon-

986 2187 1097 2214 veniens
1119 2195 1172 2214 non
1188 2188 1274 2214 solum
1290 2187 1379 2215 verbis
1402 2187 1544 2214 dominicae
1563 2186 1703 2218 orationis,
1730 2186 1779 2212 sed

1805 1840 1822 2080 'vv—tvo·
1814 1792 1817 1801 a

1803 2141 1832 2161 ἶι

1808 2164 1832 2187 ⁴:

1813 2214 1832 2225 ἰ

987 2257 1070 2283 Deum
1092 2264 1182 2284 orare.
1206 2257 1278 2284 ldem
1302 2256 1382 2284 tradit
1396 2256 1576 2284 Tertullianus
1590 2256 1624 2283 de
1644 2254 1778 2288 oratione,

988 2298 1017 2319 ca
1041 2311 1047 2319 .
1063 2293 1090 2319 9.
1103 2293 1187 2319 Anev.
1772 2303 1778 2308 -

1021 2299 1088 2354 ¹Can.
1108 2334 1145 2354 ix.
1165 2325 1197 2353 N.
1219 2326 1245 2352 1.
1261 2325 1433 2360 Responsoria
1443 2325 1475 2351 ab
1485 2324 1571 2352 nata.
1582 2325 1665 2356 idem.
1676 2331 1702 2351 vt
1714 2325 1780 2360 Ety-

989 2362 1100 2395 inotog..
1113 2361 1164 2388 nisi
1175 2360 1247 2396 quod
1261 2361 1316 2387 illic
1331 2359 1514 2395 Respomorios
1525 2359 1602 2394 dicit,
1613 2359 1680 2387 utin
1691 2360 1779 2395 regul.

989 2397 1128 2427 monach..
1144 2404 1169 2424 c.
1185 2395 1219 2423 de
1231 2395 1308 2422 Offic.
1322 2394 1418 2422 Gaiii..

1025 2429 1094 2458 Ibid.
1115 2430 1214 2457 ceiam
1237 2432 1411 2457 consonando.
1439 2430 1541 2466 Nempe
1566 2429 1637 2458 idem
1669 2437 1781 2465 respon-

989 2465 1087 2492 dendo.
1109 2465 1155 2492 Sic
1175 2465 1247 2493 enim
1269 2465 1295 2492 in
1321 2465 1506 2500 Etymolossiis,
1520 2465 1588 2500 qaod
1601 2473 1655 2493 uno
1675 2469 1781 2493 canem

989 2500 1082 2527 chorus
1095 2500 1123 2526 id
1133 2499 1295 2535 respondeat.
1312 2500 1407 2528 Gaui..

1026 2534 1096 2562 thid.
1115 2535 1288 2570 Binghamus,
1303 2538 1368 2563 tom.
1379 2535 1413 2562 vl
1424 2535 1517 2571 Antiq.
1532 2536 1644 2570 eccles„
1658 2543 1686 2570 p.
1702 2535 1732 2568 6.
1745 2534 1782 2565 d·

991 2570 1101 2605 psalmis
1115 2570 1158 2597 hic
1172 2570 1214 2605 agi
1229 2575 1312 2604 putat,
1327 2569 1374 2605 qui
1390 2570 1426 2597 ita
1441 2570 1475 2598 ab
1490 2578 1544 2598 uno
1561 2574 1734 2602 canerentur.

991 2605 1090 2633 chorus
1099 2605 1271 2633 consonando
1286 2605 1471 2640 responderet.
1486 2605 1555 2634 Vide
1566 2605 1720 2633 Ferrarium
1770 2610 1774 2614 ’

990 2640 1129 2672 ὴΙίοιὴοο..
1147 2640 1222 2668 verb.
1249 2639 1354 2672 Cantor.
1381 2647 1456 2668 num.
1473 2640 1500 2673 6.
1521 2640 1567 2676 qui
1588 2641 1702 2675 ritum„

990 2676 1112 2703 meminit
1125 2675 1253 2708 isidorus,
1268 2675 1372 2709 Rome,
1394 2675 1485 2704 seculo
1496 2683 1534 2709 rx,
1550 2674 1702 2708 Mediolani,

991 2711 1053 2738 culo
1067 2717 1114 2744 ιιι,
1125 2710 1243 2746 viguisse
1256 2710 1383 2739 ostendit.
1395 2712 1482 2739 mv.

1026 2744 1090 2773 Cn.
1110 2753 1139 2774 x.
1155 2747 1188 2774 Ν.
1203 2746 1231 2774 1.
1255 2745 1320 2774 Cam
1343 2745 1418 2774 Ιοαόο
1445 2745 1540 2782 tegitur
1575 2745 1644 2779 lacto
1681 2745 1687 2751 '

991 2781 1128 2816 ambros„
1141 2781 1169 2809 in
1185 2779 1260 2816 νηΐ.
1275 2781 1359 2809 Psnlt.
1373 2789 1381 2807 ι
1397 2779 1529 2814 nautam
1688 2779 1695 2786 ‘

991 2816 1091 2878 gusia,
1117 2816 1214 2852 utfiat
1238 2815 1633 2851 omunstat-teutona-

1015 2858 1086 2880 ruu..
1616 2867 1626 2871 a

1591 2905 1595 2907 .
1636 2892 1648 2907 ‚i

1465 2941 1515 2951 ..ne
1534 2948 1539 2951 .
