1832 3016
189 155 240 185 {59

702 150 730 178 S.
750 147 872 176 tStnottt
893 147 1112 175 tttSi‘ALENStS
1133 145 1286 174 Evtscot‘t

1761 145 1832 193 ιρι

191 215 238 242 bus
253 216 364 249 quatuor
378 213 448 243 sunt,
464 209 509 244 qui
526 208 627 244 majora
643 207 777 235 volumina
790 206 975 240 condiderunt,
990 208 1015 237 Α
1068 205 1147 242 194
1176 206 1218 234 15.
1243 206 1326 233 Actus
1344 205 1424 233 etiarn
1443 204 1644 240 apostolorum,
1663 208 1692 233 et
1712 203 1832 241 Apum--

190 259 217 287 id
228 263 279 290 est,
295 258 382 287 haias,
396 254 536 286 Ieremias,
552 253 676 281 Ezechiel
690 257 717 280 ct
729 252 834 280 Daniel.

226 301 268 328 10.
282 298 384 333 Reliqui
395 305 459 325 vero
467 297 608 324 duodecim
622 298 716 324 breves
727 301 800 330 sunt,
813 300 840 323 et
851 296 977 331 contigui,

189 351 217 375 et
228 346 263 374 ob
284 346 333 372 boc
349 352 401 372 uno
420 344 554 370 volumine
571 344 716 375 coarctati,
732 350 845 377 quorum
871 342 979 370 nomina
1006 347 1008 349 ’

188 392 245 419 haec
260 390 422 422 sunt:0see,
435 389 503 420 toet,
517 390 608 420 Amos,
618 387 728 420 Abdias,
738 387 830 421 Jonas,
844 387 977 419 Michaeas,

188 436 306 467 Nahum,
325 435 464 465 flabacuc.
497 433 664 468 Sophonias,
681 432 810 467 Aggoeus,
834 431 978 459 Zacharias

187 487 215 511 ct
235 481 385 509 Malachias.
407 478 522 512 Quidam
542 483 630 505 autem
648 478 771 505 Jeremiae
797 478 923 505 Lamenta
936 484 978 505 se·
1003 483 1006 486 ’

190 532 340 563 greganteS,
355 527 388 553 de
401 525 535 552 volumine
545 524 603 560 ejus
612 528 795 556 resecuerunt,
808 524 899 558 sicque
912 531 979 557 qua·

188 573 307 607 draginta
330 571 445 606 quinque
472 570 554 597 libros
579 569 681 598 Veteris
704 569 870 598 Testamenti
894 569 979 596 susci-

188 617 272 653 piunt.

223 663 266 690 tt.
279 662 346 690 ilinc
360 662 477 690 occurrit
492 662 692 689 Testamentum
705 661 818 695 Novum,
835 661 911 696 cujus
924 661 980 695 pri·

187 716 259 736 munt
274 708 477 744 Evangeliorum
494 707 553 735 libri
568 712 630 735 sunt
644 711 768 742 quatuor,
780 707 894 739 scilicet,
911 707 979 733 Mat-

187 755 281 787 threus,
300 755 414 788 Marcus,
432 754 517 781 Lucas
532 758 559 781 et
573 754 702 782 Joannes.
715 754 869 789 Sequuntur
880 752 979 780 deinde

188 800 312 835 Epistolae
324 800 398 827 Pauli
414 799 527 834 apostoli
541 800 755 834 quatuordecim,
770 800 795 826 id
811 804 862 832 est,
876 799 908 825 ad
924 798 978 825 lto—

187 853 288 877 manos.
305 846 337 872 ad
349 846 502 873 Corinthios
515 846 574 872 duae
583 866 591 878 ‚
603 845 635 872 ad
648 845 756 873 Galatas
766 866 773 877 ‚
788 845 822 872 ad
835 844 975 880 Ephesios,

1030 251 1111 287 lypsis
1126 251 1245 278 loannis.
1263 250 1343 278 Fiunt
1356 257 1419 284 ergo
1434 250 1461 277 in
1476 249 1572 278 ordine
1594 249 1732 286 utriusque
1749 250 1832 281 Ten-⁶

1030 297 1138 324 tamenti
1155 296 1215 324 libri
1228 295 1394 331 septuaginta
1405 300 1432 323 et
1441 296 1504 323 duo.

1066 342 1109 370 11.
1131 343 1193 370 ttaec
1210 347 1271 370 sunt
1289 339 1360 370 enirn
1384 349 1452 370 nova
1472 348 1500 369 et
1513 345 1623 375 vetera,
1638 349 1697 377 quat
1712 341 1745 370 de
1758 341 1830 371 tlte»-

1030 397 1109 417 sauro
1124 389 1228 418 Domini
1250 389 1436 424 proteruntur.
1462 395 1478 416 e
1507 383 1607 423 quibus
1619 393 1714 416 cuncta
1728 395 1832 416 saera-t

1030 440 1179 463 mentorum
1206 436 1333 471 mysteria
1348 435 1509 463 revelantur.
1534 435 1566 462 lli
1591 439 1653 462 sunt
1674 435 1725 463 duo
1738 435 1827 464 Sere·-

1030 482 1120 517 phim,
1144 483 1188 517 qui
1210 483 1236 510 in
1252 481 1423 510 contessione
1444 485 1545 509 sanetae
1559 481 1700 509 Trinitatis
1720 477 1832 517 jugitoei.

1030 528 1200 555 decantantes
1209 530 1268 567 τρὶς
1283 528 1354 565 ἅγιος
1369 528 1496 563 hymnum
1511 533 1663 563 erumpunt.
1829 528 1832 529 ⁷

1066 572 1109 600 15.
1130 581 1152 599 μ
1172 573 1234 601 lioec
1246 571 1339 609 [Forte
1365 571 1418 608 hae]
1437 574 1517 600 etiam
1540 574 1600 600 dua‘.
1620 573 1697 601 otivze
1718 573 1744 601 in
1768 574 1828 602 zan

1029 619 1135 652 charia,
1153 626 1212 653 qua:
1226 627 1241 645 a
1257 618 1374 651 dextris,
1390 623 1418 646 et
1432 619 1548 647 sinistris
1562 619 1692 654 lampadis
1710 623 1827 654 astant„

1030 670 1109 700 atque
1129 664 1289 699 pinguedine
1307 668 1334 692 et
1347 664 1492 699 splendore
1505 664 1620 699 Spiritus
1634 666 1718 693 sancti
1733 670 1832 699 totumt

1030 712 1123 739 orbem
1134 711 1265 738 doctrinae
1277 711 1400 738 claritate
1415 710 1575 738 illuminant.
1792 714 1794 718 ’

1067 757 1109 785 16.
1132 757 1176 784 tta:
1191 757 1286 784 litterae
1301 763 1396 789 sacrae,
1411 756 1436 783 lii
1465 756 1526 784 libri
1554 756 1650 791 integri
1671 757 1832 788 numeroetfl

1030 804 1206 832 auctoritate:
1227 803 1298 830 aliud
1314 810 1375 830 cum
1390 802 1447 830 istis
1465 802 1531 830 nihil
1547 807 1587 830 est
1598 802 1832 838 comparandum-4

1031 850 1164 885 Quidquid
1181 854 1254 877 extra
1270 850 1318 876 hos
1333 848 1422 881 inerit,
1435 848 1505 876 inter
1520 848 1577 876 haec
1592 852 1682 876 sancta
1693 853 1719 876 et
1729 848 1832 882 divinat

186 892 220 918 ad
236 892 438 927 Philippenses,
461 891 494 918 ad
511 891 765 919 Thessalonicenses
779 891 854 924 duae,
876 890 910 919 ad
925 891 976 918 Co·
992 898 1016 928 B
1030 896 1180 924 nullatenus
1195 900 1235 922 ost
1247 894 1440 930 recipiendum.

186 937 330 972 lossenses,
355 940 388 967 ad
414 940 584 968 Timotheum
603 941 674 974 duae,
692 941 724 967 ad
740 941 828 967 Titum
852 947 925 970 vero.
951 943 978 967 et

187 983 220 1010 ad
236 984 430 1019 Philemonem,
447 991 474 1013 ct
487 986 520 1013 ad
535 986 662 1013 Hebraeos
677 986 799 1020 singulae.

221 1031 265 1060 12.
284 1031 409 1066 Epistotae
425 1040 529 1068 quoque
543 1033 655 1061 loannis
677 1033 792 1068 apostoli
809 1038 862 1061 tres
875 1054 883 1066 ,
906 1032 977 1062 Petri

184 1075 255 1110 duaa,
269 1076 355 1112 Judae,
371 1083 398 1106 et
410 1078 504 1107 Jacobi
515 1079 637 1115 singulae.

663 1141 843 1184 INCIPI
853 1142 970 1184 UNT
1008 1140 1330 1183 PROOEMIA·

505 1220 544 1249 De
555 1221 658 1251 Genesi.

221 1263 266 1292 18.
286 1264 409 1300 Genesis,
423 1267 497 1302 juxta
514 1267 592 1296 tidem
607 1269 734 1302 historiae,
752 1269 879 1297 describit
893 1269 975 1297 [abri-

185 1316 245 1337 cam
266 1311 372 1344 mundi,
388 1316 415 1340 et
437 1312 552 1341 hominis
565 1315 755 1347 conditionem,
773 1316 975 1351 cataclysmum,

183 1361 211 1384 et
224 1357 381 1385 divisionem
395 1363 483 1392 terrae,
498 1360 682 1387 confusionem
696 1369 799 1396 quoqne
810 1361 972 1395 linguarum,

183 1407 309 1438 gestaque
326 1404 444 1431 omniurn
458 1405 680 1441 patriarcharum,
693 1413 775 1443 usque
786 1407 819 1434 ad
831 1406 973 1442 ingressio-

183 1457 244 1478 nem
257 1450 336 1478 lsrael
350 1451 377 1479 in
391 1450 546 1487 AEgyptum.

505 1500 541 1526 De
559 1500 654 1527 Exodi.

220 1543 263 1571 19.
285 1543 393 1572 Exodus
412 1544 530 1572 continet
551 1545 723 1573 ttebraeorum
746 1545 899 1572 servitutem
912 1564 919 1577 ,
942 1551 973 1572 ac

182 1587 274 1617 decern
291 1590 380 1624 plagas
394 1590 471 1625 195
483 1590 602 1625 AEgypti,
619 1597 754 1625 egressum
767 1589 868 1624 populi,
883 1594 910 1617 et
923 1597 972 1616 nu-

1066 943 1109 970 ¹7.
1131 942 1264 976 Disposito
1288 941 1368 975 igitur
1390 940 1493 968 Veteris
1512 947 1544 968 ac
1567 940 1633 968 Novi
1656 940 1832 975 Testamenta

1029 990 1122 1018 ordine
1139 988 1266 1017 librorum
1279 993 1306 1016 et
1320 995 1442 1021 numero,
1458 995 1527 1015 nunc
1538 988 1637 1016 cursim
1649 988 1829 1025 breviterqnn

1030 1037 1057 1064 in
1072 1043 1119 1064 eos
1134 1042 1214 1071 parva
1229 1034 1359 1070 prooentia
1374 1035 1555 1063 narrationum
1567 1034 1753 1070 subjiciamus.
1828 1026 1832 1029 ’

1788 1183 1802 1194 ,ι

1031 1230 1143 1257 rumque
1157 1222 1308 1256 diversitas,
1326 1221 1483 1250 indumenta
1499 1223 1652 1257 pontificum
1662 1246 1669 1259 ,
1683 1228 1712 1253 et
1724 1224 1825 1254 levita-

1030 1275 1088 1296 rutn
1110 1267 1255 1295 ministeria
1280 1267 1469 1295 describuntur
1489 1277 1495 1295 z
1517 1267 1635 1296 ciborum
1659 1270 1739 1298 etiam
1762 1270 1825 1298 dis-

1029 1314 1112 1341 cretio
1129 1334 1137 1347 ,
1168 1317 1194 1340 et
1225 1313 1337 1341 diversae
1361 1318 1531 1348 peccatorum
1557 1315 1748 1351 purgationes,
1773 1315 1824 1345 vell

1029 1359 1122 1387 hostia.-
1137 1358 1302 1386 ordinantur.

1330 1405 1368 1432 De
1381 1405 1510 1433 Numeris.

1061 1450 1107 1479 21.
1122 1450 1150 1478 ln
1165 1450 1290 1478 Numeris
1310 1458 1374 1478 vcro
1398 1459 1516 1486 egressae
1539 1451 1573 1479 de
1594 1452 1710 1487 AEgypto
1731 1453 1824 1483 tribu·

1027 1502 1232 1530 enumerantur,
1253 1497 1486 1532 protectionesque
1509 1506 1618 1531 eorum,
1638 1498 1822 1533 perfectorum

1023 1548 1102 1571 :etate
1116 1543 1250 1577 virorum,
1263 1543 1307 1578 qui
1327 1543 1426 1578 egressi
1443 1548 1504 1570 sunt
1524 1544 1558 1571 de
1571 1543 1687 1579 AEgypto
1699 1564 1708 1578 ,
1732 1553 1808 1573 cotu-

1025 1590 1126 1624 putatio
1143 1593 1247 1616 tenetur
1262 1589 1373 1621 inserta,
1394 1588 1535 1623 i'ropltetia
1551 1589 1672 1623 Balaam,
1690 1590 1809 1625 quadra-

182 1634 240 1662 bern
267 1640 465 1670 protegentem,
491 1637 631 1663 transitum
658 1636 747 1674 etiam
769 1636 850 1664 ltubri
879 1635 1008 1668 niaris,c
1025 1635 1095 1670 ginta
1132 1643 1237 1670 quoqne
1264 1635 1375 1662 duarum
1411 1642 1459 1670 per
1490 1642 1608 1664 eremum
1641 1636 1806 1664 mansionem

181 1687 350 1714 mersumque
361 1687 422 1707 cum
437 1680 560 1707 curribus
575 1680 743 1708 Pharaonem
753 1700 760 1712 ,
775 1685 802 1707 et
817 1680 907 1715 gloriae
922 1680 970 1707 de-

180 1725 369 1760 cantationem,
395 1726 543 1761 ingressum
560 1733 665 1762 quoque
679 1727 774 1760 eremi,
786 1727 874 1754 cibum
891 1734 971 1755 matt-

181 1777 232 1802 nae,
253 1776 275 1795 t*
295 1779 348 1806 quo
361 1771 418 1798 aliti
431 1776 502 1804 sunt,
519 1773 715 1806 percussionem
730 1780 836 1807 quoque
856 1774 938 1807 rupis,
954 1778 971 1803 τ

180 1821 207 1843 et
231 1817 327 1844 fluenta
354 1818 379 1845 in
404 1818 573 1845 dulcedinem
597 1825 685 1853 versa,
711 1825 824 1852 pugnam
850 1819 968 1852 Amalec,

181 1862 302 1889 mandata
314 1862 394 1889 etiam
409 1862 540 1897 Deealogi,
559 1866 585 1890 et
599 1870 688 1890 arcam
703 1862 878 1897 Testamenti,
895 1863 970 1891 dedi-

181 1907 364 1943 catioine=11.;ue
381 1909 541 1937 tabernaculi
556 1914 582 1936 et
597 1909 772 1937 oblationem.

486 1954 525 1982 De
540 1955 661 1982 Levitico.

214 2000 258 2028 20.
275 2001 303 2029 ln
325 2001 443 2030 Levitico
460 2006 548 2030 autem
570 2002 614 2031 lex
629 2002 823 2030 sacrificiorum
834 2022 843 2037 ,
866 2002 968 2030 nosna-

180 2081 238 2101 rum
252 2074 393 2101 sententia.
409 2073 494 2101 nabot
511 2074 584 2101 lsaac
604 2074 718 2101 Harama
731 2094 739 2106 ,
761 2073 919 2108 prtel‘atione
941 2073 968 2101 in

181 2108 304 2140 Cantica,
319 2114 345 2135 et
360 2109 442 2136 llahbi
458 2109 562 2150 Moyses
576 2109 676 2142 Kimhi,
699 2109 745 2136 lib.
761 2109 794 2135 de
808 2108 969 2135 Auctoribus

181 2150 316 2170 sacrorum
333 2143 459 2170 [brorum
486 2152 557 2170 viros
580 2143 793 2179 congregationis
819 2150 920 2178 magna:
936 2142 969 2169 ti-

183 2178 259 2204 brum
279 2178 413 2210 Ezechiel,
428 2178 567 2205 duodecim
583 2180 783 2212 prophetarum,
800 2178 927 2212 Danielis,
943 2182 968 2205 et

182 2211 278 2240 E-ther
291 2213 429 2245 scripsisse
443 2214 525 2239 aiunt.
543 2214 600 2246 Quo
615 2214 698 2247 magis
711 2214 793 2239 miror
807 2221 840 2239 ex
855 2213 904 2240 hoe
919 2220 968 2239 nu-
981 2226 1008 2257 D

182 2254 256 2274 tnero
272 2246 405 2273 Danielem
429 2248 513 2274 solunt
539 2248 563 2274 in
578 2256 607 2275 er
620 2247 790 2279 Chethubitn,
806 2248 830 2273 id
846 2253 896 2280 cst,
922 2248 968 2275 ha·

201 2281 326 2316 iographa
343 2282 377 2308 ab
392 2282 509 2309 lleliraeis
524 2282 594 2316 poni.
612 2283 799 2317 Hieronymus,
814 2283 925 2317 prologo
942 2282 968 2310 itt

183 2290 328 2345 Banietem.
344 2321 370 2344 et
386 2318 538 2350 praelatione
550 2322 695 2344 comment.
709 2317 741 2343 ad
763 2317 885 2343 eumdem
908 2324 969 2349 pro-

182 2352 483 2388 pltetatn,l'0rpltyrium
491 2353 527 2378 ait
537 2355 705 2378 occasionem
715 2351 858 2385 arripuisse
868 2351 970 2378 calum-

182 2386 271 2414 niandi
292 2387 445 2421 religionem
461 2392 589 2418 nostram,
612 2387 682 2421 quod
708 2390 828 2420 negaret,
852 2385 969 2413 Danielis

182 2421 347 2456 prophetiam
360 2429 375 2448 a
388 2423 513 2456 propbeta
528 2422 586 2456 ipso
596 2423 693 2449 editam
709 2421 800 2452 fnisse,
816 2420 862 2446 sed
877 2427 892 2446 a
903 2427 968 2455 quo-

182 2457 254 2490 dam,
268 2458 310 2492 qui
326 2457 351 2484 in
365 2457 455 2484 Jutlaea
466 2457 531 2484 vixit
542 2461 661 2491 tempore
675 2456 797 2484 Antiochi
815 2455 968 2490 Epiphanis,

183 2491 313 2519 animaret
331 2493 467 2525 scriptam.
486 2492 556 2519 bita.

220 2527 263 2554 1ο.
278 2527 320 2554 ΑΙ.
335 2526 554 2560 Lamentationes,
570 2534 618 2562 pro
630 2526 752 2554 Lamenta
763 2534 772 2559 ,·
785 2530 813 2553 et
825 2530 968 2558 secernunt,

182 2568 230 2596 pro
242 2566 412 2588 resecuerunt.
425 2562 494 2589 itin.

219 2595 262 2624 14.
275 2596 367 2623 Manli.
384 2604 442 2630 xtn,
455 2597 501 2629 52,
518 2597 577 2624 lsai.
587 2604 624 2631 vt,
639 2596 666 2623 3.
683 2596 831 2631 Tristiaqioa
845 2595 970 2631 hymnum

184 2635 330 2664 erumpunt.
345 2631 390 2659 Sic
404 2632 466 2664 legit
481 2632 644 2665 llispalensis
657 2632 682 2659 in
694 2631 868 2659 membranis.
879 2630 968 2664 Septi-

184 2667 334 2693 mancensis
345 2675 353 2694 z
364 2666 414 2694 Ter
424 2667 513 2702 hogio:
524 2669 645 2702 hymnum
660 2671 806 2699 rrrtrrtpunt.
823 2666 880 2693 Duo
891 2665 970 2693 chat·-

184 2701 250 2728 taeei
265 2701 443 2733 hispalenses.
457 2701 717 2729 er'rarraconenats:
731 2701 840 2735 Hostias,
857 2699 968 2734 llaqios,

185 2734 284 2770 Hagio-
298 2735 407 2763 dicentes
423 2736 545 2771 hymnum
557 2741 701 2770 erumpunt.
719 2737 819 2763 Allutlit
830 2740 918 2762 autern
933 2735 967 2761 ad

184 2768 229 2796 illa
241 2771 328 2799 verba.
345 2771 406 2799 lsai.
421 2779 456 2805 vt,
472 2771 499 2802 5.
511 2772 555 2799 nbi
569 2772 603 2799 de
615 2772 718 2799 ttriobus
733 2770 888 2806 Seraphinis
906 2769 944 2797 ait.
958 2777 966 2797 ε

184 2803 332 2832 Clamo-nt
352 2806 416 2833 alter
429 2806 463 2833 nd
475 2807 595 2839 alterum,
619 2811 643 2834 et
667 2806 783 2834 dicebant
810 2812 820 2833 .-
845 2804 966 2838 Sanctus,

185 2836 439 2873 sanetustmm,
461 2840 584 2869 nonninus
607 2842 675 2870 veae
696 2841 862 2870 exercituum.
884 2838 967 2867 Porm

185 2871 306 2906 humanm
315 2879 450 2920 erumpunt
458 2875 526 2909 dixit
534 2883 583 2913 pro
591 2877 619 2904 in
629 2876 752 2913 hymnum
762 2877 965 2912 matitunum

1023 1686 1192 1709 sacramenta
1213 1681 1363 1716 signantur.

1285 1725 1324 1753 De
1339 1725 1546 1754 Deuteronomio.

1057 1773 1103 1802 22.
1118 1773 1146 1800 ln
1164 1772 1368 1800 Deuteronomio
1379 1777 1481 1806 autem,
1495 1780 1554 1808 quae
1567 1777 1610 1801 est
1624 1774 1740 1802 secunda
1754 1774 1816 1809 lex..

1023 1822 1163 1845 narrantur
1176 1825 1206 1845 ea
1220 1825 1279 1851 qua·¹
1290 1817 1359 1845 inter
1375 1816 1490 1850 Pharan,
1501 1821 1529 1844 et
1543 1817 1657 1852 Tophel,
1668 1822 1696 1846 et
1707 1818 1814 1852 Labant..
1829 1835 1832 1838 ⁴

1021 1869 1048 1892 et
1063 1864 1208 1897 Naseroth,
1235 1872 1320 1900 usqne
1335 1865 1368 1891 ad
1383 1863 1468 1892 Cades
1485 1864 1571 1892 Barne
1590 1864 1695 1893 suerunt
1712 1865 1832 1900 populo-,⁴

1021 1909 1090 1937 dicta
1102 1917 1116 1937 a
1132 1910 1222 1945 Moyse
1237 1918 1244 1936 ε
1261 1909 1385 1937 mandata
1398 1929 1406 1942 ,
1422 1909 1556 1944 videlicet,
1568 1914 1647 1944 atque
1661 1911 1817 1945 promissa..
1830 1907 1832 1947 ξ

1021 1956 1225 1984 maledictiones
1241 1961 1422 1992 peccatorum,
1444 1961 1471 1984 et
1491 1955 1683 1991 promissiones
1696 1956 1816 1984 henim--
1830 1950 1832 1954 ⁴

1021 2002 1102 2030 dinis.
1119 2002 1156 2030 lbi
1169 2002 1241 2030 canit
1261 2002 1393 2030 canticum
1408 2001 1523 2038 Moyses.
1537 2001 1575 2030 lbi
1589 2001 1816 2031 dathenedieuw·

1022 2073 1164 2101 locutionis
1178 2073 1263 2100 forma
1280 2072 1404 2107 Virgilius
1418 2076 1461 2100 est
1473 2079 1549 2106 usus,
1564 2078 1635 2106 cun,
1648 2079 1675 2100 ur
1685 2071 1827 2107 Aineia„

1021 2110 1059 2136 ait
1073 2116 1080 2136 :
1228 2116 1231 2122 ¹

1021 2175 1043 2202 Μ
1084 2143 1257 2176 interdumque
1270 2145 1345 2168 atram
1362 2143 1495 2174 prorumpit
1506 2142 1536 2167 ad
1545 2142 1637 2167 aethera
1649 2142 1747 2167 nubem.

1047 2183 1089 2202 aa.

1058 2210 1101 2237 15.
1125 2210 1187 2237 Haec
1200 2210 1276 2236 etiam
1291 2209 1349 2236 dnoe
1370 2208 1451 2236 otivoe.
1468 2208 1531 2235 llaec
1552 2207 1683 2235 olivarnm
1699 2213 1816 2241 compa--

1020 2245 1089 2272 ratio
1104 2246 1129 2272 in
1146 2252 1198 2272 uno
1213 2250 1314 2271 tantum
1337 2243 1513 2271 Laurentiano
1532 2243 1630 2270 Codice
1643 2247 1719 2276 erat,
1740 2243 1817 2271 etim

1021 2280 1105 2306 altero
1121 2280 1268 2314 llispalensi
1288 2279 1320 2305 ad
1337 2278 1491 2313 marginem.
1509 2285 1595 2312 neque
1615 2278 1753 2313 utriusque
1768 2279 1815 2306 le·-

1021 2314 1075 2341 etio
1089 2314 1280 2342 consentiebat.
1296 2313 1348 2340 Nos
1360 2313 1447 2339 locum
1462 2319 1618 2346 expungere
1627 2313 1738 2340 omnino
1747 2315 1815 2345 ausit

1022 2357 1074 2376 non
1090 2357 1181 2376 sumus
1194 2371 1201 2382 ,
1222 2348 1300 2376 obelo
1314 2351 1424 2374 notasse
1437 2347 1556 2374 contenti
1574 2353 1733 2382 argumento
1747 2355 1815 2378 sus-

1020 2389 1105 2420 pecta:
1118 2384 1247 2411 lectionis.
1263 2383 1333 2410 Man.

1059 2419 1100 2446 tn.
1122 2420 1178 2451 At..
1193 2417 1402 2453 contptttundnm,
1418 2423 1467 2449 pro
1476 2417 1686 2450 comparandum.
1702 2418 1773 2447 Mn.

1056 2455 1100 2481 18.
1113 2453 1231 2481 Conditio
1244 2459 1291 2487 pro
1306 2452 1441 2479 creatione
1450 2471 1459 2483 ,
1475 2455 1502 2478 et
1516 2452 1685 2487 catactysmun
1701 2461 1750 2488 pro
1763 2454 1816 2482 di..

1021 2487 1091 2515 luvio
1105 2489 1186 2516 verba
1199 2493 1260 2515 sunt
1275 2488 1433 2520 scriptorum
1445 2487 1687 2516 ecelesiasticorum
1700 2507 1710 2522 ,
1733 2493 1815 2517 eam.-

1020 2523 1132 2558 clysmue
1144 2523 1224 2550 etiam
1240 2521 1366 2549 Varronis
1376 2525 1404 2548 et
1417 2521 1521 2556 Hygini.
1540 2525 1627 2549 Aasv.

1056 2558 1101 2586 tt).
1134 2557 1234 2585 indicat
1259 2556 1374 2584 Mariana
1401 2556 1496 2584 deesse
1524 2557 1551 2583 in
1579 2556 1716 2586 nonnullis
1738 2557 1814 2588 Ru..

1020 2594 1100 2620 verba
1113 2614 1121 2626 ,
1144 2601 1194 2627 quo
1215 2591 1271 2619 oliti
1293 2597 1352 2619 sunt
1365 2611 1372 2624 ‚
1395 2592 1581 2627 percussionem
1603 2599 1702 2628 quoqne
1722 2594 1818 2630 rupis..

1020 2629 1105 2656 Antv.

1019 2698 1043 2726 Μ
1054 2662 1100 2690 20.
1116 2663 1158 2691 ΔΙ.
1177 2671 1184 2689 t
1201 2661 1235 2690 Et
1254 2661 1387 2690 diversitas
1401 2666 1572 2698 peccatorum,
1587 2663 1817 2700 purqntionaqtn..

1045 2706 1089 2726 Λιι.
1675 2717 1678 2719 -

1018 2758 1022 2762 .
1054 2733 1100 2761 2¹.
1113 2733 1169 2766 ΑΙ..
1182 2733 1318 2766 ωηιξη,
1334 2740 1423 2759 earnm
1435 2739 1485 2768 pro
1497 2738 1596 2760 emm.
1608 2731 1682 2760 Nn.

1053 2768 1099 2795 2¹2.
1115 2767 1216 2803 Populo
1225 2769 1303 2796 «licto.
1319 2767 1545 2802 Septima-reensi«
1554 2771 1582 2794 et
1595 2766 1661 2794 Tarr
1726 2800 1727 2804 Ἰ

1018 2803 1106 2840 legunt
1131 2805 1228 2838 populo
1249 2804 1320 2830 data.
1342 2803 1374 2830 t·.·t
1396 2802 1430 2830 ati
1486 2803 1494 2829 i
1512 2802 1577 2829 aare
1593 2801 1685 2830 dicere
1696 2803 1777 2836 estff',

1017 2840 1086 2874 apud
1103 2838 1250 2876 Virgilium,
1265 2838 1300 2866 tta
1313 2837 1402 2873 Tityre
1422 2845 1456 2864 no
1476 2837 1512 2871 ἰ,
1523 2836 1612 2870 etde,
1626 2837 1723 2865 ‘uendit

1017 2881 1105 2910 poteo.
1115 2873 1146 2903 Βι
1154 2874 1369 2909 centm'tiecipen
1376 2878 1425 2909 pro
1431 2872 1656 2907 anement-ntur,
1663 2870 1772 2904 mitt.
