1832 3016
36 131 101 163 ἶ635

664 115 936 148 ΞΕΝΤΕΝΤΙΑΒΠΜ
957 116 1022 144 LtB.
1044 116 1077 144 ll.

1629 107 1683 139 634

50 193 149 227 linguae
180 187 330 218 convicium
348 204 357 219 ‚
379 182 417 211 ita
442 162 470 210 et
491 184 537 216 qut
568 177 692 206 laudatur
720 176 754 203 ab
783 174 836 202 alio
850 176 878 204 A
891 181 949 201 mus
962 173 1054 208 jurare
1066 171 1267 206 compellimur,
1285 170 1384 204 talique
1401 167 1565 197 necessitate
1573 166 1685 202 iurnndi

49 245 106 266 non
122 235 203 264 debet
225 238 345 262 errorem
371 228 467 256 nlienae
491 224 577 252 laudis
600 221 756 255 attendere;
791 219 838 247 sed

51 284 136 318 magis
165 279 346 315 unusquisque
366 270 548 302 testimonium
577 266 751 296 conscientiae
784 272 840 292 suae

52 331 165 364 quaerat.
176 325 219 354 cui
233 324 291 358 plus
302 321 360 356 ipse
370 323 488 354 praeseus
500 319 553 348 est,
564 321 644 349 quam
659 312 703 340 ille
717 310 763 346 qui
777 317 839 338 eum

53 374 154 401 laudat.

89 430 134 458 ¹0.
155 428 227 462 opus
242 425 313 453 enim
327 430 405 451 suum
420 420 603 456 unusquisque
618 417 731 453 probet,
753 420 783 442 ιιι
804 413 841 441 ait

53 474 206 511 Apostolus.
219 472 252 498 Et
263 476 325 498 tune
339 470 366 496 in
380 468 469 502 seipso
489 471 591 494 tantum
604 464 716 499 quisque
726 461 840 497 gloriam

53 517 168 550 habebit,
180 515 206 544 id
218 520 269 547 est,
282 513 386 541 occulte
401 513 427 539 in
437 519 486 539 sua
494 509 671 540 conscientia,
686 515 739 535 non
754 506 841 541 palam

52 567 80 593 in
94 564 181 592 aliena
202 563 300 597 lingua.

90 621 133 648 ll.
154 618 284 651 Persecti,
312 616 358 652 qui
377 615 429 643 alta
444 615 535 642 radice
560 612 665 640 fundati
685 615 748 638 sunt
761 630 769 643 ‚
792 609 842 636 etsi

51 667 159 695 fiamine
172 665 257 692 laudis
272 671 303 691 ac
319 661 524 697 vituperationis
538 665 676 693 utcunque
689 656 766 692 quasi
777 663 843 682 ven-

51 720 139 742 torum
151 712 287 741 interdum
300 714 447 738 curventur
468 707 582 741 impulsu
593 726 601 739 ,
617 704 738 732 funditus
753 708 844 729 tamen

53 769 107 789 non
123 759 295 795 dejiciuntur,
309 757 357 785 sed
373 755 493 792 protinus
509 753 635 781 firmitate
649 751 750 779 radicis
764 750 798 777 ad
814 756 843 776 se

52 807 179 836 redeunt.

891 218 1111 247 consuetudinem
1124 217 1248 245 facimus.

927 265 954 291 7.
975 265 1043 292 Sunt
1056 263 1134 292 multi
1147 263 1181 290 ad
1194 262 1359 290 credendum
1372 261 1459 297 pigri,
1482 260 1528 296 qui
1543 267 1598 288 ιιοιι
1622 266 1683 287 mo-

892 315 987 338 ventur
1001 310 1034 338 ad
1051 310 1131 338 iidem
1158 309 1245 337 verbi.
1271 308 1395 336 Graviter
1408 311 1499 334 autem
1523 306 1684 341 delinquunt

892 357 936 391 qui
948 357 998 383 sibi
1011 357 1149 391 loquentes
1159 357 1253 390 jurare
1268 358 1380 390 cogunt.

928 402 1010 439 234
1024 404 1051 429 8.
1062 403 1228 437 Quocunque
1240 405 1298 429 arte
1311 401 1455 428 verborum
1470 399 1585 434 quisque
1598 397 1681 432 juret.

894 450 964 477 Deus
989 455 1091 481 tamen,
1117 449 1163 483 qui
1188 448 1364 475 conscientiae
1384 446 1462 474 testis
1487 449 1540 477 est,
1574 445 1610 470 ita
1636 443 1685 470 hoc

894 497 1001 532 accipit,
1017 496 1087 524 sicut
1110 495 1156 522 ille
1179 496 1222 522 cui
1247 494 1352 529 juratur
1377 492 1514 526 intelligit.
1542 489 1687 524 Dupliciter

895 547 984 570 autem
1000 550 1062 570 reus
1075 542 1103 569 lit
1113 542 1158 576 qui
1173 546 1200 569 et
1215 541 1264 568 Dei
1290 547 1388 568 nomen
1405 540 1432 566 in
1447 545 1547 566 vanum
1563 535 1686 568 assumit,

894 594 923 617 et
932 589 1082 624 proximum
1095 588 1157 615 dolo
1171 587 1253 621 capit.

931 635 958 661 9.
979 634 1036 661 Non
1052 639 1093 661 est
1106 633 1321 660 conservandum
1346 634 1546 658 sacramentum
1561 636 1615 664 quo
1631 635 1689 655 ma-

897 681 951 708 lum
968 682 1073 708 incaute
1096 679 1269 714 promittitur,
1289 677 1372 705 veluti
1401 678 1424 704 si
1451 676 1584 711 quispiam
1611 674 1689 702 adul-

897 732 961 754 terae
973 731 1103 761 perpetuo
1113 733 1173 753 cum
1191 733 1222 753 ea
1238 723 1413 759 permanendi
1429 723 1508 750 iidem
1522 721 1689 756 polliceatur.

897 773 1074 801 Tolerabilius
1083 773 1202 800 estenim
1213 780 1264 799 nou
1278 771 1390 805 impiere
1400 774 1597 798 sacramentum
1608 775 1688 803 quam

899 827 1054 855 permanere
1069 820 1095 846 in
1111 819 1194 854 stupri
1207 818 1316 853 flagitio.

88 864 167 901 233
189 863 232 890 ¹2·
247 862 318 890 3⁰⁰³
332 867 408 889 mens
419 860 452 887 ad
467 860 567 886 malum
579 864 629 884 ¹¹0⁰
644 855 772 891 praemiis,
791 860 842 881 ¹¹⁶⁰
858 861 883 891 B
933 867 976 896 10.
996 865 1089 893 Jurare
1100 865 1144 892 Dei
1160 870 1201 891 est
1216 864 1260 891 illa
1277 863 1452 898 providentia,
1468 870 1520 897 qua
1535 861 1627 889 statuit
1640 867 1692 888 non

53 910 201 938 terroribus
226 909 352 936 vincitur.
370 906 436 934 Nam
457 905 538 942 iniqui
559 909 688 931 terrorem
706 899 843 928 blanditiis

54 958 176 990 miscent,
189 960 218 983 ut
228 960 273 983 aut
286 954 464 982 oblectatione
475 959 634 988 quemquam
644 949 788 984 decipiant,
800 952 845 974 aut

55 1002 203 1030 terroribus
229 1001 368 1035 frangant.

93 1059 135 1086 13.
157 1059 207 1092 Qui
226 1058 348 1085 laudatur
364 1058 390 1084 in
415 1056 568 1083 auditorum
595 1061 687 1081 amore
709 1052 847 1085 inseritur,

55 1107 103 1134 sed
117 1106 140 1132 si
158 1104 289 1132 veraciter
311 1108 338 1131 et
364 1110 416 1130 non
443 1102 503 1128 ficte
522 1100 656 1133 laudetur,
681 1099 732 1126 hoc
747 1102 799 1130 est,
826 1098 849 1124 si

57 1158 121 1180 vera
137 1155 201 1179 sunt
215 1157 274 1185 qua‘
285 1149 318 1176 de
332 1149 378 1176 illo
392 1148 527 1175 dicuntur.

333 1215 446 1243 CAPUT
465 1213 563 1241 XXXl.

347 1271 385 1298 De
395 1273 553 1306 juramento.

95 1332 121 1359 1.
144 1332 220 1360 Sicut
235 1329 340 1357 mentiri
355 1335 406 1355 non
435 1331 522 1361 potest
537 1325 582 1360 qui
598 1332 651 1351 non
667 1324 796 1358 loquitur,
811 1329 851 1349 sic

60 1378 197 1413 perjurare
210 1383 263 1403 non
276 1373 373 1408 poterit
385 1372 429 1407 qui
441 1372 532 1406 jurare
548 1378 600 1397 non
617 1369 729 1404 appetit.
743 1369 848 1395 Caven-

60 1424 93 1451 da
107 1427 148 1450 est
162 1422 243 1456 igitur
253 1420 361 1455 juratio,
377 1425 427 1446 nec
449 1425 481 1445 ea
503 1416 649 1449 utendum,
664 1415 716 1442 nisi
742 1414 769 1441 in
793 1413 850 1440 sola

60 1469 228 1498 necessitate.

95 1527 123 1555 Ξ.
143 1526 202 1554 Non
217 1530 258 1553 est
271 1529 364 1552 contra
381 1523 426 1551 Dei
441 1526 602 1557 praeceptum
617 1521 718 1556 jurare,
730 1519 776 1547 sed
787 1519 850 1546 dum

61 1581 137 1602 usum
152 1571 260 1608 iurandi
276 1571 403 1603 facimus,
431 1568 539 1604 perjurii
554 1568 658 1595 crimen
675 1565 850 1594 incurrimus.

62 1619 200 1654 Nunquam
217 1625 280 1652 ergo
291 1617 361 1652 juret
376 1616 421 1651 qui
433 1615 571 1650 perjurare
586 1614 673 1642 timet.

97 1676 123 1702 5.
133 1674 218 1707 Multi,
226 1674 289 1701 dum
299 1673 453 1708 loquuntur,
464 1672 553 1707 iurare
561 1678 667 1705 semper
674 1669 852 1701 delectantur,

62 1722 125 1749 dum
139 1724 260 1755 oporteat
273 1719 324 1746 hoc
340 1724 441 1746 tantum
456 1725 518 1745 esse
530 1718 556 1744 in
571 1725 618 1744 ore
630 1725 637 1743 :
650 1716 709 1749 Est,
722 1720 767 1743 ese.
781 1714 854 1746 Non,

62 1776 124 1794 non.
141 1766 262 1801 Amplius
276 1766 347 1792 enim
360 1772 440 1800 quam
454 1768 502 1798 ese,
523 1768 551 1791 et
563 1771 616 1791 non
635 1767 683 1796 est,
698 1770 713 1789 a
726 1761 798 1789 malo
811 1765 853 1788 est

62 1813 169 1848 (Mami.
185 1820 211 1844 v,
227 1811 283 1846 37).

99 1869 126 1895 4.
144 1868 230 1901 Multi,
243 1871 273 1894 ut
286 1867 390 1899 fallant.
403 1868 550 1902 periurant,
565 1871 594 1894 ut
605 1874 653 1901 per
665 1867 744 1894 fidem
759 1874 856 1894 sacra-

64 1915 147 1942 menti
178 1913 258 1941 fldem
287 1913 385 1940 saciant
411 1913 487 1940 verbi
520 1914 612 1948 sicque
635 1913 762 1947 l'allendo,
789 1914 852 1940 dum

65 1959 204 1995 periurant
223 1963 250 1987 et
262 1959 440 1992 mentiuntur,
460 1959 595 1987 hominem
619 1959 755 1987 incautum
781 1959 854 1987 deci-

65 2005 152 2040 piunt.

104 2062 131 2088 5.
144 2061 278 2089 interdum
301 2065 328 2089 et
342 2060 416 2088 salsis
441 2060 566 2095 lacrymis
579 2060 683 2088 seducti
698 2060 857 2095 decipimur,

68 2112 95 2134 ct
109 2106 239 2140 creditur,
258 2107 321 2135 dum
346 2107 468 2142 plorant,
494 2106 590 2142 quibus
614 2107 778 2134 credendum
803 2115 857 2135 non

68 2154 136 2178 erat.

105 2196 134 2224 6.
152 2195 316 2230 Plerumque
329 2196 387 2224 sine
405 2197 557 2231 juramento
582 2197 653 2234 loqui
673 2199 850 2238 disponimus,

899 913 1051 940 convellere
1067 916 1176 938 statuta.
1194 910 1354 938 Poenitentia
1368 915 1458 937 autem
1472 909 1518 935 Dei
1533 916 1622 935 rerum
1634 915 1692 934 mu-

900 959 966 986 tatio
978 964 1036 990 est;
1050 966 1101 985 non
1116 958 1247 992 poeniterc
1257 962 1358 989 autem,
1374 960 1474 983 statuta
1487 963 1539 982 non
1553 961 1693 986 revocare,

900 1011 929 1033 ut
953 1005 1019 1032 illud
1046 1014 1051 1031 ι
1081 1004 1183 1031 ,Ιιιναυίι
1200 1004 1335 1035 Dominus,
1364 1008 1387 1029 et
1410 1010 1459 1029 non
1485 1000 1615 1036 poenilebit
1636 1007 1694 1027 eum

900 1054 987 1088 (Psoi.
1004 1060 1057 1085 etr,
1075 1052 1113 1086 t),
1131 1052 1156 1079 id
1171 1057 1221 1082 cst,
1237 1060 1296 1086 quae
1309 1050 1409 1086 juravit
1423 1058 1476 1077 non
1488 1048 1614 1076 mutabit.

1175 1127 1289 1155 CAPUT
1310 1126 1420 1154 xxxii.

1246 1175 1284 1202 De
1299 1175 1375 1202 viliis.

940 1236 965 1262 1.
986 1234 1125 1262 Recedens
1144 1234 1223 1260 homo
1241 1240 1254 1258 a
1270 1233 1324 1260 Deo
1336 1232 1426 1259 statim
1441 1231 1565 1258 vitiorum
1577 1228 1693 1256 traditur

904 1280 1039 1314 potestati,
1073 1283 1101 1306 ut
1115 1278 1176 1305 dum
1203 1278 1301 1312 patitur
1315 1277 1412 1304 infesta
1424 1277 1486 1303 vitia
1497 1296 1505 1309 ,
1520 1274 1693 1307 revertendo,

904 1326 976 1352 unde
990 1326 1126 1352 ceciderat
1140 1324 1289 1358 resipiscat.

939 1372 966 1398 2.
988 1372 1020 1398 Et
1048 1372 1071 1398 si
1098 1370 1183 1398 sancti
1210 1374 1266 1396 toto
1290 1369 1349 1396 nisu
1379 1368 1544 1395 contendunt
1571 1373 1697 1402 superare

904 1418 980 1450 vitia,
995 1425 1045 1445 nec
1060 1417 1243 1452 exstinguunt.
1260 1415 1322 1449 quid
1336 1419 1418 1449 agunt
1432 1415 1457 1441 1ιὶ
1472 1414 1518 1448 qui
1532 1421 1586 1440 non
1602 1412 1691 1439 sotum

906 1472 958 1491 non
973 1463 1066 1490 odiunt
1081 1463 1160 1494 vitia,
1180 1462 1226 1489 sed
1243 1466 1298 1488 toto
1318 1468 1349 1489 ea
1364 1468 1460 1488 amore
1471 1459 1627 1487 sectantur?

942 1511 968 1538 5.
990 1511 1062 1538 Satis
1077 1510 1191 1537 delicate
1221 1514 1250 1536 se
1276 1509 1365 1542 palpat
1383 1507 1500 1541 quivult
1521 1507 1578 1533 sine
1605 1505 1698 1532 labore

865 1554 889 1586 C
906 1558 968 1586 vitia
983 1565 1124 1592 superare,
1142 1556 1204 1582 dum
1218 1554 1321 1589 peccati
1336 1554 1434 1588 legem,
1449 1560 1530 1588 quam
1546 1551 1598 1579 sibi
1609 1551 1688 1578 deser

905 1603 1003 1631 viendo
1028 1602 1099 1629 vitiis
1121 1601 1195 1632 fecit,
1220 1600 1279 1627 sine
1304 1599 1431 1626 violentia
1458 1597 1561 1625 doloris
1576 1602 1699 1624 resecare

906 1657 958 1676 uon
974 1648 1069 1683 possit.

942 1695 969 1722 4.
990 1694 1112 1722 Perfecto
1136 1692 1272 1720 renuntiat
1290 1690 1373 1723 vitio,
1391 1690 1436 1724 qui
1459 1689 1628 1717 occasionem
1643 1687 1701 1714 evi-

909 1745 947 1768 tat
962 1741 988 1767 in
1002 1739 1181 1774 perpetrando
1197 1742 1318 1772 peccato.
1334 1736 1401 1764 Nam
1412 1735 1436 1763 si
1450 1735 1518 1762 velis
1533 1733 1700 1761 tantumdem

908 1795 960 1814 non
972 1793 1094 1821 peccare,
1107 1790 1134 1812 et
1146 1785 1208 1812 data
1223 1783 1364 1811 occasione
1376 1781 1530 1818 peccaveris
1542 1800 1550 1813 .
1567 1784 1597 1807 ιιι
1613 1778 1659 1807 tibi
1675 1782 1701 1806 et

908 1839 981 1866 reus»,
994 1831 1111 1866 etiudex
1127 1838 1167 1864 es,
1181 1830 1245 1864 quia
1258 1833 1285 1857 ct
1295 1829 1438 1856 commissa
1449 1828 1571 1860 damnas,
1585 1831 1612 1853 et
1625 1825 1702 1852 dam·

909 1883 970 1905 nata
983 1877 1142 1906 committis.
1163 1876 1198 1903 Se
1220 1880 1309 1903 autem
1323 1874 1416 1910 judice
1427 1881 1490 1902 reus
1504 1877 1561 1904 est.
1577 1871 1624 1907 qui
1637 1871 1700 1898 vitia

909 1930 936 1953 et
949 1929 1056 1952 accusat
1070 1929 1097 1951 et
1108 1926 1254 1958 perpetrat.

944 1971 1025 2006 235
1040 1971 1065 1997 5.
1082 1969 1209 2003 Quaedam
1224 1968 1286 1996 vitia
1301 1968 1364 1995 dum
1378 1976 1430 1995 non
1443 1966 1561 2002 perfecte
1573 1966 1700 1998 vitantur,

910 2024 972 2044 suos
997 2017 1022 2043 in
1045 2022 1074 2042 se
1099 2014 1200 2042 l'aciunt
1224 2014 1306 2040 relabi
1331 2017 1463 2040 auctores.
1483 2011 1549 2039 Nam
1571 2010 1595 2038 si
1621 2016 1703 2037 unum

909 2063 1003 2090 vitium
1023 2061 1144 2089 districte
1162 2061 1269 2093 vitetur,
1291 2063 1319 2087 et
1339 2059 1390 2086 alia
1412 2058 1591 2093 negligantur,
1616 2057 1703 2084 inanis

910 2110 985 2138 labor
1011 2114 1061 2137 est.
1085 2109 1142 2136 Non
1165 2109 1235 2135 enim
1260 2112 1348 2143 potest
1370 2108 1396 2135 in
1421 2107 1498 2134 unius
1518 2105 1705 2134 observatione

910 2156 1015 2184 virtutis
1031 2156 1134 2183 sortiter
1149 2155 1305 2190 perdurare,
1321 2154 1398 2190 cujus
1413 2155 1463 2181 alia
1480 2153 1543 2181 vitia
1563 2153 1705 2180 dominan-

911 2207 954 2230 tur
968 2203 993 2230 in
1007 2202 1098 2230 corde.

69 2242 117 2271 ⁸0¹1
130 2242 320 2270 incredulitate
335 2250 428 2271 eorum
444 2243 489 2279 qui
503 2251 556 2272 non
571 2246 687 2273 credunt
701 2249 772 2281 quod
785 2249 854 2278 dici·
871 2247 899 2278 D
945 2250 972 2277 6.
989 2250 1182 2285 Nonnunquam
1198 2248 1333 2277 hominem
1359 2254 1407 2275 sua
1421 2246 1483 2274 vitia
1495 2249 1701 2282 persequuntur,

105 2312 150 2340 10.
171 2311 322 2352 Similitudo
343 2311 401 2339 haec
417 2312 530 2340 deducta
546 2317 587 2341 est
610 2322 643 2342 cx
657 2315 750 2347 Paulo,
765 2316 854 2344 Galat.

71 2356 115 2376 vt:
126 2347 196 2381 Opus
209 2354 276 2374 emm
284 2354 369 2379 suum,
379 2348 475 2381 inquit,
487 2350 573 2384 probe!
585 2351 758 2385 unusquisque
781 2357 805 2378 et
818 2353 856 2379 sic

71 2383 99 2410 ὓ·
108 2381 363 2444 εῖφτεειίῆω
372 2372 818 2454 ssss5552.3.223‚;¹·.‘sst:;‚miss-

166 2435 173 2443 .
206 2450 213 2456 ·
259 2435 267 2443 .
306 2435 314 2443 ο
343 2437 351 2444 .
705 2429 718 2448 l·
747 2431 759 2448 e
772 2431 830 2449 eru?
846 2443 854 2454 ,

39 2463 42 2466 ·
74 2455 164 2479 tamen
179 2455 262 2491 ettam
271 2452 403 2486 perjuram
417 2454 486 2488 apud
506 2456 622 2490 optimos
633 2430 785 2485 Latinigtis
807 2431 855 2485 at?-

76 2491 166 2514 ctores
178 2489 317 2519 reperitur.
332 2488 417 2515 Anzv.
719 2490 722 2491 ⁷

111 2521 138 2548 2.
158 2520 206 2554 22,
220 2527 246 2560 q.
261 2519 289 2553 l;
299 2526 326 2547 et
339 2522 408 2562 ⁸.¹’¹¹‘¹
422 2522 551 2559 Magistr„
566 2526 593 2553 in
608 2526 636 2559 5,
651 2526 680 2555 d.
697 2527 729 2554 59
742 2535 749 2560 ς
761 2532 789 2555 ει
802 2527 855 2555 Ρο-

77 2558 190 2593 lycarp„
211 2555 258 2582 Ιιιι.
279 2562 322 2588 vt,
337 2559 378 2584 tn.
393 2557 437 2585 ¹2.
451 2558 561 2592 suren„
574 2561 621 2588 lul».
637 2569 686 2594 ιιι,
708 2570 767 2597 cap.
788 2563 854 2590 20.:

77 2592 165 2623 lvon.,
178 2597 208 2625 p.
219 2597 268 2631 xit²
281 2597 340 2625 cap.
349 2591 385 2632 ‚⁷3
399 2591 731 2629 Pauorm.‚tib.1.xxxvm.
745 2598 855 2626 Lonss.

114 2625 141 2653 5.
156 2627 333 2660 Augustinus.
349 2633 377 2667 tt!
397 2630 595 2658 commentariis
614 2639 695 2666 super
714 2633 856 2667 epistolam

79 2660 225 2692 nicalai..
241 2667 300 2701 cap.
314 2660 341 2702 1.
356 2668 395 2702 ste
411 2662 482 2689 laune
493 2663 612 2692 Matthaei
623 2667 709 2694 locum
723 2667 857 2703 interpre-

79 2702 160 2725 atur.
177 2694 307 2729 Quamne,
319 2699 417 2738 ιιιιιιιιιξ
435 2697 600 2727 'tramitum
611 2701 723 2735 ampliu·
736 2702 769 2730 cit
783 2711 860 2737 quant

78 2732 140 2766 Ru,
148 2735 206 2762 esu
212 2730 285 2771 pon.
297 2738 360 2771 !¹⁰¹¹.·
369 2737 394 2758 et
434 2734 560 2762 ωαιιιαίο
568 2735 669 2766 rinnon
679 2739 861 2766 tamenanuuo

78 2771 140 2799 ruo.
154 2765 199 2793 oea
209 2765 366 2799 mfirmuam
379 2772 425 2794 ιιιιι
439 2767 623 2798 incredulitati:
636 2778 723 2798 emm
745 2773 789 2807 qui
808 2781 861 2802 m

79 2802 154 2831 aum
166 2805 296 2828 mantnt
305 2800 339 2828 etl
349 2802 437 2835 fidem.
449 2802 558 2832 horu«.

116 2837 144 2865 8.
163 2834 210 2868 ⁴22,
224 2842 251 2870 q.
268 2836 296 2869 5;
309 2835 412 2871 ungisi.
427 2837 515 2871 Sent„
528 2847 569 2874 ιιι,
579 2839 606 2868 d.
623 2841 667 2869 52.
681 2841 790 2872 Lentu.

28 2903 75 3016 ,l

947 2318 973 2344 9.
990 2316 1036 2350 22,
1057 2321 1152 2351 quaest.
1173 2315 1199 2347 4.
1223 2320 1250 2343 et
1276 2322 1354 2343 conc.
1377 2315 1501 2342 Toletan.
1527 2321 1582 2345 vm,
1610 2319 1669 2347 cap.
1686 2312 1704 2339 2

911 2353 1027 2386 Masist„
1045 2352 1071 2380 in
1084 2360 1122 2386 ιιι,
1138 2352 1164 2378 d.
1179 2351 1224 2378 59.
1238 2352 1346 2378 boun.

939 2387 1014 2429 ,md-
1031 2388 1093 2428 Alii,
1105 2396 1156 2414 non
1169 2392 1203 2414 eet
1212 2386 1397 2426 observantium
1406 2383 1652 2424 juramentum-Sed
1664 2383 1703 2424 le·

910 2427 976 2485 tiz.
983 2421 1702 2491 {32:1¹2..55:;.;¹.¹2}2¹:..52¹;·3’522{;fzzxzttz‘scxffsa

910 2494 1006 2520 malum
1021 2494 1047 2518 in
1061 2497 1145 2523 caute,
1160 2495 1206 2517 aut
1220 2491 1288 2525 quod
1301 2491 1367 2516 male
1379 2494 1402 2516 el
1415 2491 1526 2516 incaute.
1541 2489 1568 2516 ln
1580 2489 1703 2516 eamdem

910 2527 1071 2555 sententiam
1095 2527 1246 2560 allegantur
1270 2534 1284 2552 a
1310 2524 1426 2552 concilio
1446 2524 1526 2552 verba
1550 2524 1648 2552 simui:
1667 2531 1702 2551 ex

909 2562 1072 2598 synonymis
1084 2562 1168 2589 sancti
1183 2561 1286 2588 isidori.
1304 2561 1388 2587 Αιιεν.

947 2599 991 2626 10.
1007 2597 1075 2624 Editi
1093 2597 1150 2629 lib„
1171 2596 1335 2631 permutatio,
1359 2596 1422 2622 Mss.
1446 2595 1574 2628 ιιιιιιαιίος
1587 2602 1701 2630 quornm

911 2634 1054 2664 lectionem
1066 2639 1175 2666 sequor.
1185 2630 1250 2658 Nam
1261 2631 1300 2658 sic
1309 2631 1388 2658 bellet
1399 2632 1561 2665 Augustinus
1569 2631 1595 2658 in
1607 2630 1704 2665 psalm.

913 2677 976 2698 cix:
991 2667 1144 2696 Poenitemia
1158 2667 1267 2693 mutatio
1280 2674 1366 2692 rmum
1376 2666 1546 2702 tiynifieatur.
1560 2666 1670 2694 Lonsa.

915 2705 1014 2768 nerle.
1030 2709 1114 2730 xun.
1130 2701 1162 2729 N.
1177 2701 1203 2729 5.
1219 2701 1260 2729 Ex
1273 2700 1398 2736 Gregor..
1413 2701 1462 2729 lib.
1473 2709 1508 2730 vu
1523 2702 1628 2735 flor-al..
1643 2708 1704 2736 etp.

951 2759 959 2767 .
1003 2746 1090 2766 οΑι-Α.

951 2775 978 2802 5.
991 2774 1113 2807 Cragon,
1128 2772 1192 2800 ibid.
1209 2772 1316 2800 Loatsat.

951 2811 980 2838 6.
995 2810 1035 2837 Ex
1047 2809 1173 2844 Gregor„
1189 2807 1235 2836 lit».
1252 2815 1279 2836 vt
1294 2808 1401 2844 uoral„
1413 2815 1475 2845 cap.
1489 2809 1534 2838 15.
1549 2808 1660 2838 laem.
