1832 3016
101 159 153 191 ⁸27

630 149 660 177 S.
681 146 802 177 tstnotu
823 145 1045 175 tttst‘ttmusts
1065 145 1220 174 Eptscom

1687 140 1740 170 528

101 217 237 246 ambulate
252 216 278 242 in
299 212 400 243 omnia,
414 215 473 244 quac
487 207 612 236 mandavi
625 207 714 239 vohis,
728 209 755 233 et
769 205 837 232 bene
858 203 892 231 sit
906 203 931 233 Α
944 204 1155 238 immundorum,
1178 202 1276 230 rectius
1298 201 1453 229 derivantur
1466 200 1493 228 in
1514 198 1632 228 moribus
1651 198 1740 228 nomi-

102 262 189 291 vobis.
205 261 238 288 Et
262 265 313 286 non
340 255 502 286 audierunt,
531 261 580 281 nec
595 253 791 280 inclinaverunt
804 257 895 276 aurem

103 315 189 338 suam,
211 304 257 332 sed
285 303 409 329 abierunt
437 301 464 328 in
488 299 689 334 voluptatibus,
710 302 738 325 et
766 296 898 331 pravitate

102 352 189 381 cordis
209 350 250 378 sui
271 349 345 376 mali.
365 358 373 374 ι
394 348 421 375 ln
453 354 504 382 qua
521 346 652 374 sententia
682 343 897 371 subaudiendum

103 406 142 427 est
160 409 167 427 ε
181 398 242 426 Non
259 397 368 432 praecepi
379 396 414 423 eis
425 395 456 421 de
468 394 541 421 verbo
556 393 812 422 holocaustomatum,
827 389 898 422 qnasi

102 446 149 472 illa
163 453 207 481 per
217 445 304 478 seipsa
316 441 508 477 dittqeren1,sed
518 444 645 467 uteorum
657 438 718 473 fidei
731 436 900 464 obedientiam

103 492 273 526 approbarem
288 490 396 524 (derant.
414 496 462 520 vn,
473 487 532 522 2¹).

139 539 167 566 5.
182 538 247 564 ltem
264 537 321 570 ipse
336 535 381 569 qni
395 541 475 568 supra
493 542 500 559 2
517 531 646 564 Scribam,
663 531 760 566 inquit,
771 529 900 564 multipli-

103 593 142 611 ces
171 583 237 617 [eyes
266 590 344 613 ninas.
371 588 426 615 quoe
448 580 515 606 velut
539 578 631 605 atienoe
656 581 808 612 computatoe
831 579 899 602 sunt.

104 630 210 657 Hostias
225 628 341 663 afferent,
367 627 534 653 immolabunt
549 634 649 657 carnes,
670 629 694 652 et
706 624 854 655 comedent,
878 628 902 650 et

103 676 229 702 Dominus
257 683 308 701 non
333 673 455 706 suscipiet
467 681 519 700 eas.
546 672 578 698 Et
602 676 663 706 post
687 671 744 698 lnee
766 671 902 698 detestans

103 730 195 750 eorum
221 720 350 748 sacrificia
370 728 376 745 z
394 719 456 746 Non
482 719 606 750 libabunt,
619 717 714 752 inquit,
738 716 848 743 Domino
862 717 901 742 m*-

103 776 175 800 num,
192 775 236 793 net:
263 765 399 801 ptacetmnt
421 765 443 792 ei
471 765 597 798 sacrificia
618 772 717 798 eornm,
733 764 806 797 quasi
829 763 902 798 panis

104 813 263 847 luqentium;
295 820 396 843 onmes,
425 811 469 846 qui
497 812 628 837 comedent
657 817 714 836 eunt
745 809 903 835 contamina-

104 859 200 884 buntur
212 879 220 891 ,
253 866 303 885 non
337 857 468 884 intrabunt
493 857 521 883 in
549 856 654 882 domum
687 855 791 882 Domini
819 853 901 889 (Ose.

105 911 131 931 ix
142 925 150 938 ‚
173 903 212 937 4).

142 951 169 976 (5.
177 950 210 976 Et
221 949 280 977 Joel
291 959 295 974 :
307 958 317 975 ι
327 949 426 976 interiit
435 948 554 976 dedomo
562 948 609 975 Dei
618 947 699 974 vestri
708 946 869 973 sacrificium
877 950 902 973 et

104 995 200 1023 libatio
211 994 291 1030 (Joet.
306 1003 322 1025 ι,
333 994 406 1028 15).»
421 995 486 1021 ltem
503 993 646 1021 Malacltias
661 1002 668 1020 :
685 1002 694 1018 ι
710 992 766 1019 Non
783 996 824 1019 est
839 991 903 1018 mini

104 1042 228 1069 voluntas
242 1041 269 1068 in
285 1041 370 1073 voltis,
385 1040 422 1066 :iit
439 1040 579 1070 Dominus,
595 1044 621 1065 et
632 1046 728 1065 munus
743 1045 795 1064 non
812 1037 903 1064 susci-

103 1087 174 1122 piam
189 1087 222 1114 de
237 1094 316 1113 manu
334 1091 435 1113 vestra.
451 1086 491 1112 Ab
505 1090 564 1112 ortu
589 1085 660 1112 enim
677 1084 741 1111 solis
768 1091 851 1117 usque
870 1083 903 1109 ad

103 1140 228 1160 occasum
255 1140 378 1166 inagnum
404 1135 445 1158 est
460 1139 557 1158 nomen
575 1138 664 1158 meum
680 1130 707 1156 in
727 1130 862 1164 gentibus,
878 1134 905 1156 et

104 1179 131 1205 in
148 1179 220 1205 ‹nnni
243 1179 301 1205 loco
328 1178 506 1211 sacrificator,
528 1178 604 1212 101
631 1182 658 1204 et
672 1177 784 1203 offertur
801 1174 903 1203 nomini

105 1231 167 1251 meo
192 1224 292 1251 oblatio
320 1224 429 1255 munda,
450 1224 510 1258 quia
539 1231 664 1258 magnum
694 1231 791 1250 nomen
816 1230 905 1249 meum

104 1270 132 1298 in
160 1271 287 1306 gentibus
299 1291 307 1304 ,
335 1272 372 1297 ait
399 1271 536 1298 Dominus.
552 1272 562 1305 (
576 1270 688 1297 ttntactz.
713 1278 731 1303 1,
749 1270 804 1305 13)
822 1279 831 1295 ι
849 1270 907 1302 Quo

105 1317 260 1344 testimonio
275 1320 347 1351 patet
359 1317 487 1343 sacrificia
501 1317 655 1344 ,ludaeorum
678 1316 813 1343 immunda
829 1323 905 1348 esse,

105 1370 133 1393 ot
146 1364 298 1400 reprobata,
313 1368 341 1391 et
365 1363 449 1391 solam
469 1363 630 1390 oblationem
653 1363 771 1398 gentium
792 1362 907 1390 Domino

105 1418 168 1439 esse
191 1414 342 1445 acceptam.

394 1455 509 1483 CAPUT
530 1455 621 1483 xvnt.

444 1501 483 1529 De
498 1502 571 1529 escis.

146 1549 172 1576 t.
198 1549 226 1576 ln
242 1548 345 1583 Regum
360 1548 429 1575 libro
452 1547 490 1574 sic
514 1547 600 1574 dicit:
621 1556 630 1572 ‹
655 1546 751 1574 Factus
763 1551 806 1574 est
819 1553 908 1574 sermo

108 1594 215 1622 Domini
232 1594 266 1622 ad
281 1594 378 1627 Etiam,
394 1594 487 1621 dicens
500 1601 508 1621 ι
521 1593 616 1627 Surge,
631 1597 659 1620 et
672 1593 738 1620 vade
751 1594 778 1621 in
791 1593 904 1627 Sarepta
920 1584 943 1616 C

108 1641 293 1672 Sidoniorum,
310 1645 337 1668 et
359 1639 481 1667 manebis
494 1639 539 1667 ibi.
557 1639 675 1674 Praecept
700 1640 770 1668 enim
795 1640 833 1667 ibi
847 1648 904 1668 mu-

109 1687 168 1715 lieri
183 1687 271 1714 viduae
293 1691 321 1714 ut
337 1690 429 1722 pascat
444 1691 480 1714 te.
497 1686 530 1713 Et
545 1686 673 1719 surrexit,
689 1691 716 1714 et
728 1687 791 1714 abiit
816 1687 841 1714 in
857 1687 905 1715 Sa-

110 1738 184 1767 repta
203 1732 376 1760 Sidoniorum
394 1741 401 1763 ;
417 1739 532 1765 cumque
546 1731 664 1758 venisset
674 1732 706 1758 ad
723 1737 824 1766 portam
841 1733 904 1760 civi-

110 1778 346 1813 tatis,apparuitei
358 1778 453 1805 mulier
464 1777 553 1811 vidua,
566 1782 593 1804 et
604 1777 706 1811 accepit
716 1778 750 1804 ab
760 1786 790 1804 ea
803 1786 903 1812 escam,

110 1830 138 1854 et
158 1825 327 1854 manducavit
338 1823 400 1861 (111
415 1824 478 1860 Req.
493 1832 559 1857 xvn,
575 1824 616 1858 8).
633 1834 642 1850 ι
660 1823 732 1851 Tunc
748 1824 818 1850 Elias
829 1823 904 1859 jussu

110 1871 158 1899 Dei
184 1879 246 1898 vasa
265 1871 324 1906 ejus
345 1870 470 1906 replevit.
496 1875 523 1898 et
543 1869 613 1905 apud
628 1870 712 1904 ipsam
727 1870 904 1904 alienigenam

110 1917 263 1953 hospitatus
278 1917 350 1945 escis
361 1917 504 1951 gentilibus
522 1917 598 1949 vixit,
616 1917 686 1952 quod
703 1917 759 1945 fieri
771 1924 824 1945 non
840 1916 904 1945 lice-

111 1970 164 1997 ret,
180 1964 230 1991 nisi
247 1964 288 1991 lex
304 1963 477 1998 spiritualiter
498 1963 558 1990 data
575 1962 679 1990 suisset.

148 2009 176 2038 Ξ.
197 2010 264 2037 Dum
279 2010 350 2037 enim
370 2009 493 2044 quaedam
510 2009 536 2035 in
553 2009 620 2044 lege,
637 2009 712 2043 quasi
728 2016 781 2036 non
797 2009 906 2043 munda,

118 2056 146 2083 in
157 2056 217 2083 cibo
226 2056 397 2088 damnantur,
406 2062 496 2082 mores
505 2054 642 2081 hominum
655 2054 838 2089 proculdubio
853 2056 907 2090 sig-

117 2101 268 2133 nificantur,
293 2101 353 2136 qnia
379 2108 431 2127 non
445 2100 562 2128 admittit
581 2100 651 2128 Deus
672 2101 697 2127 in
720 2100 820 2127 sanctis
841 2102 906 2133 suis,

117 2146 164 2179 qui
184 2145 217 2172 ad
232 2152 359 2172 :eternum
372 2146 453 2172 vitain
470 2146 704 2179 praedestinantur,
720 2146 847 2181 quidquid
862 2155 909 2181 per

117 2190 159 2217 illa
181 2189 318 2217 immunda
331 2190 454 2216 animalia
470 2190 497 2216 in
513 2190 632 2217 moribus
649 2190 786 2217 ltotninutn
801 2199 908 2226 compa·

116 2239 201 2263 ratur.
219 2235 314 2262 Omnia
333 2235 403 2261 enim
428 2242 594 2269 quaecunque
607 2243 623 2262 a
639 2235 694 2262 Deo
719 2236 744 2263 in
767 2236 833 2270 ipsis
855 2238 910 2272 pri-

118 2283 229 2310 mordiis
244 2283 334 2310 mundi
348 2287 437 2310 creata
451 2287 523 2314 sunt.
534 2291 589 2310 suae
602 2283 675 2310 vocis
686 2285 844 2312 auctoritate
856 2293 909 2312 non

119 2334 220 2356 tantuin
237 2329 318 2362 bona,
333 2328 380 2356 sed
395 2329 476 2355 etiam
488 2328 566 2356 valde
579 2329 648 2355 bona
662 2329 816 2363 probantur.
837 2330 909 2358 ideo-

117 2383 169 2409 que
183 2383 349 2412 quascunque
371 2376 396 2403 in
418 2383 516 2411 genere
537 2376 724 2410 significantur
749 2376 904 2406 animalium

154 2456 181 2484 5.
196 2455 262 2483 Item
276 2456 330 2491 ipse
349 2456 394 2492 qui
408 2464 496 2490 supra.
522 2455 607 2483 Etiam
633 2455 684 2483 hoc
705 2454 783 2487 libro,
798 2455 907 2484 halluci-

118 2497 199 2519 nante
215 2493 355 2523 memoria,
367 2493 410 2519 alii
428 2499 476 2525 pro
489 2491 549 2518 aliis
565 2491 639 2519 libris
661 2491 786 2524 citantur,
804 2491 841 2518 uti
857 2491 908 2520 tuoe

119 2527 178 2554 loeo
206 2527 387 2554 testimonium
408 2527 478 2555 Osee
502 2534 558 2558 vin.
579 2527 622 2559 te,
644 2526 768 2554 Jeremiae
791 2527 907 2554 nomine.

121 2561 243 2593 inferius.
259 2570 319 2596 cap.
345 2562 392 2596 22,
408 2567 537 2592 extremo.
554 2562 636 2588 illud:
663 2562 731 2594 Quia
746 2562 795 2588 mei
815 2563 910 2590 oblitus

121 2605 161 2629 es,
182 2605 238 2624 ecce
264 2606 311 2640 ego
338 2598 496 2625 annuntiabo
510 2597 577 2634 ‚iusti
590 2597 640 2624 iam
671 2602 741 2624 tuam
754 2617 762 2630 ,
788 2605 820 2624 ex
847 2597 909 2624 lsai.

121 2639 185 2664 Lvu,
199 2633 243 2664 ta,
258 2633 378 2668 ejusdem
391 2632 515 2661 seremiae
541 2634 648 2660 nomine
671 2632 821 2660 adducitur.
838 2632 909 2660 ΜΑιι.

156 2667 220 2696 cn.
237 2676 311 2696 xvnt.
326 2668 359 2696 N.
377 2668 404 2697 t.
419 2668 507 2700 Forte,
522 2668 558 2695 sic
571 2668 664 2695 dieitur
674 2675 684 2695 .·
697 2666 805 2694 Factus.
823 2667 910 2696 Anav-

156 2703 185 2730 2.
197 2703 252 2730 ΑΙ..
274 2704 327 2730 suis
339 2704 373 2731 ad
385 2709 507 2731 aeternam
518 2704 596 2730 vitam
609 2703 807 2739 proedaeattnatiae.
823 2703 894 2730 Mn.

157 2738 221 2778 ῼΑι».
237 2746 293 2766 xtx.
309 2739 342 2766 Ν.
357 2738 384 2766 Ι.
401 2739 430 2766 Ιιι
441 2737 509 2766 Cod.
527 2738 600 2767 Flor.
617 2739 630 2766 Ι
647 2738 683 2766 ita
697 2738 808 2766 effertur
822 2737 913 2766 titulus

123 2772 204 2806 hujus
225 2774 340 2808 capitis:
365 2774 432 2808 Quia
451 2773 642 2802 Testamentum
662 2772 736 2802 Vetus
758 2780 811 2801 non
826 2771 914 2804 vsolnm

122 2812 227 2871 gravier
237 2807 344 2850 snagan:
355 2811 446 2837 itatem
456 2813 505 2842 ut,
523 2810 568 2837 sut
581 2813 683 2850 propter
694 2812 791 2846 gentes.
811 2808 914 2837 Passim

123 2843 278 2907 Αιὲιὲιξιιιοᾱι
292 2845 480 2880 ιιιωιὶμίοιιοι
493 2845 521 2872 in
532 2844 596 2874 tiss.
606 2844 762 2880 disemum
769 2844 807 2875 alt
816 2842 912 2873 saltn.

752 2939 774 2946 a·
801 2933 844 2946 ’ξι-Ἴ)

950 258 1024 278 num.

1240 295 1353 324 CAPUT
1373 294 1443 322 xlx.

1099 343 1137 371 De
1155 344 1320 371 sacramentis
1341 342 1401 377 fidei
1420 340 1582 368 christianae.

988 390 1013 417 t.
1031 389 1162 418 Hactenus
1178 390 1244 417 ritus
1257 389 1383 416 iudaicos
1396 393 1422 414 et
1436 386 1631 414 celebrationes
1645 385 1742 412 divinis
1827 379 1832 428 j

951 435 1112 463 testimoniis
1121 435 1317 463 confutavimus
1330 443 1337 467 ;
1349 433 1446 460 deliine
1460 435 1627 460 sacramenta
1644 435 1743 458 nostrae
1828 439 1832 442 ·

953 483 1018 510 fidei
1042 483 1255 518 perstringamus
1271 502 1277 514 ‚
1310 480 1513 508 manifestantes
1537 479 1652 513 primum
1679 477 1744 512 quia

953 538 1006 557 non
1030 530 1117 557 sotum
1134 534 1242 564 propter
1262 528 1370 556 tudaeos
1385 528 1589 554 Testamentum
1617 526 1683 560 legis
1697 525 1743 552 da·
1805 551 1813 568 ὃ

955 582 1010 604 tum
1028 582 1079 609 est,
1094 576 1141 603 sed
1154 576 1234 603 etiam
1250 579 1359 610 propter
1371 581 1465 601 omnes
1477 577 1582 607 gentes.
1597 572 1659 599 time
1668 572 1742 599 enirn
1803 571 1813 603 t

955 623 1083 658 propheta
1096 622 1177 648 David
1192 622 1268 658 102
1280 625 1404 654 testatur,
1416 620 1529 647 dicens:
1545 619 1745 646 Annuntiabitut·
1802 617 1808 634 ⁸

955 669 1066 696 Domino
1082 670 1212 704 generatio
1226 672 1342 699 ventura.
1359 672 1382 694 et
1394 666 1581 693 annuntiatum
1597 666 1652 692 coett
1670 666 1746 700 justi«

955 716 1002 743 tias
1026 717 1081 750 eius
1104 714 1199 749 populo
1223 714 1266 749 qui
1289 717 1417 746 noscetur,
1442 720 1515 748 quem
1539 712 1597 747 '‘t-cit
1620 710 1746 738 Dominus
1823 685 1832 730 ς

955 760 1040 795 (Psat.
1066 768 1125 793 xxi,
1143 759 1200 794 32).
1228 760 1260 786 Et
1274 760 1370 786 iterum
1393 759 1472 793 ipse:
1490 757 1577 784 Donec
1601 758 1747 784 annuntiem

956 807 1086 834 brachium
1101 811 1172 833 tuum
1187 807 1348 842 generationi
1362 806 1431 832 omni
1443 813 1500 840 quoe
1515 810 1622 832 ventura
1640 810 1687 837 est,
1701 813 1747 837 po-

956 855 1060 882 tentiam
1071 859 1151 886 taam,
1166 858 1189 880 et
1200 854 1327 889 justitiam
1338 852 1487 879 tuamDens
1504 851 1589 887 (Psal.
1605 859 1668 884 Lxx,
1684 852 1728 886 t8)
1740 871 1746 879 .

915 897 941 928 B
989 901 1016 928 2.
1036 901 1068 928 Et
1084 901 1185 927 isaias:
1205 910 1213 926 ι
1228 900 1264 927 De
1282 900 1345 926 Sion
1362 899 1514 933 egredietur
1529 900 1582 931 lex,
1597 903 1623 925 et
1637 898 1748 926 verbum

956 947 1060 975 Domini
1082 947 1116 974 de
1143 947 1290 974 Jerusalem
1306 955 1312 979 ;
1329 951 1355 973 et
1375 945 1503 980 judicabit
1526 951 1635 979 gentes,
1660 949 1686 972 et
1707 952 1751 971 ar-

953 998 1016 1028 guet
1037 994 1149 1027 populos
1163 994 1262 1020 multos
1278 1000 1362 1026 usque
1385 992 1411 1019 in
1427 992 1600 1026 longinquum
1627 991 1704 1025 (lsai.
1719 999 1748 1022 ιι,

955 1040 972 1066 5
986 1039 1007 1074 ).
1027 1049 1036 1065 ι
1054 1039 1135 1066 David
1160 1039 1238 1066 etiarn
1255 1039 1280 1065 in
1309 1038 1421 1064 Psalmis
1437 1047 1443 1064 ε
1460 1047 1468 1062 ι
1488 1037 1564 1064 Tunc
1577 1037 1667 1064 dicent
1682 1037 1749 1064 inter

955 1091 1048 1120 gentes
1064 1095 1070 1112 :
1085 1086 1260 1119 Magnificavit
1276 1085 1403 1111 Dominus
1418 1084 1505 1111 facero
1519 1092 1578 1111 cum
1594 1084 1648 1111 illis
1665 1093 1671 1117 ;
1689 1091 1750 1110 ina-

955 1132 1091 1167 gnificavit
1116 1132 1244 1159 Dominus
1269 1131 1356 1158 fucere
1382 1130 1520 1158 nob³scum
1533 1151 1541 1163 ‚
1570 1131 1631 1158 facti
1660 1138 1750 1158 sunnis

957 1179 1079 1206 taetantes
1094 1178 1179 1214 (Psat.
1198 1186 1278 1210 cxxv,
1295 1177 1338 1211 2).
1357 1187 1365 1202 ι
1381 1177 1481 1209 Quibus
1495 1176 1654 1204 testimoniis
1669 1176 1750 1203 mani-

958 1226 1078 1258 festatur,
1095 1226 1168 1259 prins
1183 1225 1283 1252 ,ludwis
1308 1224 1509 1251 Testamentum
1531 1223 1598 1258 legis
1612 1230 1673 1250 esse
1688 1230 1750 1250 con-

958 1279 1073 1305 cessum,
1090 1275 1182 1306 postea
1198 1278 1262 1297 vero
1276 1269 1402 1302 gentibus
1416 1278 1423 1302 ;
1448 1269 1518 1302 (1¹th
1534 1274 1674 1303 propterea
1697 1268 1751 1295 col-

959 1318 1040 1345 tatum
1055 1323 1095 1345 est
1110 1317 1173 1347 iltis,
1191 1316 1251 1350 qnia
1267 1316 1293 1343 in
1308 1323 1341 1343 eo
1362 1322 1526 1349 cognoscere
1542 1319 1664 1349 poterant
1676 1313 1750 1340 Citri-

958 1368 1039 1396 stum‚
1064 1370 1143 1398 quem
1167 1362 1251 1390 Judaei
1268 1367 1360 1390 mente
1375 1362 1467 1388 caecati
1485 1368 1651 1396 nequaquam
1674 1359 1751 1387 intel·

958 1409 1053 1445 ligunt.

1246 1452 1360 1481 CAPUT
1378 1452 1439 1480 XX.

962 1501 1095 1537 Scriptura
1109 1509 1159 1528 non
1185 1502 1268 1528 solum
1287 1501 1462 1533 historialiter,
1485 1500 1529 1527 sed
1557 1500 1635 1527 etiam
1648 1500 1752 1535 mystice

1233 1548 1398 1582 intelliqenaa
1418 1553 1465 1575 est.

995 1595 1022 1622 l.
1038 1594 1115 1628 Quod
1137 1594 1206 1629 legis
1231 1595 1363 1629 scriptura
1386 1603 1438 1622 non
1455 1595 1542 1622 solum
1566 1594 1751 1627 historialiter,

957 1641 1003 1670 sed
1026 1641 1106 1669 etiam
1134 1642 1247 1677 mystico
1262 1649 1353 1674 sensu,
1383 1642 1408 1668 id
1424 1646 1475 1675 est,
1492 1642 1666 1675 spiritualiter
1691 1649 1751 1669 sen-

956 1687 1046 1717 tienda
1061 1691 1114 1720 est,
1129 1687 1208 1714 docet
1228 1687 1356 1714 Dominus
1373 1686 1399 1713 in
1413 1686 1529 1714 Psalmis
1545 1695 1552 1714 :
1571 1695 1581 1712 ι
1601 1686 1749 1720 Attendite,

957 1738 1047 1773 populi
1062 1737 1125 1769 mei,
1147 1735 1232 1770 legem
1250 1741 1353 1766 meam;
1375 1733 1501 1761 inclinate
1526 1741 1619 1761 aurem
1636 1738 1751 1760 vestram

957 1785 983 1812 itt
1007 1784 1090 1811 verba
1106 1783 1159 1810 oris
1181 1781 1246 1814 mei,
1274 1780 1391 1815 aperiam
1414 1781 1439 1807 in
1457 1780 1590 1814 parabolis
1604 1787 1635 1807 os
1651 1787 1751 1812 meum,

958 1831 1052 1865 loquar
1076 1828 1272 1863 propositiones
1294 1826 1327 1853 ab
1351 1826 1424 1852 initio
1441 1824 1528 1860 (Psal.
1557 1833 1660 1855 mxxvii.
1681 1825 1721 1860 t).
1739 1833 1749 1850 ι

958 1876 1034 1910 Quod
1059 1876 1138 1903 etiam
1156 1873 1287 1908 propheta
1310 1873 1337 1899 in
1361 1873 1414 1899 alio
1429 1872 1529 1906 psalmo
1545 1872 1696 1903 confirmat,
1712 1871 1753 1898 di·

959 1930 1022 1950 cens
1037 1930 1043 1948 :
1070 1920 1204 1947 Inclinobo
1218 1920 1250 1945 ad
1264 1919 1460 1945 similitudinem
1474 1926 1559 1945 aurem
1576 1926 1668 1950 meam,
1692 1925 1752 1953 ape-

959 1969 1025 1995 riam
1039 1968 1065 1994 ιἰι
1080 1966 1200 2001 psalterio
1215 1965 1351 1999 oeniymuta
1367 1972 1422 1991 mea
1437 1963 1521 1999 (Psoi.
1539 1971 1631 1995 xuvttt,
1645 1962 1690 1997 5).

995 2013 1023 2041 2.
1049 2013 1077 2040 In
1102 2011 1274 2038 similitudine
1289 2011 1371 2042 enim,
1395 2010 1578 2042 etaenitrtnate
1602 2009 1753 2036 sentiuntur

961 2059 1050 2087 omnia
1071 2056 1282 2092 legis;aenigma
1297 2056 1366 2082 enim
1393 2059 1435 2082 est
1461 2055 1573 2082 obscura
1597 2053 1751 2087 similitudo,

962 2112 1009 2139 per
1023 2112 1102 2138 quatit
1118 2107 1242 2129 monetur
1267 2102 1346 2128 liomo
1361 2106 1390 2128 ιιι
1414 2109 1460 2128 eor
1474 2108 1550 2128 suum
1564 2105 1652 2132 acuat,
1678 2104 1705 2126 et
1719 2098 1752 2126 ad

961 2150 1090 2178 interiora
1103 2148 1274 2183 intelligenda
1287 2148 1432 2181 confugiat.
1445 2148 1488 2174 Sic
1501 2155 1606 2181 quoque
1617 2146 1753 2180 Sapientia

961 2205 1008 2232 per
1032 2197 1202 2224 Salomonem
1227 2195 1310 2222 dit-it:
1339 2194 1427 2222 Scribe
1452 2193 1535 2228 leym
1557 2193 1700 2228 dupliciter,
1730 2194 1754 2218 et

962 2241 1093 2277 tripliciter
1108 2241 1135 2267 in
1149 2240 1224 2266 corde
1238 2244 1291 2266 tuo.
1307 2238 1454 2272 Dupliciter
1475 2238 1546 2264 enim
1561 2238 1676 2264 sentitur
1698 2235 1753 2268 lex,

963 2291 991 2314 ut
1006 2287 1081 2321 prius
1095 2285 1241 2312 secundum
1267 2283 1422 2315 historiam,
1443 2282 1519 2316 103
1535 2281 1632 2308 deinde
1655 2287 1753 2307 secun·
1808 2309 1822 2318 ,.

961 2334 1023 2361 dum
1051 2334 1278 2359 incramentorum
1306 2328 1506 2362 intelligentiam
1531 2326 1672 2353 sentiatur.
1696 2325 1754 2351 Tri·
1789 2318 1793 2324 '
1805 2344 1818 2379 L

960 2380 1063 2415 pliciter
1072 2383 1162 2406 autem
1175 2377 1309 2408 scribitur,
1325 2375 1388 2403 dum
1404 2382 1456 2402 non
1471 2374 1557 2402 solum
1569 2373 1752 2406 historialiter,
1783 2358 1792 2379 ’

992 2455 1019 2483 2.
1037 2456 1090 2488 ΑΙ..
1108 2460 1205 2490 postea.
1219 2461 1266 2488 pro
1277 2458 1420 2489 propterea.
1439 2453 1510 2481 Man.

994 2492 1059 2519 Car.
1077 2499 1122 2518 xx.
1135 2491 1166 2519 Ν.
1180 2492 1204 2517 t.
1220 2491 1275 2520 At..
1287 2489 1448 2520 accipienda.
1464 2497 1511 2521 pro
1523 2488 1664 2516 sentienda.
1679 2487 1751 2516 Min.

995 2525 1021 2553 2.
1035 2526 1124 2554 Scribe
1144 2527 1223 2557 lenem
1235 2525 1372 2554 dunlt'citer
1381 2530 1403 2551 et
1414 2523 1547 2558 tripliciter
1565 2524 1592 2550 ia
1609 2524 1686 2550 corde
1697 2528 1751 2551 tuo.

961 2561 1089 2590 Proverb.
1111 2568 1177 2592 xxn,
1194 2560 1228 2588 Ἃ)
1243 2569 1250 2587 ;
1265 2559 1331 2586 Ecce
1345 2560 1470 2593 desei-ipsi
1482 2567 1540 2587 eam
1561 2559 1606 2585 tibi
1619 2559 1753 2593 tripliciter

961 2598 988 2624 in
1002 2597 1211 2630 conflationibus,
1228 2600 1251 2622 et
1275 2596 1390 2622 scientia.
1419 2594 1595 2629 Septuaginta
1610 2602 1618 2620 :
1635 2592 1756 2622 Describe

964 2640 1020 2660 eam
1033 2631 1079 2658 tibi
1094 2631 1143 2667 ipsi
1153 2631 1298 2665 tripliciter,
1321 2631 1348 2658 in
1362 2630 1507 2664 consitium,
1518 2633 1542 2657 et
1562 2637 1576 2656 t:
1611 2628 1740 2656 stationem

966 2667 1037 2703 quod
1052 2667 1102 2694 nisi
1117 2674 1150 2694 ex
1162 2667 1212 2694 hoc
1222 2666 1293 2697 loco.
1309 2666 1401 2694 nescio
1415 2666 1486 2693 unde
1496 2673 1528 2693 ea
1545 2671 1597 2701 ver>
1611 2672 1627 2692 a
1646 2645 1754 2692 desumi

968 2707 1124 2737 potuerunt.
1138 2701 1269 2729 Nimirum
1286 2701 1403 2730 isidorus
1415 2701 1522 2729 diversa
1543 2698 1667 2728 Minoae
1689 2702 1728 2726 ιιι

966 2742 1017 2765 est.
1033 2737 1120 2770 Quod,
1132 2742 1230 2772 praeter
1241 2744 1272 2764 ea
1284 2744 1344 2772 quae
1357 2735 1429 2764 dieta
1442 2740 1518 2769 sunt,
1539 2733 1658 2763 declarat
1686 2749 1696 2754 υ
1715 2750 1721 2760 -.
1744 2741 1756 2762 „2

968 2773 1092 2800 ttabacue
1100 2779 1138 2805 ιιι,
1146 2779 1216 2800 vers.
1225 2771 1477 2805 multimammiam
1485 2766 1729 2810 adduamsupprto
1752 2767 1756 2790 t

968 2808 1027 2840 lib..
1052 2815 1112 2840 cap.
1127 2807 1182 2840 55;
1195 2814 1258 2835 nam
1273 2806 1319 2836 ubi
1337 2807 1384 2835 atii
1395 2813 1491 2836 oium
1501 2805 1597 2840 lugunt
1613 2808 1646 2833 αι
1704 2831 1706 2836 ,

968 2843 995 2870 t‘n
1011 2843 1116 2871 Catttico
1127 2843 1193 2878 ejus.
1203 2842 1351 2872 sivemtor
1362 2842 1390 2873 tn
1403 2841 1654 2876 ”dudam
1680 2857 1682 2865 ›
1695 2853 1696 2858 ¹
1720 2843 1747 2871 ¹³1,

969 2886 1015 2906 rus
1025 2877 1090 2914 tegit
1103 2883 1130 2906 ut
1141 2877 1279 2907 nimmia
1294 2877 1413 2907 claritat·
1422 2877 1488 2913 ojus.
1505 2875 1619 2909 Hane...
1633 2880 1740 2904 unu-uo·-
