1832 3016
195 141 249 169 543

197 242 424 272 resurrectionem
439 242 535 267 natura
550 237 688 274 proficiat,
704 241 733 265 et
751 236 786 264 ad
800 236 986 271 contemplan-

196 289 258 316 dum
272 288 356 315 Deum
379 285 514 313 indelessa
529 287 685 318 consurgat,
701 282 794 310 videre
817 285 908 309 tamen
930 281 990 316 ejus

195 334 339 362 essentiam
354 333 433 368 plene
449 339 502 359 non
515 330 602 364 valet,
617 337 697 365 quam
719 336 769 357 nee
783 329 842 364 ipsa
857 329 989 364 periectio

195 379 315 414 angelica
329 379 356 406 in
373 382 458 406 totum
474 376 582 411 attingit
602 376 683 409 scire,
703 375 851 404 secundum
874 377 990 410 Aposto-

197 425 263 457 lum,
285 425 329 460 qui
345 424 400 451 ait:
415 423 475 450 Pax
485 423 545 455 Dei,
559 430 617 458 quoe
632 427 768 458 exsuperat
778 430 877 449 omnem
888 430 990 448 relisum

197 471 326 506 (Philipp.
340 470 425 504 ιν,7),
445 475 474 496 ιιι
485 469 637 501 subaudias,
650 469 729 496 etiam
742 469 910 504 angelorum.
927 468 990 496 Sola

197 517 268 544 enirn
293 515 410 542 Trinitas
426 515 476 542 sibi
493 515 596 549 integre
616 519 677 541 nota
693 519 744 546 est,
765 519 793 541 et
809 514 960 541 humanitas
976 522 991 541 a

193 562 303 590 miri-to
317 565 521 596 siiscrpta‚qu:e
538 562 613 588 tertia
623 565 666 588 est
679 561 704 588 in
717 561 848 588 Trinitate
863 567 991 595 persona:

230 606 257 633 2.
286 606 493 640 intelligibiliter
511 606 626 640 quodam
653 607 722 633 miro
738 606 818 633 modo
835 606 880 633 Dei
895 614 990 634 essen-

196 654 230 679 tia
247 653 308 679 sciri
332 657 432 687 potest,
447 652 510 680 dum
533 660 593 680 esse
604 652 734 680 creditur.
747 653 819 687 Opus
839 660 903 679 vero
916 652 987 688 ejus,

194 699 264 733 quod
281 700 374 733 utique
389 699 488 734 :equari
506 699 530 726 ei
554 707 607 726 non
634 702 732 734 potest,
759 703 838 734 atque
852 699 952 734 judicia
972 707 987 726 a

194 746 268 772 nullo
284 745 390 780 penitus
403 746 534 773 sciuntur.
550 746 596 773 Dei
608 751 711 773 secreta
726 746 824 779 judicia
842 754 895 773 non
911 754 989 780 posse

194 799 275 819 sensu
293 793 440 826 penetrari,
454 792 495 820 vel
509 793 642 827 angelico,
653 793 694 819 vel
712 793 828 820 humano
846 793 986 828 (constat).

194 837 228 864 Et
256 838 315 864 ideo
337 838 397 872 quia
421 838 537 870 occulta,
561 838 607 866 sed
630 838 702 873 justa
717 844 789 871 sunt,
821 841 987 868 tantumdem

194 885 318 911 venerari
335 892 364 912 ea
387 892 454 919 opus
470 889 522 917 est,
541 890 567 912 et
582 885 686 918 timere,
704 893 756 912 non
781 885 926 919 discutere.
943 892 989 914 aut

194 930 331 965 inquirere
343 951 350 964 ,
384 931 532 958 secundum
558 932 727 966 Apostolum,
754 933 799 967 qui
828 933 865 959 ait
891 942 897 959 t
928 934 990 966 Quis

193 977 261 1003 em'm
280 978 396 1012 coynovit
419 987 518 1005 sensum
547 978 663 1013 Domini,
689 984 732 1005 αιιι
757 980 814 1013 quis
829 981 990 1008 consiliarius

194 1023 247 1056 eius
262 1022 310 1057 suit
332 1021 360 1057 (Ι
376 1023 435 1050 Cor.
450 1031 480 1056 ιι,
496 1023 560 1056 iffi?

214 1104 290 1137 Quod
305 1112 336 1131 ex
351 1110 475 1132 creaturae
491 1069 681 1139 pilcrligxullixe
694 1112 848 1141 aqnoscatur
861 1114 969 1136 creator.-

232 1150 256 1176 l.
279 1150 356 1184 Saepe
385 1151 418 1178 ad
444 1151 631 1186 incorpoream
661 1153 800 1181 Creatoris
826 1156 987 1190 magnitudi-

195 1204 255 1223 nem
272 1202 455 1224 creatnrarum
470 1206 600 1233 corporea
618 1201 774 1234 magnitudo
796 1203 969 1236 componitur
980 1225 987 1236 ,

195 1247 223 1268 ut
239 1250 332 1276 magna
348 1244 555 1271 considerentur
572 1253 605 1272 ex
622 1247 723 1279 parvis,
747 1252 774 1274 et
789 1254 821 1274 ex
838 1248 988 1276 visibilibus

196 1287 336 1315 invisibilia
351 1290 528 1321 aestimeulur,
546 1295 626 1325 atque
643 1299 675 1319 ex
692 1292 890 1325 pulchritudine
910 1296 985 1329 121

195 1335 324 1362 sactorum
350 1335 460 1363 effector
486 1345 596 1371 operum
621 1345 794 1372 agnoscatur,
823 1348 875 1366 non
899 1345 986 1368 tamen

197 1381 330 1414 parilitate
344 1382 487 1415 consimili,
503 1383 550 1410 sed
564 1391 596 1410 cx
611 1384 723 1418 quadam
740 1385 844 1412 subdita
859 1391 885 1412 et
898 1391 985 1414 creata

195 1426 285 1461 specie
299 1427 370 1453 boni.

228 1471 254 1499 ⁹2.
281 1472 355 1499 Sicut
372 1480 416 1500 ars
443 1473 469 1500 in
494 1475 625 1502 artificem
649 1480 788 1510 retorquet
808 1477 926 1510 laudeni,
951 1479 985 1506 ita

195 1525 284 1545 rerum
309 1518 421 1546 Creator
448 1527 495 1553 per
509 1527 659 1548 creaturam
685 1530 759 1549 snam
788 1523 930 1556 laudatum
958 1529 985 1551 et

196 1568 297 1599 quanto
322 1564 356 1591 sit
372 1565 562 1599 excellentior,
581 1575 614 1594 ex
641 1567 697 1601 ipsa
724 1568 813 1602 operis
834 1559 1026 1598 conditioneC

197 1615 371 1638 monstratur.
384 1612 421 1639 Ex
436 1612 633 1645 pulchritudine
642 1613 850 1647 circumscriptae
861 1621 989 1642 creatura}

195 1656 421 1690 pulchritudinem
436 1665 524 1691 suam,
537 1666 596 1692 quac
612 1659 796 1686 circumscribi
813 1662 913 1695 nequit,
928 1662 990 1688 lacit

194 1701 265 1729 Deus
281 1702 405 1735 intelligi,
421 1708 449 1730 ut
463 1704 527 1738 ipsis
544 1705 664 1739 vestigiis
679 1711 828 1733 revertatur
856 1707 935 1734 homo
955 1708 988 1734 ad

193 1748 289 1782 neum,
307 1749 405 1782 quibus
420 1758 531 1778 aversus
545 1756 598 1783 est,
616 1755 644 1777 ut
659 1753 704 1785 uui
728 1760 775 1786 per
790 1760 910 1781 amorem
935 1757 990 1788 pul-

193 1794 350 1823 chritudinis
366 1801 506 1829 creatum,
523 1805 537 1823 a
552 1796 686 1824 Creatoris
709 1798 794 1826 torma
809 1806 838 1826 se
859 1800 987 1834 abstulit,

192 1848 298 1868 rursum
317 1850 363 1876 per
378 1848 508 1870 creaturoe
523 1843 650 1871 decorem
665 1844 697 1871 ad
713 1844 848 1872 Creatoris
860 1851 989 1874 ¹reverta-

193 1891 235 1914 tur
251 1887 484 1922 pulchritudinem.

226 1943 358 1980 2.Greg.‚
374 1945 419 1972 lib.
444 1945 537 1972 Moral.
554 1954 579 1979 v,
603 1953 663 1981 cap.
686 1946 732 1981 20,
757 1951 784 1974 et
811 1948 857 1975 lib.
882 1949 977 1976 Moral.

192 1987 274 2011 xxvu,
287 1988 345 2014 cap.
362 1981 389 2006 2.
412 1981 518 2009 Lausi.

226 2015 294 2042 Ilia.
305 2016 386 2048 Opus.
395 2016 534 2051 Extireg..
546 2017 591 2044 lib.
601 2026 617 2044 ιι
628 2018 741 2052 Dialog.‚
751 2025 809 2052 cap.
820 2019 862 2046 15.
873 2019 982 2047 Lotisi.

227 2051 296 2076 Iln‘d⁴
311 2051 342 2078 Et
353 2052 419 2078 ideo.
433 2051 524 2087 Greg„
537 2052 583 2080 lib.
600 2061 670 2080 xxxtt
687 2054 857 2088 Moral.,cap.
868 2054 895 2085 5,
913 2055 984 2082 unde

192 2085 267 2112 loeus
287 2086 381 2113 isidori
395 2088 551 2122 desumptus
567 2097 572 2114 :
589 2089 720 2121 Superum,
734 2090 828 2124 inquit,
845 2092 982 2120 sententia.

191 2121 237 2146 etsi
256 2129 306 2147 nou
330 2127 365 2148 est
380 2123 495 2157 cognitu,
512 2132 561 2149 uon
583 2129 667 2150 tamen
682 2125 801 2151 credatur
814 2126 922 2160 injusta,
939 2127 984 2152 sed

191 2163 221 2181 eo
235 2156 324 2182 saltem
343 2158 442 2190 iustum
457 2159 576 2185 credatur
590 2167 663 2185 omne
678 2160 746 2192 quod
762 2161 868 2194 patitur,
884 2169 934 2195 quo
949 2162 983 2187 7ιὶ-

191 2190 283 2216 mirum
295 2197 393 2218 constat
407 2193 473 2226 quod
486 2193 538 2219 Deo
557 2199 660 2220 attclore
675 2196 780 2227 patitur.
799 2195 907 2222 homi.

226 2224 291 2252 CAP.
306 2234 342 2253 tv.
358 2226 390 2253 N.
407 2229 433 2254 1.
450 2228 489 2254 Ex
510 2226 635 2263 Gregor„
653 2229 700 2255 lib.
717 2230 811 2257 Moral.
827 2239 902 2263 xxvi,
920 2239 979 2266 cap.
997 2218 1023 2249 D

191 2260 218 2287 8.
237 2261 343 2289 Lon—a.

228 2296 298 2323 Ibid.
309 2297 349 2324 Ab
358 2297 408 2324 hoc
421 2298 507 2331 capite
515 2298 582 2324 Taio
590 2298 727 2325 diversum
739 2299 860 2327 ordinem
871 2307 982 2329 senten·

193 2332 289 2359 tiarum
303 2338 403 2365 servat,
422 2338 449 2360 et
463 2334 496 2361 de
521 2334 570 2359 liae
588 2334 651 2367 agit,
668 2340 728 2368 cap.
742 2336 756 2360 ll
770 2342 776 2360 :
789 2335 840 2361 Pro
853 2343 984 2364 creatura-

194 2376 285 2396 rum...
305 2369 477 2402 componitur,
489 2369 533 2396 alii
541 2373 697 2396 creaturoe...
711 2377 767 2396 com
786 2377 883 2397 aratur.
899 2375 983 2399 Anav-

228 2403 256 2429 2.
271 2403 371 2433 Similis
385 2409 426 2431 est
445 2405 580 2432 sententia
594 2405 619 2431 in
639 2406 751 2440 August.
775 2405 812 2432 ib.
825 2413 843 2432 ιι
854 2406 985 2434 delibero

195 2439 296 2472 Arne,
313 2446 371 2474 cap.
389 2439 417 2466 7.
432 2439 541 2467 LoAtsA.

228 2473 298 2501 laid.
319 2475 375 2508 Al„
401 2474 473 2503 Sicut
493 2483 568 2511 opus,
584 2479 608 2503 et
622 2483 674 2502 ara.
689 2494 697 2502 .
708 2494 716 2503 .
730 2479 759 2502 ut
779 2476 840 2512 quia
853 2485 899 2512 per
912 2485 985 2505 amo-

192 2518 255 2536 rem.
272 2510 359 2538 Auev.

227 2544 256 2573 5.
272 2545 310 2573 Ex
324 2545 404 2580 Aug..
417 2546 511 2579 psalm.
522 2553 621 2574 cxtvttt
635 2545 715 2580 :Ipsa
724 2547 826 2582 quidem
837 2556 881 2582 per
894 2556 922 2575 se
931 2548 970 2584 (lo

193 2581 284 2614 quitur
297 2580 332 2608 de
347 2581 587 2618 irrationabilibus)
601 2590 716 2609 vocestut
731 2587 755 2609 et
777 2584 855 2610 corde
869 2591 916 2610 suo
931 2593 984 2612 non

193 2616 299 2643 laudum
325 2616 415 2648 Deum,
437 2617 482 2644 sed
495 2617 526 2644 ab
547 2617 747 2653 intelligentibus
769 2619 983 2655 considerantur,

194 2659 239 2686 per
249 2653 306 2685 ipsa
321 2652 442 2679 laudatur
458 2652 538 2680 Deus.
553 2651 664 2681 Loarsa.

228 2686 299 2714 loia.
315 2688 370 2720 Al.‚
383 2688 445 2723 quia
459 2688 574 2715 eamdem
587 2688 702 2716 laudem.
717 2691 803 2718 Attssv.

230 2726 260 2756 4.
271 2727 403 2764 Antiquos
426 2727 600 2763 philosophos
611 2734 700 2763 vocat,
733 2730 759 2758 ui
782 2729 817 2758 de
829 2729 877 2758 Dei
891 2734 986 2759 natura

193 2762 267 2789 varie
281 2764 456 2797 scripserunt.
467 2766 496 2792 et
507 2769 662 2798 senserunt,
675 2769 706 2792 ut
737 2766 811 2794 icero
823 2766 850 2794 in
863 2765 939 2794 libris
950 2765 986 2794 de

194 2795 292 2824 Natura
307 2798 419 2827 deorum
431 2799 533 2832 docuit.
550 2803 579 2828 et
601 2801 672 2828 iuter
683 2801 736 2829 alin
751 2807 812 2830 esne
825 2800 911 2830 Deum
925 2800 985 2830 ani-

194 2836 267 2859 inum
283 2841 331 2865 per
341 2841 436 2862 omnes
450 2834 543 2864 mundi
556 2841 647 2872 partes
662 2834 938 2874 uadimonium,
951 2839 983 2866 et

194 2872 244 2902 per
252 2873 360 2897 omnem
366 2873 492 2900 naturam
498 2870 711 2908 mauritan.
719 2877 739 2902 ι
746 2868 911 2909 ‹tuo‘etltttu
921 2876 982 2908 quin

739 133 769 162 S.
790 133 912 161 lSlDORl
933 133 1155 163 ulst‘AtAErists
1176 135 1328 164 EPlSCOl’l

196 197 320 235 quamvis
330 194 455 230 usquead
466 192 630 228 parilitatem
637 191 788 227 angelicam
797 190 917 218 humana
929 195 991 224 post
1003 193 1030 222 A
1078 192 1105 220 5.
1118 193 1282 227 Quibusdam
1294 194 1419 229 gradibus
1433 195 1614 230 intelligentiae
1627 203 1771 232 percreatu

1045 240 1212 275 progreditur
1222 241 1302 269 ltomo
1314 242 1346 269 ad
1358 243 1559 277 intelligendum
1572 243 1655 271 Deum
1669 249 1788 272 creatore

1043 286 1069 314 id
1080 290 1132 321 est,
1144 287 1178 314 ab
1189 288 1388 315 insensibilibus
1401 296 1513 323 surgens
1524 289 1556 316 ad
1567 290 1719 324 sensibilia3
1741 299 1754 317 a
1770 298 1783 318 s

1044 334 1168 363 sibilibus
1193 343 1305 370 surgens
1329 337 1362 364 ad
1386 338 1572 371 rationabilia;
1586 345 1603 365 a
1628 339 1798 366 rationabilib

1045 388 1157 416 surgens
1177 384 1211 411 ad
1235 384 1403 412 Creatorem.
1427 385 1606 419 intelligibilia
1625 393 1672 420 per
1685 393 1715 413 se
1729 387 1798 414 colla

1044 427 1106 455 dant
1124 429 1218 463 Deum,
1235 430 1430 458 irrationabilia
1445 436 1472 458 et
1487 432 1649 459 insensibilia
1666 440 1718 459 non
1730 440 1778 467 per

1043 474 1089 501 sed
1105 482 1153 509 per
1167 483 1225 506 nos.
1242 477 1303 503 dum
1320 485 1350 504 ea
1364 478 1566 505 considerantes
1579 479 1661 506 Deum
1677 479 1801 506 laudamu

1043 519 1095 547 Sed
1112 520 1173 548 ideo
1185 521 1312 549 dicuntur
1335 523 1442 550 laudare
1458 523 1525 559 ipsa.
1546 525 1606 559 quia
1618 525 1710 552 eadem
1723 525 1800 552 laude

1042 573 1135 593 eertum
1152 567 1265 600 parturit
1275 576 1366 596 causa.

1077 610 1105 639 4.
1118 612 1244 639 Dixerunt
1257 613 1366 647 antiqui,
1380 615 1449 648 quod
1467 615 1530 641 nihil
1544 620 1595 642 tam
1609 615 1691 644 hebes
1701 617 1744 649 sit,
1761 626 1794 652 qu

1043 650 1096 684 non
1112 665 1220 684 sensum
1234 657 1329 686 habeat
1345 659 1371 686 in
1387 659 1478 686 [teum.
1497 660 1562 687 ilinc
1573 666 1614 688 est
1629 662 1693 688 illud
1709 663 1777 696 quod

1042 704 1119 730 silicc
1139 704 1206 731 duro
1223 705 1339 732 scintilla
1356 707 1498 733 excutitur.
1518 707 1549 734 Et
1574 708 1595 734 si
1613 708 1681 742 ignis
1705 709 1731 735 in
1756 717 1803 736 sax

1042 750 1134 784 utique
1155 750 1190 778 ibi
1204 752 1320 777 sentitur
1336 759 1444 783 sensus,
1461 753 1503 779 nbi
1519 761 1549 780 se
1564 754 1618 780 vita
1633 761 1686 781 nou
1702 754 1794 782 sentit.

1272 799 1364 833 '122
1384 798 1497 826 CAPUT
1517 800 1550 827 V.

1044 842 1119 875 Quod
1141 851 1172 869 ea:
1191 851 1240 869 usu
1264 849 1350 871 nostro
1363 846 1479 878 quanam
1502 847 1597 881 species
1610 848 1645 875 ad
1660 848 1741 876 Deum
1765 858 1793 877 re

1389 887 1488 909 rantur.

1078 924 1104 951 1.
1129 924 1225 951 Nostro
1255 932 1302 951 usu
1329 925 1416 953 zelare
1439 927 1508 954 Deus
1533 928 1640 962 dicitur,
1660 930 1700 956 vel
1727 924 1832 971 dolerej

1043 969 1140 996 lloruin
1156 970 1226 997 enim
1244 977 1359 997 motuum
1373 973 1442 1006 apud
1469 974 1550 1001 lleurn
1572 976 1738 1009 perturbatio
1761 975 1832 1012 nulli

1042 1020 1094 1047 est,
1109 1016 1178 1049 apud
1195 1024 1272 1050 quein
1291 1019 1470 1052 tranquillitas
1486 1027 1588 1047 summa
1605 1026 1655 1048 est.
1672 1022 1730 1049 Non
1745 1023 1780 1050 ita
1791 1024 1832 1060 eo(

1044 1061 1234 1096 praecipitanda
1252 1064 1348 1090 mentis
1372 1065 1516 1098 sententia,
1541 1070 1569 1092 ut
1590 1066 1732 1094 credamus
1753 1074 1832 1107 possq

1044 1107 1098 1134 Deo
1114 1108 1209 1134 luroris
1226 1110 1266 1136 vel
1282 1111 1437 1138 minationis
1448 1111 1570 1139 accidere
1586 1113 1816 1147 perturbationem

1040 1153 1087 1180 sed
1103 1152 1187 1187 ipsam
1204 1155 1355 1189 aequitatem
1375 1155 1496 1190 justitiae,
1510 1165 1560 1191 qua
1583 1165 1643 1186 reos
1658 1161 1742 1194 punit,
1766 1160 1804 1188 ira

1040 1207 1116 1226 sacra
1140 1201 1219 1229 let-tio
1256 1203 1412 1235 nominavit,
1437 1205 1561 1239 quoniam
1589 1206 1659 1240 quod
1684 1207 1793 1241 judicari

1040 1255 1145 1282 aequum
1162 1252 1213 1281 est,
1239 1248 1313 1275 furor
1337 1255 1388 1282 est,
1412 1255 1439 1277 et
1465 1251 1610 1286 indignatio
1633 1254 1767 1288 patientis.

1077 1293 1103 1320 ⁶2.
1119 1293 1156 1320 lta
1169 1302 1234 1327 ergo
1250 1294 1400 1329 intelligere
1413 1303 1482 1330 opus
1498 1301 1539 1324 est
1553 1302 1580 1325 et
1595 1299 1661 1326 allas
1677 1300 1832 1344 passionen

1041 1348 1075 1374 qu
1087 1348 1107 1366 ιε
1123 1340 1156 1366 de
1167 1340 1309 1368 allectione
1322 1342 1436 1369 humana
1453 1342 1526 1371 ducit
1540 1345 1678 1380 Scriptura
1692 1347 1725 1373 ad
1737 1339 1832 1388 Deum]

1041 1390 1069 1411 ut
1091 1390 1117 1411 et
1140 1386 1214 1419 Juxta
1241 1394 1269 1412 se
1298 1387 1525 1416 incommutabilis
1555 1391 1591 1417 sit
1612 1392 1782 1426 credendus,

1041 1435 1127 1457 tamen
1139 1439 1186 1465 pro
1197 1438 1337 1459 causarum
1347 1433 1496 1466 effectibus,
1506 1441 1532 1461 ut
1542 1436 1644 1463 l‘aeilius
1655 1393 1832 1486 intelligatua

1039 1483 1138 1505 nostrae
1152 1479 1293 1506 locutionis
1308 1484 1334 1507 et
1354 1482 1537 1509 mutabilitatis
1551 1491 1650 1517 genere
1668 1486 1817 1520 appelletur

1078 1525 1106 1551 5.
1133 1524 1198 1551 Tam
1213 1526 1361 1553 clementer
1388 1527 1458 1554 Deus
1475 1528 1597 1556 humanae
1619 1532 1733 1559 consulit
1754 1532 1799 1560 inti
1812 1523 1823 1533 ”’

1044 1571 1154 1598 mitati?
1171 1571 1204 1598 Ut
1218 1573 1278 1606 quia
1294 1580 1354 1599 eum
1372 1573 1441 1601 sicut
1455 1581 1497 1601 est
1511 1583 1563 1602 non
1575 1583 1717 1610 possumus
1737 1586 1786 1613 agn
1814 1569 1819 1575 ’

1043 1625 1115 1649 cere,
1129 1623 1229 1645 noslrae
1241 1618 1382 1646 locutionis
1396 1628 1469 1648 more
1481 1621 1605 1655 seipsum
1617 1623 1694 1650 nobis
1705 1624 1792 1651 insinu
1815 1613 1821 1618 ⁴

1044 1663 1119 1690 Unde
1143 1668 1171 1690 et
1187 1665 1367 1691 membrorum
1386 1671 1539 1693 nostrorum
1560 1668 1715 1701 qualitatem
1732 1669 1800 1697 habe

1044 1709 1218 1742 describitur,
1235 1715 1261 1736 et
1275 1711 1430 1745 passionum
1447 1712 1555 1747 indigna
1571 1713 1623 1740 dici
1641 1714 1673 1740 dc
1688 1723 1716 1740 se
1728 1716 1810 1743 rnlnit

1045 1759 1123 1794 123
1138 1763 1268 1793 qttatenus
1285 1759 1316 1786 ad
1333 1767 1379 1788 sua
1392 1781 1400 1794 ,
1425 1768 1472 1795 per
1501 1766 1592 1789 nostra
1618 1769 1666 1789 nos
1693 1713 1832 1816 trabere&

1042 1807 1069 1829 et
1085 1803 1147 1829 dum
1173 1803 1366 1830 condescendit
1382 1803 1469 1837 nobis,
1487 1812 1711 1840 consurgeremus
1725 1807 1762 1834 ei.

1076 1848 1103 1876 4.
1122 1849 1209 1876 Multis
1221 1849 1307 1876 modis
1322 1850 1392 1877 Deus
1406 1851 1439 1878 ad
1452 1851 1656 1886 significandum
1672 1861 1702 1880 se
1715 1853 1786 1881 homi
1814 1862 1820 1877 .-

1047 1894 1096 1921 bus
1109 1894 1141 1921 de
1156 1895 1329 1922 inferioribus
1341 1897 1420 1924 rebus
1431 1898 1534 1932 species
1554 1899 1586 1924 ad
1599 1905 1630 1926 se
1643 1899 1734 1932 trabit;
1753 1907 1797 1934 qu

1038 1957 1182 1979 nascuntur
1198 1952 1321 1979 animalia
1335 1954 1416 1982 vitam
1432 1959 1460 1982 et
1475 1955 1598 1989 spiritum
1615 1957 1733 1991 capiant,
1748 1964 1801 1993 qua
1816 1954 1826 1991 f

1038 1988 1198 2015 sententiam
1216 1987 1341 2023 Virgilius
1354 1992 1419 2017 inire
1430 1993 1573 2025 expressit.
1810 2024 1815 2027 ,

1099 2033 1220 2063 Principio
1231 2033 1329 2064 coelum,
1350 2041 1377 2058 ac
1390 2039 1475 2065 terras,
1489 2042 1637 2067 camposque
1649 2037 1783 2067 liquentes.
1804 2037 1823 2091 ἲ

1101 2064 1287 2096 Lucentemque
1306 2067 1406 2095 globum
1418 2067 1490 2096 luna»,
1506 2067 1650 2099 'stantiaque
1661 2073 1733 2094 astra.

1100 2095 1206 2124 Spiritus
1220 2097 1285 2122 intus
1296 2098 1347 2125 alit,
1360 2102 1485 2129 totamque
1497 2098 1575 2123 intusa
1589 2106 1634 2130 per
1644 2103 1723 2125 artus.

1101 2126 1171 2150 Mens
1184 2128 1258 2157 agitat
1271 2129 1370 2159 molem,
1386 2133 1412 2152 et
1423 2135 1511 2160 magno
1522 2136 1550 2154 se
1561 2136 1666 2161 corpore
1678 2132 1774 2156 miscet.

1038 2166 1103 2194 Vide
1129 2168 1293 2203 Salvianum,
1316 2171 1361 2197 lib.
1386 2170 1420 2197 de
1440 2170 1621 2199 Providentia.
1647 2172 1758 2200 Loustt.
1820 2202 1825 2208 ⁴

1070 2202 1133 2229 Cir.
1143 2212 1166 2230 r.
1179 2204 1211 2230 N.
1223 2205 1247 2232 l.
1258 2206 1295 2232 Ex
1312 2206 1341 2232 D.
1354 2205 1446 2240 Greg..
1459 2206 1504 2233 lib.
1518 2215 1552 2233 xx
1563 2207 1790 2242 Moral.,cap.25‚

1034 2240 1115 2272 Aug..
1125 2239 1170 2266 lib.
1180 2241 1280 2268 Quaest.
1294 2242 1326 2267 ad
1339 2241 1471 2273 Stinplic„
1483 2250 1510 2274 (ι.
1521 2241 1550 2267 2.
1563 2242 1602 2269 De
1609 2243 1761 2270 nominibus
1771 2251 1798 2278 q

1036 2273 1091 2300 Deo
1105 2274 1285 2302 attribuuntur
1299 2277 1375 2302 divus
1393 2276 1570 2310 Hieronymus
1585 2277 1682 2304 librum
1709 2277 1777 2305 scri‘·
1788 2289 1798 2301 :‹

1039 2308 1087 2335 Est
1099 2309 1179 2335 etiam
1192 2310 1262 2343 apud
1275 2311 1386 2344 August.
1401 2311 1471 2338 liber
1481 2312 1514 2337 de
1527 2311 1651 2339 Esseutia
1665 2312 1781 2341 Divinita

1038 2344 1083 2376 qni
1099 2344 1133 2371 de
1145 2344 1329 2378 spiritualibus
1341 2345 1461 2372 formulis
1472 2346 1541 2380 apud
1554 2346 1717 2376 Eucherium
1735 2356 1782 2384 ap=

1039 2378 1119 2411 latur,
1146 2386 1160 2405 a
1177 2379 1271 2413 quibus
1296 2380 1410 2407 isidorus
1435 2380 1478 2407 h'c
1504 2381 1658 2416 frequenter
1681 2388 1770 2412 sente
1799 2386 1801 2390 ’

1038 2414 1142 2443 accinit.
1159 2414 1269 2442 tonsi.

1065 2448 1135 2476 Ibid.
1146 2449 1227 2478 Iram.
1245 2451 1368 2486 August..
1381 2450 1428 2478 lib.
1444 2459 1452 2478 ι
1466 2454 1561 2479 contra
1574 2453 1756 2482 adversarium
1780 2473 1783 2477 -

1037 2488 1064 2510 et
1078 2484 1214 2519 propliet.,
1239 2492 1298 2519 cap.
1315 2485 1351 2512 ΞΟ
1365 2493 1373 2513 :
1390 2485 1436 2513 tra
1458 2486 1507 2514 Dei
1520 2495 1569 2516 non
1590 2487 1667 2516 habet
1688 2486 1792 2524 pentir.

1036 2519 1116 2545 animi
1129 2519 1257 2547 ardorem.
1276 2521 1297 2548 E
1309 2521 1404 2555 psalm.
1423 2529 1522 2550 txxvut
1539 2522 1620 2556 xlm,
1640 2528 1664 2552 a
1682 2524 1775 2562 ulus...

1037 2560 1097 2580 sunt
1111 2554 1313 2589 perturbationes
1329 2557 1386 2584 Dei.
1404 2556 1461 2585 uuo
1474 2557 1542 2586 Cod.
1557 2566 1644 2587 mem:
1660 2558 1733 2587 Iram
1766 2575 1768 2577 ·
1784 2562 1790 2569 '

1037 2589 1112 2616 lectio
1131 2589 1283 2623 nominavit,
1308 2599 1375 2619 uuus
1399 2592 1449 2620 Ms.
1476 2594 1611 2622 consentit
1635 2601 1696 2623 cum
1712 2595 1777 2623 Ex

1037 2624 1107 2652 Iram
1123 2631 1150 2652 et
1165 2626 1330 2654 iracundiam
1342 2628 1496 2662 promiscue
1515 2629 1543 2657 in
1561 2629 1661 2658 divinis
1669 2629 1773 2666 ,litteris

1037 2660 1117 2687 venio
1139 2661 1193 2688 Deo
1207 2662 1327 2690 attribui.
1351 2663 1388 2690 be
1403 2663 1443 2691 ira
1456 2663 1519 2695 lob.
1531 2672 1558 2693 tx
1572 2673 1580 2692 ε
1593 2664 1678 2698 Dm,
1692 2666 1736 2702 cuj
1755 2678 1757 2682 r

1037 2703 1112 2722 nemo
1127 2697 1244 2726 resictere
1259 2702 1352 2733 potest.
1377 2698 1410 2726 Et
1425 2700 1520 2732 psalm.
1535 2707 1556 2728 ιι
1569 2708 1585 2727 :-
1648 2705 1744 2734 uetur,

1039 2731 1066 2758 in
1080 2731 1120 2759 ira
1133 2740 1192 2761 sua.
1207 2731 1324 2762 Paultl's:
1340 2733 1496 2763 revelabitur
1505 2735 1548 2763 iro
1558 2734 1618 2763 Dei.
1657 2734 1743 2770 ιιῒζ
1752 2763 1765 2768 ..

1036 2774 1082 2794 za:
1093 2766 1140 2795 titt·
1149 2768 1246 2797 immin
1256 2769 1298 2796 die
1309 2769 1373 2802 itm
1383 2773 1413 2798 et
1419 2769 1484 2808 fllia.
1496 2770 1535 2799 De
1544 2770 1680 2808 iracundi·
1692 2803 1698 2807 ,
1745 2776 1748 2777 ’

1036 2804 1447 2846 ietxxxssnadimmidss·
1552 2839 1556 2842 ‚
1626 2839 1630 2841 λ
1683 2842 1762 2845 Δ

1036 2845 1064 2866 'v
1070 2842 1141 2902 lai}
1148 2839 1465 2912 &diffinitam
1475 2871 1520 2911 to.
1528 2872 1566 2907 ,ιιὸ
1570 2872 1625 2906 tos
1635 2871 1639 2876 '
1648 2867 1662 2875 ”
