1832 3016
20 118 88 148 tm

411 110 639 146 QUAEsTtoNtzs
658 109 691 137 ΙΝ
711 109 791 138 VET.
812 108 965 137 rasum.
985 122 1020 128 -
1038 108 1072 135 ΙΝ
1093 107 1213 136 ttEGUtlt
1234 109 1267 134 tt.

1620 107 1674 133 410

73 176 118 204 ¹0.
139 174 235 212 Manno
255 173 348 209 quippe
363 170 496 199 inemtto
512 173 568 204 post
588 172 694 195 mortem
707 167 826 201 separari
838 169 866 199 A
915 164 960 192 ¹2.
981 165 1046 197 Sed,
1068 164 1190 200 quonium
1203 163 1255 190 sive
1276 162 1345 190 illud
1359 163 1416 198 lieri
1443 161 1534 198 possit,
1549 160 1602 188 sive
1621 168 1673 188 non

21 222 117 250 tbonos
138 230 154 248 a
166 220 241 248 mulis
255 220 281 247 in
295 215 433 251 Evangelio
455 215 573 251 legimus,
588 222 646 240 cum
660 213 726 240 inter
738 221 826 248 super-

23 268 183 296 tbumiltum
204 266 320 296 divitem,
340 270 398 290 cum
417 263 474 297 jam
493 261 562 296 opud
581 261 676 295 inferos
701 263 828 286 tormenta

22 319 174 350 moleretur,
190 317 212 340 et
233 310 318 342 illum,
337 309 381 343 qui
395 308 430 334 ad
444 308 500 343 ejtts
513 309 625 343 januam
639 306 770 333 ulcerosus
776 307 827 341 ja-

23 361 118 393 sebae,
135 361 194 396 jum
212 359 239 386 in
259 357 346 391 requie
374 355 549 386 constitutum,
561 361 681 388 magnum
697 352 774 379 chaos
787 353 824 379 in·

37 409 167 442 tenjectum
178 412 229 431 me
236 406 338 429 testetur
349 400 426 436 (Luc.
437 408 493 432 xvt,
503 399 563 433 26).

72 454 116 481 Η.
136 452 184 479 Asu
197 451 219 477 si
232 453 366 483 propterea
380 447 487 475 Samuel
500 446 522 473 εἰ
538 446 603 472 dixit
616 454 626 472 .·
642 444 743 472 Mecum
761 446 826 478 eris,

36 505 64 526 ut
75 506 126 525 non
145 496 178 523 ad
192 495 366 529 equalitatem
380 493 520 529 felicitatis,
532 493 576 520 sed
588 493 622 519 ad
641 499 726 526 parem
737 491 827 518 condi-

22 545 126 572 ·tionent
141 543 228 569 mortis
246 542 383 575 reseratur,
402 539 470 573 quod
482 543 585 573 uterque
605 538 681 564 homo
695 538 783 573 suerit.
802 539 828 563 et

23 595 135 624 ·uterque
151 589 216 614 mori
229 587 461 623 potuerit,jomque
473 589 587 611 mortuus
593 585 647 610 vivo
653 587 759 610 mortem
766 590 827 616 proe·

24 635 175 666 nuntiabat,
187 634 325 661 secundum
338 638 474 666 utrumque
487 632 564 666 iqitur
574 631 729 657 intellectum
737 629 829 656 habere

34 681 199 710 eaettumtmnc
206 681 350 711 lectionem,
357 680 399 714 qui
407 687 456 706 non
463 679 493 705 sit
505 683 593 704 contra
600 678 688 711 fidem,
696 676 828 712 perspicit,

34 730 132 766 opinor,
145 728 282 763 prudentio
291 733 352 760 tua;
363 727 412 753 nisi
423 728 489 761 sorte
498 726 657 760 profundiori
667 724 830 758 inquisitione

33 775 175 802 inveniatur
185 775 219 800 od
233 773 369 807 liquidum,
381 773 420 799 vel
430 773 558 807 poue‚t·et
570 780 619 798 uon
629 778 704 805 posse
717 771 829 796 animam

35 821 182 851 humanam,
203 828 261 846 cnm
277 827 308 846 ex
334 820 382 844 hac
398 818 450 844 vita
465 817 609 852 miqrowrit
623 837 629 848 ,
654 816 759 851 »rtoqicis
773 823 830 842 cor-

880 212 971 246 possit,
995 216 1079 237 tamen
1093 209 1198 245 [attacta
1214 209 1321 236 Satanae
1341 212 1418 243 atque
1438 206 1673 243 imaginumsimu-

878 257 1014 284 landarum
1028 257 1124 284 callida
1145 256 1259 291 operatio
1285 254 1442 291 decipiendis
1454 254 1568 281 sensibus
1580 252 1674 280 buntu-

878 305 919 331 nis
933 304 1102 338 multiformis
1129 302 1262 338 invigilat,
1290 302 1445 336 pedetentim
1459 301 1572 335 quidem,
1587 308 1618 327 ne
1631 300 1674 327 in-

878 349 1058 384 quisitionibus
1077 347 1283 382 diligentioribus
1298 346 1504 381 praescribamus,
1531 346 1577 373 sed
1591 350 1676 372 tumen

879 395 964 430 potius
976 394 1161 425 existimemus,
1177 393 1228 420 tole
1243 393 1343 428 aliquid
1357 392 1454 426 [actum
1473 392 1585 426 maliqno
1599 391 1677 426 spiri-

880 446 907 467 tu
922 440 1078 475 pythonisstc
1094 439 1164 465 illius
1186 438 1339 470 ministerio,
1354 437 1469 471 quandiu
1488 436 1560 463 nobis
1578 436 1676 471 aliquid

880 485 991 520 amplius
1015 484 1159 519 excogitare
1184 487 1260 517 atque
1278 483 1406 516 explicare
1426 490 1477 508 non
1501 481 1588 508 datur.
1615 480 1678 508 Haec

882 537 944 559 sunt
965 539 1025 566 qnae
1048 535 1112 557 tunc
1132 531 1165 556 de
1189 529 1343 565 pythonissa
1364 533 1392 556 et
1419 527 1545 556 Samuele
1568 526 1678 562 scripsit

881 576 1051 605 beatissimus
1067 576 1245 612 Augustinus.

1128 642 1209 678 530
1228 641 1341 669 CAPUT
1360 640 1434 668 xxt.

1074 700 1112 727 De
1122 705 1202 727 morte
1218 699 1307 727 Saulis
1318 704 1342 727 et
1355 698 1486 726 Jonamoe.

920 760 946 787 1.
969 759 1050 795 lgitur
1066 763 1160 786 exorto
1187 758 1291 793 prndio,
1317 760 1506 792 percusserunt
1528 755 1677 784 Philisthoei

883 806 967 833 lsrael
983 806 1059 841 plaga
1075 813 1182 839 magna,
1206 808 1421 838 corrueruntque
1446 803 1471 830 in
1494 802 1588 837 praelin
1613 801 1679 829 Saul

22 867 141 894 *minibus
162 866 273 898 evocari,
301 869 323 891 et
341 865 454 891 vivorum
478 871 604 899 apparere
638 862 830 896 conspectibus,
848 858 871 887 B
885 857 911 879 0⁸
931 851 1069 879 '0¹¹3U1515·
1097 852 1170 886 QUOS
1181 851 1297 885 denique
1313 851 1372 885 Pius
1389 849 1518 883 pfophffla
1534 847 1679 883 fl8u¹²¹i¹e⁸¹

35 913 110 939 etiam
124 913 237 947 corporis
269 911 423 938 lineamenta
447 914 596 944 qestoutem,
612 913 640 935 ut
666 917 716 935 non
743 909 827 935 solum

33 957 112 983 videri
124 958 217 989 valent,
234 956 278 983 secl
293 960 316 982 et
332 955 446 991 aqnosci.
463 954 494 982 Et
510 955 532 980 si
546 958 636 989 potest,
652 958 736 979 utrum
751 954 827 980 etiam

30 1004 97 1038 iusti
113 1005 199 1030 anima
219 1011 271 1029 non
284 1003 387 1037 quidem
413 1006 519 1036 cogatur
533 1002 639 1036 magicis
659 1002 739 1027 sacris
750 1021 756 1032 ,
783 1001 827 1027 sed

33 1049 152 1083 dignetur
173 1048 271 1075 ostendi
285 1069 292 1079 ,
315 1047 494 1074 occultioribus
507 1047 633 1081 mysteriis
646 1054 752 1072 summoe
765 1046 827 1081 leqis

35 1095 220 1129 obtemperans,
238 1098 264 1119 ut
279 1094 300 1120 si
317 1093 372 1127 fieri
387 1101 437 1119 non
451 1100 524 1127 posse
540 1092 669 1123 claruerit,
685 1099 735 1117 non
759 1096 828 1118 uter-

35 1148 82 1175 que
95 1149 184 1167 sensus
206 1142 232 1166 itt
246 1140 326 1175 hujus
346 1140 478 1174 scripturoe
494 1138 644 1164 tractatione
660 1137 826 1170 admittatur,-

33 1187 87 1219 sed,
106 1187 150 1213 illo
167 1187 280 1216 excluso.
306 1186 459 1220 imaginaria
471 1184 610 1211 similitudo
627 1184 755 1211 Samuelis
770 1184 826 1211 dia-

33 1232 113 1259 bolico
129 1233 182 1259 ritu
196 1233 263 1266 [acto
278 1231 448 1266 intelligatur.
715 1247 727 1260 .

69 1305 112 1332 Η.
136 1305 321 1332 Occultioribus
339 1302 474 1338 mysteriis.
493 1302 530 1328 lta
548 1302 658 1334 August.
676 1301 708 1328 ad
723 1301 822 1329 Dulcit.

33 1340 162 1373 Imperiis,
179 1341 210 1366 ad
226 1340 332 1372 simpl„
347 1344 373 1365 et
386 1338 454 1370 apud
470 1337 553 1363 Eucti.
571 1336 668 1363 GtttAL.

54 1375 138 1403 .tt›i‹t.
156 1375 269 1402 Griatius
287 1373 464 1407 distinguebat
480 1381 485 1397 t
503 1372 700 1405 proeuuntiabut.
723 1372 823 1399 Secun-

33 1411 93 1437 dum
119 1418 252 1444 utrumque
271 1410 359 1444 iqitur,
381 1413 433 1435 etc.
458 1407 521 1440 Qum
551 1407 686 1433 distinctio
714 1407 824 1434 retineri

33 1446 147 1481 poterit,
172 1446 194 1472 si
217 1447 337 1480 legatur:
354 1444 404 1470 Aut
426 1443 463 1469 sic
489 1447 639 1476 propterea.
669 1447 720 1468 etc.
747 1442 824 1475 Apud

34 1486 153 1508 sanctum
178 1480 354 1514 Augustinum
375 1480 451 1505 deest
465 1479 544 1513 iqitm·
559 1483 617 1512 post
632 1483 783 1511 tttrumqne,·
799 1482 825 1504 et

37 1517 72 1544 ita
84 1517 183 1544 clarior
194 1521 235 1542 est
250 1522 355 1542 sensus.
368 1516 451 1541 Annv.

70 1551 114 1579 ¹2.
128 1551 192 1578 Hoec
205 1556 263 1578 suut
274 1559 330 1585 qua¹
341 1555 400 1576 tuuc
414 1549 445 1575 de
459 1549 618 1584 pythonissa.
631 1548 684 1575 Sed
693 1548 752 1575 vide
766 1556 826 1582 qum

34 1587 216 1650 atiiditGpustea
233 1586 265 1613 ad
283 1587 425 1613 littlcitittm
448 1585 568 1612 scribens
583 1585 609 1610 in
626 1584 678 1610 line
693 1584 824 1618 quaestio-

34 1630 84 1650 ns.
123 1631 194 1649 aut..

69 1658 132 1685 Car.
154 1666 209 1686 xxt.
230 1657 262 1684 N.
280 1657 306 1683 l.
328 1656 378 1688 Oui
398 1664 456 1682 cum
476 1659 599 1691 potentes.
624 1654 694 1681 luter
708 1654 765 1682 haec
789 1655 827 1682 le-

34 1698 130 1728 guntur
144 1694 171 1720 in
188 1693 244 1720 Val.
261 1691 374 1727 plurima
397 1690 518 1725 Gregorii
539 1691 619 1717 verba
634 1697 649 1716 e
663 1690 711 1716 lili.
725 1697 751 1716 tv
766 1691 828 1718 Μο-

34 1729 96 1761 tal„
114 1736 174 1762 cap.
204 1729 232 1758 lt,
247 1728 281 1755 de
296 1726 425 1754 montium
448 1726 645 1758 maledictione,
672 1733 731 1758 quae
754 1730 828 1753 recte,

33 1764 130 1790 absunt
143 1765 176 1790 ab
196 1764 255 1790 aliis
269 1763 353 1794 libris,
370 1766 397 1789 et
412 1769 426 1788 a
442 1762 521 1789 Beda.
539 1761 605 1787 Nam
620 1761 699 1795 plane
714 1768 765 1788 non
782 1768 828 1788 eo-

35 1799 148 1826 haerent.
163 1799 256 1825 Gnut„

70 1834 142 1861 ibid.
158 1833 252 1869 Deflet.
269 1833 334 1860 Cod.
351 1833 424 1859 Flor.
448 1832 518 1859 in-4‘*
537 1836 564 1858 et
580 1831 623 1858 alii
643 1831 699 1859 time
715 1831 825 1864 addunt,

34 1877 93 1904 quae
115 1870 214 1896 omissa
238 1869 321 1895 voluit
340 1868 473 1895 Grialius:
488 1877 497 1893 ι
521 1866 586 1893 Nam
608 1867 670 1901 quid
685 1872 738 1898 est,
754 1867 826 1900 quod

35 1904 94 1939 ipse
119 1904 213 1937 David,
229 1905 275 1940 qui
294 1903 501 1930 retribuentibus
529 1903 597 1928 mala
621 1910 673 1929 non
698 1902 827 1933 reddidit.

34 1946 94 1967 cum
116 1940 178 1967 Saul
202 1945 229 1967 et
247 1940 374 1966 Jonathas
398 1938 470 1965 bello
493 1938 828 1971 nectimberent,fiGelboe

35 1975 170 2002 montibus
185 1975 330 2006 maledicit,
351 1974 443 2001 dicens
456 1982 463 2000 :
476 1973 569 2000 Getboe
585 1976 692 2004 montes,
714 1981 759 1998 nec
774 1980 827 2005 ros,

34 2017 82 2037 nec
91 2010 178 2045 pluvia
190 2011 272 2037 ueniat
287 2018 362 2043 super
374 2017 427 2041 vos,
444 2017 489 2035 nec
504 2010 554 2035 sint
570 2009 626 2043 agri
642 2008 827 2042 primitiarum,

34 2046 95 2081 quia
116 2045 150 2072 ibi
174 2046 286 2079 obJ'ectus
309 2049 344 2071 est
359 2045 464 2078 clypeus
490 2044 567 2075 Soul,
587 2044 660 2076 quasi
684 2051 736 2069 uon
765 2047 830 2069 esset

35 2086 126 2108 unctus
141 2080 207 2107 oleo.
225 2079 293 2113 Quid
308 2087 370 2113 ergo
387 2083 490 2106 montes
501 2079 612 2110 Getboe,
628 2078 693 2105 Saul
710 2077 828 2104 morien-

35 2119 73 2148 te,
98 2113 279 2150 deliquerunt,
301 2119 430 2149 quatenus
446 2115 472 2141 in
486 2114 525 2141 eis
544 2122 593 2141 nec
607 2120 663 2144 ros,
678 2120 726 2139 nce
739 2112 826 2146 pluvia

881 899 970 927 deflet.
985 899 1034 933 Qui
1049 907 1109 926 cum
1126 903 1248 934 potentes
1273 902 1375 930 essent,
1393 901 1420 924 et
1440 903 1546 930 semper
1560 894 1680 922 hostibus

886 946 1074 980 praevalerent,
1101 946 1212 973 sauciati
1236 945 1309 972 illico
1332 951 1363 971 ac
1375 943 1518 976 vulnerati,
1541 942 1567 969 in
1590 939 1679 968 medio

883 991 976 1026 praetio
988 997 1160 1018 corruerunt.

917 1049 944 1074 ⁹2.
968 1048 1112 1081 Quomodo,
1139 1049 1235 1083 inquit,
1262 1049 1406 1075 ceciderunt
1427 1051 1542 1083 potentes
1556 1046 1583 1073 in
1595 1045 1679 1072 medio

884 1095 996 1129 puqnae?
1018 1095 1074 1121 iloc
1098 1095 1180 1122 etiam
1204 1095 1283 1122 modo
1308 1095 1379 1129 pium
1404 1094 1617 1120 Christianorum
1633 1097 1680 1125 ge-

885 1148 934 1167 nus
947 1141 1027 1168 dellet
1038 1148 1085 1169 eos
1100 1142 1144 1174 qui
1158 1162 1165 1174 ,
1182 1148 1235 1168 non
1252 1144 1430 1175 repugnantes
1445 1137 1625 1170 daemonibus,
1641 1135 1680 1162 la-

885 1188 983 1214 buntur
1007 1188 1032 1214 in
1056 1188 1166 1220 saeculo,
1187 1187 1258 1222 qttod
1275 1191 1316 1213 est
1337 1185 1483 1217 lubricum;
1501 1183 1594 1210 Gelboe
1605 1180 1679 1208 enim

884 1238 982 1260 montes
995 1234 1203 1268 interpretantur
1217 1233 1309 1259 lubi-iii
1324 1237 1431 1258 montes.

880 1303 944 1337 Quae
969 1304 1032 1331 dum
1058 1304 1085 1330 in
1111 1303 1189 1337 hujus
1213 1301 1305 1328 mundi
1329 1297 1471 1327 desideriis
1495 1297 1623 1329 defluunt,
1651 1297 1679 1324 in

879 1339 977 1365 Christi
1000 1347 1074 1370 casu,
1099 1338 1123 1364 id
1148 1343 1200 1369 est,
1227 1336 1316 1363 cuncti
1336 1342 1384 1369 per
1400 1338 1513 1360 mortem
1538 1336 1677 1359 aruerunt.

881 1374 913 1400 Et
928 1375 989 1408 qnia
1004 1375 1030 1401 in
1053 1375 1091 1400 eis
1116 1378 1212 1399 unctus
1227 1379 1275 1398 rex
1290 1370 1465 1403 corporaliter
1489 1368 1610 1398 moritur.
1626 1367 1678 1401 ipsi

881 1409 998 1435 ahnmui
1026 1410 1119 1440 grauae
1145 1415 1205 1434 rore
1235 1407 1379 1434 siccantur.
1407 1404 1554 1438 Dequibus
1568 1407 1596 1429 et
1611 1402 1679 1429 bene

850 1453 861 1463 Ἰ
880 1444 991 1471 dicitur:
1007 1443 1097 1478 Neque
1106 1444 1156 1469 sint
1170 1443 1226 1477 aqri
1241 1442 1424 1475 primitiarum.
1438 1439 1567 1466 Primitiae
1580 1437 1679 1472 quippe

879 1487 938 1506 esse
956 1488 1007 1506 uun
1028 1484 1151 1513 possunt,
1174 1479 1236 1512 quia
1250 1477 1374 1511 superbia
1393 1475 1602 1502 ltebraeorunt...
1625 1474 1679 1506 pri-

880 1516 986 1542 mitivos
1002 1515 1103 1542 tructus
1117 1523 1168 1541 non
1185 1516 1246 1544 tert,
1263 1514 1323 1547 qnia
1334 1512 1361 1538 in
1377 1509 1565 1544 Redemptoris
1579 1508 1679 1535 adven-

880 1555 906 1576 tn
919 1559 950 1577 ex
968 1555 1044 1584 parte
1062 1551 1177 1576 maxima
1195 1550 1220 1575 in
1237 1548 1347 1581 perfidia
1363 1550 1545 1576 remanentes,
1563 1545 1678 1577 primor-

879 1585 922 1612 dia
938 1586 998 1612 siuet
1020 1587 1094 1619 sequi
1125 1585 1278 1611 noluerunt.
1305 1583 1401 1610 Sancta
1419 1588 1533 1613 namque
1559 1579 1679 1606 Ecclesia

879 1621 1005 1655 primitiis
1029 1622 1085 1647 suis
1110 1619 1280 1646 multitudiue
1305 1618 1424 1652 gentium
1451 1614 1610 1646 fecundata,
1625 1613 1679 1646 lvix

879 1657 906 1683 in
932 1656 1022 1683 mundi
1052 1657 1104 1682 fine
1119 1655 1245 1685 Judaeos,
1263 1661 1329 1688 qttos
1354 1651 1498 1682 invenerit,
1513 1649 1635 1683 suscipit,
1652 1653 1680 1676 et

881 1696 1004 1719 extrema
1026 1691 1194 1724 colligentes,
1221 1689 1297 1724 qnasi
1320 1688 1448 1722 reliquias
1474 1686 1579 1720 frugum
1594 1684 1677 1719 ponit.

881 1726 918 1753 De
933 1728 1031 1760 quibus
1050 1726 1176 1752 nimirum
1202 1724 1321 1759 reliquiis
1347 1723 1428 1750 isaias
1449 1722 1514 1748 dicit
1530 1728 1536 1746 :
1554 1720 1588 1748 δι’
1602 1719 1680 1751 [uerit

879 1770 998 1788 numerus
1024 1761 1136 1796 filiorum
1158 1759 1241 1787 Israel
1261 1759 1333 1794 quusi
1351 1766 1431 1785 arena
1454 1757 1544 1789 maris,
1563 1754 1679 1788 reliquioe

880 1798 957 1824 satum
968 1798 1040 1832 fient.
1057 1797 1158 1823 Dehinc
1170 1797 1264 1823 iterum
1281 1794 1363 1821 deflet
1377 1794 1447 1820 idem
1461 1793 1590 1826 propheta
1611 1790 1678 1816 Saul

882 1838 910 1859 et
928 1833 1062 1860 Jouathan
1085 1833 1176 1859 dicens
1199 1838 1206 1857 :
1221 1830 1354 1863 Quomodo
1369 1829 1513 1856 ceciderunt
1527 1830 1640 1861 potentes
1651 1825 1679 1852 in

881 1868 964 1894 medio
981 1868 1092 1903 puquoe?
1108 1867 1159 1899 Qui
1183 1873 1244 1893 cum
1269 1869 1391 1900 potentes
1407 1868 1508 1894 essent,
1524 1866 1550 1888 el
1569 1867 1676 1894 semper

881 1903 1004 1930 hostibus
1033 1903 1219 1936 praevalcrent.
1246 1901 1356 1928 sauciati
1381 1899 1453 1926 illico
1478 1905 1509 1924 ac
1533 1896 1677 1935 vulnerati,

882 1939 907 1964 in
924 1938 1013 1965 medio
1036 1938 1128 1971 praelio
1142 1941 1311 1963 corruerunt.
1334 1935 1388 1962 Hoc
1400 1935 1481 1961 etiarn
1505 1931 1585 1959 modo
1603 1938 1678 1964 ptuttt

881 1973 1104 2004 Christianorum,
1132 1977 1183 1999 etc.
1200 1982 1209 1998 ι
1239 1971 1290 1998 Pro
1318 1970 1345 1997 id
1369 1975 1423 2001 est,
1448 1968 1531 1995 cuncti
1563 1966 1678 1993 fortasse

882 2008 1035 2043 legendum,
1060 2008 1086 2034 id
1105 2012 1151 2039 est,
1179 2008 1237 2033 victi
1250 2015 1256 2039 ;
1270 2013 1330 2032 nam
1355 2006 1500 2032 obscurum
1519 2006 1560 2029 est
1581 2000 1677 2028 cuncti.

882 2043 910 2070 ln
925 2044 974 2070 llis.
990 2044 1059 2070 iuter
1075 2044 1186 2070 verbum
1203 2042 1374 2069 Hebraeorum
1399 2045 1426 2066 et
1446 2038 1588 2074 primitivos
1603 2036 1678 2063 vide-

883 2084 925 2105 tur
943 2080 1072 2113 scriptum
1095 2083 1192 2110 mente‚·
1208 2085 1239 2104 ac
1263 2077 1376 2103 fortasse
1400 2074 1543 2110 legendum
1567 2071 1677 2105 superba

883 2113 1051 2141 Hebraeorum
1067 2121 1147 2140 mens.
1162 2113 1234 2145 flaec,
1249 2117 1275 2140 et
1295 2111 1392 2139 similia
1406 2111 1564 2144 tragmenta,
1577 2115 1636 2141 quae
1651 2107 1678 2134 in

36 2150 154 2182 caderet,
179 2156 204 2177 et
224 2151 258 2177 ab
278 2150 350 2177 omni
365 2157 411 2177 eos
426 2149 570 2176 viriditatis
585 2151 705 2182 germine
721 2152 829 2174 senten·
845 2144 869 2173 D
883 2148 1018 2176 nonnullis
1038 2149 1180 2176 (lodicibus
1204 2152 1320 2181 exstant,
1337 2151 1364 2174 et
1384 2154 1398 2173 a
1418 2145 1518 2172 Grialio
1533 2141 1678 2177 aliquando

37 2185 82 2212 tlae
100 2193 190 2213 sermo
214 2186 345 2212 siccaret?
368 2185 420 2212 Sed
436 2185 496 2218 quia
519 2184 612 2211 Getboe
639 2183 831 2216 interpretatur

37 2220 167 2253 decursus.
189 2229 237 2255 per
256 2220 320 2248 Saul
334 2225 422 2247 autent
439 2224 547 2246 unctum
564 2224 591 2246 et
606 2223 742 2245 mortuum
756 2225 830 2245 mors

37 2256 122 2283 nostri
145 2257 297 2284 Mediatoris
329 2255 503 2290 exprimitur,
540 2262 592 2281 non
619 2254 752 2280 immerito
784 2261 831 2287 per

39 2287 139 2319 Gelboe
161 2298 264 2319 montes
275 2292 391 2327 superba
404 2290 558 2318 ,ludaeorum
575 2289 655 2316 corda
675 2288 826 2324 signantur.

883 2185 1082 2215 exscribuntur,
1099 2184 1240 2219 aliquando
1254 2184 1422 2214 omittuntur,
1437 2188 1489 2208 non
1500 2182 1606 2206 constat
1618 2177 1678 2212 qui·

883 2220 943 2247 dem
958 2228 1019 2247 esse
1035 2220 1143 2251 isidori;
1161 2219 1207 2247 sed
1219 2226 1306 2253 neque
1321 2215 1499 2245 demonstrari
1521 2218 1606 2249 potest
1618 2212 1677 2248 ejus

885 2263 937 2283 non
949 2263 1018 2288 esse,
1030 2263 1090 2282 cutn
1110 2263 1125 2282 a
1139 2255 1209 2290 stylo
1221 2254 1314 2281 isidori
1330 2261 1383 2281 non
1397 2252 1572 2279 abhorreant.
1588 2250 1675 2275 Αιιιν.

40 2365 1672 2389 --,,,--,--.------

502 2440 562 2482 ΙΝ
599 2438 823 2481 REGUM
854 2436 1206 2480 SECUNDUM.

246 2522 326 2559 531
344 2521 456 2551 CAPUT
476 2521 622 2550 muttum.

235 2567 278 2595 Nc
291 2568 375 2596 David
386 2567 508 2604 templum
521 2567 643 2601 oedifieet.

80 2612 106 2644 l.
126 2612 191 2643 Post
203 2617 316 2642 mortem
339 2613 429 2648 itaque
441 2612 504 2651 Saul
516 2611 625 2648 ungitur
638 2611 732 2645 Devid,
747 2615 774 2638 et
786 2616 831 2638 re-

42 2665 126 2696 gunt,
149 2658 329 2695 transfertque
355 2665 444 2686 arcem
455 2658 620 2686 Testamenti
645 2658 672 2685 in
696 2657 830 2685 civitatem

42 2714 135 2741 ιιιιως
156 2706 276 2742 quicum
296 2704 378 2733 vellet
401 2704 529 2739 templum
551 2703 655 2731 Domini
680 2703 831 2736 edificare,

38 2753 204 2792 ‚dannetur
230 2758 278 2786 per
306 2751 464 2787 prophetam
488 2749 629 2778 anomino
655 2749 712 2777 ita:
729 2748 831 2776 Nontu

42 2797 183 2835 Nimbis
193 2797 258 2826 nsilti
267 2797 383 2830 domum,
397 2796 460 2831 quia
466 2795 508 2823 nir
521 2795 676 2830 :angulatum
686 2802 723 2823 ιι.

919 2520 947 2546 2.
968 2518 1037 2553 Quid
1052 2522 1093 2546 est
1106 2518 1195 2551 igitur,
1210 2514 1279 2550 qnod
1295 2522 1358 2549 erga
1377 2512 1509 2541 exteriora
1524 2510 1593 2539 betta
1602 2510 1676 2538 labo-

883 2567 952 2594 ranti
968 2564 1053 2592 David
1075 2563 1243 2590 interdicitur
1259 2569 1292 2588 ne
1306 2561 1401 2588 domus
1417 2558 1462 2586 nel
1472 2557 1506 2585 ab
1516 2565 1548 2585 eo
1562 2557 1679 2584 aediiica-

884 2614 976 2642 retur?
1001 2612 1141 2647 Templum
1168 2610 1267 2646 quippe
1296 2608 1343 2636 Dei
1366 2614 1416 2635 nos
1440 2611 1532 2633 sumus
1542 2625 1551 2638 ,
1572 2603 1619 2639 qui
1642 2602 1676 2630 ad

883 2667 975 2687 veram
1005 2658 1085 2685 vitam
1116 2657 1142 2684 in
1177 2656 1234 2690 eius
1258 2653 1451 2681 inhabitatione
1482 2649 1674 2682 construimur,

883 2706 966 2734 Paulo
974 2707 1130 2735 attestante.
1142 2701 1186 2736 qui
1209 2700 1246 2728 ait
1261 2709 1268 2727 :
1282 2698 1418 2735 Templum
1428 2705 1495 2725 emm
1506 2696 1676 2723 Deisanetm·

883 2757 930 2786 est,
947 2751 1015 2787 quod
1031 2750 1090 2778 ustis
1103 2757 1148 2776 vos
1161 2746 1187 2784 (t
1203 2746 1264 2775 Cor.
1280 2744 1335 2782 tn).

45 2861 57 2906 ¹?
79 2855 146 2885 cn.
163 2863 184 2883 t.
203 2853 236 2883 N.
249 2855 276 2882 t.
295 2853 392 2883 Totum
416 2856 495 2888 caput
511 2860 527 2881 e
548 2852 628 2888 (ἕως.
641 2873 650 2887 ,
673 2858 708 2879 vn
733 2843 827 2879 Marsi.
846 2857 906 2886 cap.
923 2846 968 2877 16.
983 2846 1080 2874 Gtttrtt..

11 2932 66 3016 2¹
