1832 3016
25 54 77 88 2³7

435 50 659 89 qussrtouss
677 50 711 80 m
732 48 812 78 ver.
833 33 1035 77 'resuta-“-
1049 47 1081 76 ts
1103 44 1261 75 crassis.

1605 42 1659 70 258

25 111 199 149 proiitendo‚·
211 114 237 138 et
254 110 324 138 male
340 109 443 145 agendo
464 109 642 149 exhonorant.
659 107 698 134 De
714 105 811 134 talibus
825 106 854 137 Α
865 109 1010 133 cernuntur
1023 113 1030 138 ;
1046 107 1074 132 ct
1085 110 1152 139 quos
1163 107 1249 130 armat
1262 101 1390 129 adversus
1404 101 1488 128 Deum
1504 100 1581 129 elatae
1595 108 1660 129 con-

25 159 96 188 enim
120 158 247 192 scriptum
263 161 303 185 est
315 165 322 183 :
335 155 358 183 A
369 155 493 191 fructibus
504 162 592 182 eorum
604 153 762 189 coquorcetis
771 161 815 180 eos

27 204 134 241 (Martii.
148 213 196 237 vti,
215 205 271 239 ¹6).
293 202 355 231 ldeo
373 207 399 230 et
413 201 498 228 Citam
512 201 538 228 in
555 200 610 227 lilio
630 206 681 227 suo
702 199 815 227 maledi-

27 255 88 278 ctus
102 255 154 283 est,
179 255 302 285 tanquam
319 247 448 275 infructu
470 253 530 279 sno,
555 246 581 273 id
607 250 658 278 est,
681 245 708 273 in
733 253 814 280 opere

25 305 84 330 suo,
109 296 180 324 uude
203 293 390 323 convenienter
418 297 444 321 et
464 293 523 328 ipse
535 291 605 319 tilius
616 291 675 326 eius
687 291 815 319 chanaan

26 342 216 378 interpretatu!
236 343 323 367 motus
347 345 454 366 eorum.
475 338 552 372 Quod
577 337 639 372 quid
664 336 736 364 aliud
761 341 812 370 est,

25 395 104 423 quam
119 394 185 422 opus
197 384 307 413 eorum?

63 433 106 461 ¹3.
126 433 190 461 item
203 431 286 466 quod,
309 429 394 458 cham
419 433 566 465 peccante,
592 426 733 463 posteritas
756 427 815 462 ejus

27 478 177 512 damnatur,
201 475 334 511 significat
358 475 429 510 quod
456 474 564 509 reprobi
585 473 629 501 hic
643 474 752 509 quidem
767 473 815 500 de-

25 525 157 560 linquunt,
173 523 220 550 sed
234 522 260 550 in
273 527 419 557 posterum,
435 521 516 558 295
531 520 558 548 id
573 524 624 554 est,
639 520 667 547 in
682 519 812 552 futurum,

25 569 183 598 sententiam
203 568 383 596 damnationis
403 568 550 603 excipiunt.
579 567 655 596 Siout
683 571 711 594 et
738 566 814 601 plebs

23 614 125 649 Judaea.
141 623 201 651 quat
216 615 356 643 Dominum
371 614 513 648 crucifixit,
531 615 612 642 etiam
628 614 655 642 in
670 613 732 641 tiliis
757 620 815 648 poe-

26 670 87 691 nam
108 663 286 691 damnationis
314 670 369 691 suae
393 662 551 690 transmisit.
578 661 708 689 Dixerunt
722 659 813 687 enim:

27 708 139 745 sanquis
151 709 207 745 ejus
221 717 299 744 super
312 716 360 736 nos
384 712 409 736 ee
422 716 498 744 super
511 707 580 742 filios
591 712 690 735 nostros
702 705 813 743 (Matth.

24 761 105 787 xxvii,
115 754 175 790 25).

61 800 105 828 tt.
122 800 273 828 Benedictis
287 800 368 836 igitur
382 799 487 828 duobus
504 800 569 827 tiliis
582 799 648 832 Noe,
665 802 746 833 atque
761 804 815 825 uno
830 796 855 826 Β

25 853 115 874 eorum
138 846 227 874 medio
252 846 404 879 maledicto,
429 845 557 880 deinceps
570 845 757 881 generationes
772 850 820 871 eo-

26 900 86 920 rum
107 897 251 926 texuntur,
277 900 309 920 ex
333 892 429 927 quibus
451 891 618 927 septuaginta
639 890 700 918 duae
723 894 818 925 gentes

27 943 89 967 sunt
107 944 184 972 ortae,
200 939 226 966 id
238 943 289 972 est,
305 938 457 973 quindecim
472 938 505 966 de
517 939 644 973 Japlietb,
660 937 768 973 triginta
785 936 818 964 de

25 983 120 1017 Citam,
133 984 228 1020 viginti
243 989 344 1019 septeni
361 985 394 1011 de
408 984 481 1012 Sem.

331 1050 444 1080 CAPUT
465 1050 511 1078 tx.

90 1095 128 1123 De
145 1095 260 1123 Nemrod
276 1097 378 1132 qiqante
393 1100 418 1123 et
433 1096 582 1131 confusione
595 1096 752 1131 tinquarum.

66 1151 91 1178 1.
109 1151 215 1179 Primus
231 1156 292 1186 post
310 1151 442 1180 diluvium
468 1152 536 1180 inter
557 1152 681 1180 homines
707 1151 822 1180 Nemrod

27 1195 98 1223 tilius
109 1197 181 1224 Chus
196 1204 263 1224 nova
279 1197 384 1231 imperii
403 1197 551 1230 cupiditate
566 1197 735 1233 tyrannidem
753 1198 821 1225 arri-

29 1243 95 1276 puit,
111 1243 287 1277 regnavitque
301 1243 328 1270 iu
343 1243 501 1278 Babylonia,
517 1251 576 1277 quae
592 1244 627 1271 ab
639 1251 684 1276 eo,
698 1244 770 1278 qnod
786 1242 823 1271 tbi

28 1286 146 1315 contusae
169 1292 231 1315 sunt
255 1288 363 1322 tinguae,
385 1288 464 1315 Babcl
479 1289 610 1322 appellata
626 1293 678 1322 est,
693 1289 763 1323 quod
779 1290 821 1316 in-

29 1338 190 1368 terpretatur
211 1334 337 1369 conlusio.
362 1333 444 1367 Cujus
468 1333 633 1361 aedificandae
654 1335 736 1361 turris
751 1335 822 1362 idem

29 1379 146 1408 Nemrod
160 1381 263 1408 exstitit
278 1384 386 1411 auctor;
404 1379 449 1414 qui
464 1387 512 1414 pro
525 1387 558 1407 eo
573 1380 644 1414 quod
660 1381 728 1407 ultra
744 1385 821 1408 natu·

28 1433 86 1453 ram
99 1433 175 1453 suam
190 1426 252 1454 ooeli
265 1426 318 1453 atta
333 1431 475 1460 penetrare
489 1427 641 1459 contendit,
658 1434 712 1454 non
726 1429 820 1455 incon-

868 151 1024 186 spirationis
1057 150 1208 186 perniciosa
1233 148 1389 180 consensio,
1413 155 1515 180 rursus,
1543 148 1659 176 interce-

867 197 948 224 dente
969 197 1123 232 dogmatum
1146 194 1290 228 discordia,
1311 194 1409 222 dividit
1429 194 1525 223 oborta
1547 198 1660 229 repente

866 242 1000 270 contusio.

902 288 929 315 4.
949 289 1022 322 Quos
1035 288 1142 323 quidem
1163 288 1219 322 ipsa
1247 287 1364 314 Trinitas
1387 286 1509 319 damnat,
1533 286 1559 313 in
1579 293 1661 320 quam

867 334 1025 367 offendunt,
1051 334 1109 368 ipsa
1134 341 1181 362 eos
1205 333 1345 367 dispergit,
1369 331 1432 359 dum
1458 332 1542 359 dicit:
1559 331 1662 366 Venite,

866 380 1062 412 descendamus,
1084 384 1108 406 et
1132 378 1320 414 confundamus
1344 377 1446 411 linquas
1466 378 1609 410 eorum,·in
1621 385 1663 405 va·

867 424 962 452 rietate
974 424 1065 459 utique
1080 423 1190 456 erroris,
1221 423 1278 450 sive
1300 421 1487 450 schismatum.
1515 423 1554 450 Eo
1571 429 1661 452 autem

868 475 1003 506 tempore,
1026 469 1133 505 quando
1156 469 1306 503 linguarum
1327 468 1397 496 sacta
1419 472 1461 496 est
1484 471 1610 502 varietas,
1635 469 1664 498 iu

867 518 923 546 sola
947 517 1028 545 domo
1049 516 1147 549 fleher,
1168 523 1228 551 quae
1242 520 1320 543 antea
1335 515 1394 548 tuit,
1419 515 1510 550 lingua
1524 515 1663 543 remansit.

866 564 942 592 Nune
952 571 1058 599 quoque
1069 564 1095 590 in
1107 563 1164 590 sola
1176 562 1308 596 Ecclesia,
1323 570 1383 596 quae
1393 567 1435 590 est
1445 561 1542 589 domus
1553 561 1662 599 Cliristi,
1691 597 1692 600 Ἰ

867 611 969 639 unitam
981 617 1041 638 esse
1052 608 1229 637 confessionis
1242 612 1269 636 et
1283 607 1345 636 iidei
1356 615 1461 643 pacem,
1475 607 1568 636 divisis
1578 607 1667 635 omui-
1692 613 1695 622 ³

867 657 916 685 bus
930 656 1062 692 reprobis,
1078 655 1258 690 agnoscimus.

1180 722 1296 752 CAPUT
1316 723 1350 751 X.

1036 770 1077 799 De
1089 779 1190 807 egressu
1204 770 1314 797 Abrahae
1328 778 1343 796 a
1354 768 1491 797 Clraldoeir.

908 829 933 856 1.
946 828 1039 856 Restat
1051 828 1149 857 deinde
1159 828 1194 855 de
1202 828 1305 856 actibus
1319 827 1444 861 Abrahae,
1457 827 1500 855 vel
1509 827 1543 855 de
1554 826 1594 855 his
1606 835 1666 863 quae

872 875 909 903 illi
924 874 1115 910 repromiserat
1126 875 1266 908 Dominus,
1281 874 1482 909 exponendum.
1498 874 1615 902 Locutus
1625 879 1667 902 est

872 922 944 949 enim
958 922 983 949 ei
997 921 1127 949 Dominus
1139 930 1145 948 τ
1159 921 1289 957 Eqredere
1303 921 1336 948 de
1351 926 1419 948 terra
1441 926 1484 947 tua
1494 940 1501 953 ,
1525 924 1548 947 et
1568 921 1599 947 de
1623 928 1667 947 coa

872 969 990 1003 qnatione
1005 974 1058 1001 tua,
1078 974 1102 995 ει
1117 969 1148 996 de
1161 969 1237 996 domo
1252 969 1333 1003 patris
1344 969 1390 995 tui.
1405 968 1471 1002 Quis
1484 972 1574 995 autem
1596 968 1666 995 alius

872 1015 978 1045 exiitin
992 1015 1128 1043 Abrabam
1146 1015 1181 1043 de
1196 1019 1280 1048 terra,
1298 1014 1369 1043 etde
1385 1015 1546 1049 cognatione
1564 1021 1621 1048 sua,
1640 1018 1670 1042 ut

873 1061 945 1095 apud
971 1065 1078 1088 exteros
1103 1060 1334 1095 locupletaretur,
1362 1065 1390 1088 et
1415 1065 1488 1088 esset
1511 1061 1537 1087 in
1559 1065 1669 1094 gentem

874 1113 1008 1140 magnam,
1038 1106 1090 1134 nisi
1114 1106 1248 1139 Christus,
1274 1106 1332 1141 qui,
1356 1106 1449 1134 relicta
1472 1110 1561 1140 terra,
1577 1110 1604 1133 et
1625 1113 1670 1135 co-

874 1152 1001 1186 gnatione
1015 1151 1182 1186 Judaeorum,
1199 1152 1339 1188 praepollet
1351 1159 1433 1186 nunc,
1449 1156 1479 1180 ut
1490 1153 1624 1186 videmus,
1642 1153 1669 1180 iu

874 1198 1014 1232 gentihus?

910 1243 938 1270 2.
958 1244 1011 1271 Sed
1029 1248 1057 1271 et
1079 1244 1158 1271 nobis
1180 1244 1214 1271 ad
1235 1243 1389 1278 exemplum
1403 1242 1504 1270 Christi
1517 1242 1671 1270 exeundum

874 1288 908 1316 de
924 1295 993 1316 terra
1015 1294 1109 1317 nostra
1131 1294 1182 1322 est,
1209 1289 1236 1316 id
1255 1294 1307 1322 cst,
1331 1289 1366 1316 de
1393 1289 1564 1316 facultatibus
1590 1288 1670 1324 liujus

873 1337 977 1370 mundi,
990 1338 1138 1372 opibusque
1150 1337 1274 1370 terreum,
1288 1341 1315 1364 et
1329 1336 1362 1364 de
1382 1336 1544 1370 cognatione
1566 1340 1670 1369 nostra,

874 1382 900 1409 id
913 1387 964 1415 est,
981 1383 1015 1409 de
1035 1383 1253 1415 conversatione,
1268 1387 1295 1409 et
1311 1381 1442 1414 moribus,
1459 1381 1584 1416 vitiisque
1599 1382 1673 1416 prio-

874 1428 959 1462 ribus,
980 1436 1050 1463 quae,
1069 1428 1145 1456 nobis
1169 1436 1184 1455 a
1209 1432 1299 1456 nostra
1326 1428 1467 1455 nativitate
1493 1428 1671 1462 cohaerentia,

28 1479 95 1507 grue
113 1472 219 1499 diabolo
232 1477 412 1507 comparatur,
428 1473 484 1507 qui,
500 1473 662 1507 cogitatione
676 1474 765 1501 cordis
779 1474 820 1502 sui
837 1484 860 1516 C
876 1476 948 1503 vetut
961 1475 1092 1502 affinitate
1106 1475 1221 1509 quadam
1235 1479 1262 1502 et
1275 1474 1510 1510 consanguinitate
1525 1474 1671 1509 conjuncta

27 1518 221 1551 intumescens,
244 1527 325 1553 super
337 1519 426 1546 sidera
443 1520 563 1546 exaitare
577 1527 605 1546 se
621 1519 713 1553 voluit,
728 1520 754 1547 id
769 1525 821 1554 est,

28 1570 107 1597 super
129 1571 236 1592 omnem
261 1569 418 1599 potestatem
444 1565 600 1600 augelorum
613 1584 620 1597 ,
650 1563 705 1591 Deo
727 1572 756 1591 se
776 1572 822 1592 co-

28 1616 137 1643 aequare
151 1609 306 1643 disponens,
320 1609 382 1635 dum
395 1609 459 1636 dicit
473 1618 478 1635 :
492 1609 634 1636 Ascendant
646 1617 721 1644 super
733 1609 821 1636 altitu-

29 1653 114 1680 dinem
127 1653 244 1686 nubium,
259 1658 282 1680 et
297 1661 339 1680 ero
354 1653 446 1680 similis
461 1653 603 1680 Altissimo.

63 1707 90 1734 Ξ.
112 1708 187 1742 Quod
203 1713 293 1735 autem
310 1707 409 1735 dicitur
431 1712 548 1740 venator,
574 1707 636 1742 quid
655 1706 822 1742 significatur

28 1752 81 1783 hoc
95 1755 214 1787 nomine,
230 1755 281 1783 nisi
296 1755 492 1791 terrigenarum
512 1754 660 1783 animarum
681 1753 820 1789 deceptor,

28 1805 56 1828 et
70 1802 178 1834 capiens
191 1801 311 1830 homines
325 1802 359 1828 ad
372 1801 503 1829 mortem?
518 1801 610 1828 Turris
623 1800 682 1836 ejus
696 1801 822 1836 superbia

23 1845 110 1881 <hujus
135 1847 226 1874 mundi
251 1851 302 1880 est,
319 1847 362 1875 vel
377 1847 456 1882 impia
472 1847 597 1882 dogmata
615 1848 817 1880 haereticorum,

30 1892 76 1927 qui
93 1898 232 1927 postquam
258 1892 323 1920 moti
345 1898 408 1920 sunt
428 1893 461 1920 ab
481 1894 601 1926 Oriente,
618 1894 644 1920 id
660 1899 710 1926 est,
728 1901 742 1922 a
757 1900 822 1922 vero

31 1937 133 1966 lumine
157 1943 337 1971 recesserunt,
359 1944 386 1966 et
406 1945 538 1968 venerunt
557 1940 584 1967 in
605 1948 729 1975 campum
753 1941 822 1969 Sen-

30 1990 106 2014 naar,
128 1983 174 2018 qui
195 1984 386 2019 interpretatur
405 1985 520 2012 excussio
533 1986 656 2020 dentium,
674 1987 763 2014 statim
776 1986 823 2014 ad-

31 2036 127 2056 versus
153 2029 236 2057 Deum
258 2030 405 2066 impietatis
429 2039 484 2059 suar
504 2032 637 2060 aediticant
659 2033 764 2067 turrim,
791 2040 824 2061 ac

31 2074 155 2109 dogmata
170 2076 302 2109 superbiae
318 2076 421 2104 nefario
435 2084 502 2104 ausu
516 2078 684 2113 contingunt,
701 2078 823 2107 volentes

33 2119 190 2147 curiositate
205 2128 257 2148 non
273 2121 344 2149 licita
358 2121 441 2155 ipsius
456 2122 516 2150 coeli
529 2122 583 2149 alta
599 2128 751 2157 penetrare.

875 1526 958 1553 sunt;
983 1526 1011 1548 et
1035 1520 1069 1548 de
1093 1521 1174 1548 domo
1194 1521 1278 1556 patris
1300 1520 1395 1554 nostri,
1422 1521 1450 1548 id
1471 1526 1523 1554 est,
1546 1520 1579 1548 de
1597 1520 1671 1548 omni

874 1567 1005 1595 memoria
1031 1566 1135 1600 mundi,
1166 1572 1195 1594 ut
1220 1567 1245 1596 ei
1266 1568 1453 1595 renuntiantes
1483 1568 1619 1602 possimus
1644 1567 1672 1594 in

874 1617 974 1650 populo
996 1615 1041 1644 oei
1063 1616 1180 1649 dilatari,
1203 1620 1231 1644 et
1250 1616 1277 1644 in
1300 1621 1399 1643 terram
1414 1616 1602 1650 promissionis
1616 1617 1671 1644 σὰς-

874 1662 961 1697 lestis,
975 1670 1036 1690 cum
1052 1667 1158 1697 tempus
1172 1662 1322 1695 advenerit,
1339 1662 1485 1690 introduci.

910 1710 989 1745 29¹7
1002 1710 1029 1737 3.
1045 1709 1109 1737 Duae
1122 1714 1210 1737 autem
1228 1709 1419 1744 promissiones
1430 1708 1545 1736 Abrahae
1557 1708 1668 1735 dantur:

874 1762 942 1787 una,
960 1762 1006 1788 per
1020 1762 1099 1789 quam
1116 1759 1214 1781 terrain
1229 1754 1357 1782 Cbanaan
1372 1762 1557 1789 possessurum
1577 1761 1670 1782 senten

874 1802 932 1837 eJus
954 1802 1126 1836 promittitur,
1145 1802 1207 1829 dum
1235 1802 1301 1830 dicit
1324 1802 1409 1829 Deus:
1436 1801 1507 1828 Vade
1527 1802 1552 1828 ιἰι
1578 1806 1672 1828 terram

874 1856 951 1883 quam
973 1848 1149 1875 demonstrabo
1165 1847 1382 1883 tibi‚saciamque
1402 1852 1426 1874 te
1449 1848 1476 1873 in
1498 1852 1597 1882 ⁸(sentent
1618 1855 1674 1874 ma-

874 1901 961 1930 9nam·
977 1893 1036 1920 Alia
1053 1901 1117 1920 vero
1139 1892 1217 1928 longe
1234 1893 1404 1927 praestantior
1422 1897 1476 1925 est,
1494 1900 1546 1919 non
1564 1892 1598 1919 de
1612 1899 1671 1918 car-

875 1939 945 1972 nali,
961 1938 1010 1966 sed
1032 1938 1066 1965 de
1089 1938 1220 1973 spirituali
1242 1937 1362 1970 semine,
1383 1945 1430 1972 per
1450 1937 1521 1972 quod
1542 1941 1618 1971 pater
1633 1941 1675 1963 est

875 1992 928 2011 non
954 1983 1033 2010 unius
1052 1983 1140 2019 geutis
1161 1983 1331 2015 israeliticae,
1353 1983 1399 2010 sed
1415 1983 1533 2010 omnium
1555 1982 1674 2017 gentium

875 2038 935 2066 quae
950 2030 1012 2058 fidei
1033 2030 1091 2065 ejus
1108 2030 1222 2066 veStigia
1238 2035 1450 2065 consequuntur,
1467 2029 1538 2065 quod
1555 2029 1675 2064 promitti

875 2078 957 2114 coepit
972 2077 1014 2105 his
1029 2077 1135 2104 verbis:
1152 2075 1187 2103 Et
1201 2077 1381 2104 benedicentur
1403 2076 1430 2104 in
1453 2080 1478 2103 te
1493 2076 1616 2103 universa»
1630 2084 1676 2102 co-

875 2123 1006 2159 quartones
1021 2128 1104 2150 terrae.

68 2166 95 2194 5.
115 2166 168 2195 Sed
182 2167 252 2196 sicut
268 2168 305 2196 itti
321 2175 372 2203 per
385 2170 539 2204 superbiam
562 2170 597 2197 ab
617 2178 670 2198 una
693 2170 780 2206 lingua
795 2170 824 2200 in
837 2177 864 2209 1)
912 2170 940 2199 4.
957 2170 1084 2206 Egressus
1099 2174 1186 2198 autem
1202 2169 1338 2197 Abraham
1352 2169 1386 2197 de
1398 2168 1482 2197 Carra
1495 2169 1569 2196 venit
1583 2168 1616 2196 ad
1630 2168 1665 2196 St
1702 2148 1704 2150 Ι

33 2212 131 2240 multas
153 2212 230 2241 divisi
253 2219 328 2247 sunt,
349 2214 387 2242 ita
406 2219 434 2243 et
452 2214 582 2250 ltaeretici,
596 2215 630 2244 ab
645 2215 747 2245 unitato
760 2216 825 2246 fidei

33 2257 188 2286 contusione
214 2259 368 2295 segregati,
398 2259 469 2287 inter
492 2267 543 2293 se,
565 2260 648 2302 296
668 2260 826 2290 diversitate

34 2305 144 2339 erroris,
158 2305 234 2341 quasi
249 2313 296 2342 per
308 2305 503 2335 dissonantiam
523 2303 634 2345 ting‘uae,
649 2306 764 2337 invicem
784 2315 826 2338 se·

36 2394 281 2458 ibiitf'ssffifflm'
287 2403 372 2432 usque
381 2395 415 2424 ad
426 2395 572 2430 maledicto,
581 2395 662 2424 verbe
670 2399 734 2425 sunt
739 2395 821 2432 Aug„

29 2461 34 2467 “
72 2463 142 2492 ma.
155 2464 198 2492 Ee
207 2465 298 2501 quibus
313 2467 477 2502 septuaginta
495 2467 553 2495 dtroe
568 2472 666 2503 ¹uentae.
681 2466 744 2496 vid.
764 2471 822 2496 not.

37 2499 71 2527 ad
84 2507 110 2527 e.
122 2499 142 2526 2
151 2499 197 2529 ιίιι.
208 2507 236 2527 n
248 2500 337 2543 Eur-3
351 2501 448 2530 Gutt-
802 2535 804 2538 ,

72 2533 137 2575 Gar.
153 2541 194 2562 n.
209 2534 242 2564 N.
254 2535 280 2562 1.
290 2535 395 2576 Pramus
406 2541 463 2573 port
473 2536 607 2579 diluvium,
620 2546 707 2574 usquo
716 2538 753 2567 ad
762 2547 824 2567 con-

37 2569 118 2604 sano,
131 2568 296 2605 nimy-rt,
307 2571 509 2605 masan..
520 2580 548 2602 e.
561 2573 605 2601 to.
619 2573 716 2603 Gtttst..
782 2610 788 2616 .

37 2604 196 2668 ,aaa
205 2604 533 2681 &mmm
540 2610 824 2673 rumam·

56 2673 102 2716 J.
119 2673 159 2702 20
177 2676 415 2740 κίειν-ἔφηαὶ
434 2678 670 2734 mauditum
690 2681 824 2717 munit,

117 2726 127 2738 ι
193 2727 206 2753 1·
223 2717 398 2801 -Ιιὰῳκιν“ιί
420 2783 441 2805 ,,·-,
465 2799 467 2801 ,
501 2780 506 2800 ἱ
531 2780 545 2802 ι”ι
558 2788 583 2801 η’.
596 2725 640 2802 icy*
674 2792 679 2801 ι
697 2723 719 2799 ν,
740 2751 829 2804 *vibi-

19 2833 57 3016 i

876 2216 972 2249 chem,
991 2220 1154 2250 acceptoque
1175 2214 1294 2243 secundo
1317 2214 1427 2242 oraculo
1443 2214 1476 2241 de
1491 2213 1672 2248 promissione

878 2267 957 2290 terrae
970 2261 1070 2296 ipsius,
1082 2261 1224 2289 aediticavit
1242 2261 1336 2289 altare.
1353 2260 1387 2288 Et
1399 2259 1535 2295 profectus
1550 2259 1613 2286 inde
1626 2259 1673 2286 ha-

877 2308 970 2337 bitavit
984 2307 1012 2336 in
1026 2315 1132 2342 eremo,
1151 2313 1230 2344 atque
1243 2307 1316 2344 iude,
1333 2307 1411 2335 famis
1424 2305 1512 2341 inopia
1526 2305 1652 2340 expulsus
1663 2325 1671 2339 ,

911 2397 976 2426 Cn».
993 2406 1021 2426 ι.
1035 2397 1069 2426 Ν.
1090 2397 1116 2424 1.
1137 2397 1201 2430 Quis
1215 2400 1297 2424 autem
1310 2395 1389 2428 alias,
1401 2401 1486 2428 usque
1498 2393 1531 2420 ad
1545 2392 1572 2419 in
1585 2394 1670 2427 qemi-

875 2433 931 2496 ἕως,
947 2433 1087 2468 Augustini
1106 2437 1169 2461 sunt
1185 2432 1277 2464 verba,
1293 2439 1332 2458 ιιι
1349 2434 1439 2458 conte.
1454 2429 1560 2461 must„
1580 2435 1609 2461 c..
1621 2429 1667 2456 25.

900 2476 969 2496 ιιιιιι..

910 2503 937 2530 2.
962 2503 1090 2537 Grialius‚
1112 2506 1139 2530 et
1160 2502 1204 2529 alii
1227 2500 1350 2536 impressi
1375 2499 1554 2535 operibusque.
1576 2498 1669 2528 Melius

874 2538 942 2567 Cod.
958 2537 1148 2566 Albornozian.
1167 2536 1316 2571 opto-sque.
1332 2537 1421 2563 Anu.
1601 2569 1606 2574 ι

911 2574 938 2602 5.
955 2574 1021 2602 Duae
1034 2580 1120 2600 aufem
1134 2572 1327 2607 promissiones,
1339 2578 1425 2606 usque
1451 2569 1486 2596 ad
1506 2573 1671 2605 cognationes

878 2615 963 2643 term,
977 2609 1076 2643 ejusd..
1092 2616 1136 2636 xvt
1149 2608 1184 2635 de
1195 2607 1289 2640 Civit„
1305 2613 1330 2634 c.
1343 2605 1389 2635 ¹6,
1401 2605 1498 2633 Garis..

913 2645 941 2674 b.
957 2645 1084 2681 Equum
1093 2643 1232 2675 Abraham.
1244 2649 1329 2677 osque
1340 2641 1375 2669 nd
1384 2645 1461 2668 tene
1469 2639 1672 2676 ipaiumiasd..

877 2689 922 2710 nt
934 2681 970 2709 de
983 2681 1052 2711 civ..
1065 2688 1090 2707 c.
1107 2679 1150 2706 18.
1165 2679 1260 2706 Gnutt..
1525 2687 1527 2689 ·
1588 2709 1595 2716 Ι

914 2714 1151 2781 ιιῗάὴῶαέρωυὶι
1167 2714 1262 2747 amre.
1277 2720 1363 2749 usque
1373 2712 1409 2742 nd
1420 2711 1558 2748 ranam
1569 2709 1673 2747 qud..

878 2760 903 2782 c⁴
957 2770 964 2779 .
1004 2758 1075 2779 atti..
1509 2752 1514 2763 ¹
1535 2770 1539 2773 .
1682 2756 1686 2767 =
