1832 3016
48 182 102 211 ¹1¹3

654 177 926 208 SENTENTtARtJM
946 178 1012 206 ΗΒ.
1034 178 1077 207 ΙΙΙ.

1638 177 1690 204 '1¹4

47 239 99 268 bus
120 245 230 272 eorum,
255 245 324 274 quos
350 236 494 266 salubriter
518 235 676 271 objurgatos
702 235 839 268 corrigere
853 236 879 264 Α
896 234 991 261 timore
1006 235 1144 270 restringi,
1161 234 1271 262 audiat:
1285 235 1422 262 Exultar'n
1437 234 1592 270 fortitudine
1604 241 1690 261 necem

46 285 133 320 cupit,
149 285 218 313 sicut
228 283 363 320 apostolus
377 283 410 311 ad
417 281 571 310 Corinthios
586 281 661 316 facit,
678 289 745 315 quos
756 289 770 307 a
784 280 840 307 lan-

47 331 129 359 dibus
141 331 263 365 incboat‚
279 335 307 358 et
321 328 550 364 increpationibus
564 329 670 362 probat.
694 327 748 356 Sed
765 332 842 355 erant

48 377 120 412 apud
134 375 305 408 Corinthios,
322 374 367 409 qui
382 378 410 401 et
423 374 503 402 laude
523 378 552 402 et
569 373 755 408 increpatione
768 372 842 407 digni

48 426 150 450 essent.
171 421 219 449 llle
243 428 309 448 vero
332 419 477 447 indiscrete
501 419 629 453 loquitur,
655 418 700 453 qui
712 419 751 445 sic
765 423 841 445 utra-

0 479 1 485 *
48 476 101 504 que
115 468 238 496 omnibus
250 467 379 502 loquitur,
391 471 420 494 ut
430 466 556 494 omnibus
570 470 683 501 utraque
694 465 841 493 convenire

0 510 1 517 ¹
48 514 197 544 videantur.

330 557 443 586 CAPUT
461 557 554 585 xbtv.

288 604 327 631 De
337 603 441 631 silentio
453 603 596 631 doctorum.

83 654 110 682 Ι.
144 652 197 681 Pro
225 651 297 679 malo
319 650 416 678 merito
455 650 539 685 plebis
570 649 690 677 aufertur
720 648 842 676 doctrina

46 696 258 736 praedicationis.
285 696 337 723 Pro
352 695 422 723 bono
444 695 541 722 merito
565 693 699 722 audientis
714 693 842 721 tribuitur

47 751 139 773 sermo
162 742 277 771 doctori.

83 790 111 817 Ξ.
132 789 160 816 ln
175 792 308 823 potestate
319 787 407 814 divina
422 786 544 814 consistit
556 786 598 812 cui
626 785 690 813 velit
704 785 776 812 Deus
789 785 844 812 do-

46 835 141 864 ctrinae
150 835 261 862 verbum
275 833 340 861 dare
352 832 394 859 vel
405 833 446 860 cui
460 833 566 859 auferre
577 836 618 859 :et
633 831 792 866 bocautpro
804 831 845 858 di-

46 882 132 911 centis
143 886 188 909 aut
200 887 248 915 pro
259 879 391 907 audientis
405 878 434 905 lit
449 878 557 910 merito,
570 883 599 904 ut
613 877 692 904 modo
707 884 755 911 pro
766 877 844 911 culpa

894 284 978 312 tuam,
999 286 1022 307 et
1041 281 1094 307 noli
1114 281 1212 308 timere.
1238 281 1314 309 Unde
1328 286 1355 308 et
1369 281 1493 308 Jeremiae
1510 280 1546 307 ita
1560 279 1691 307 Dominus

894 326 930 352 ait
946 335 952 352 :
967 326 1076 361 Accinqe
1087 326 1184 353 lumbo:
1196 331 1264 358 tuos,
1280 332 1303 353 et
1319 335 1412 362 surge,-
1423 327 1528 360 toquere
1541 326 1576 353 act
1587 333 1647 358 ⁶⁰⁸5
1658 333 1691 353 ne

894 372 1016 406 formides
1028 381 1044 399 a
1058 373 1123 407 [acie
1133 381 1232 407 eorum,
1249 382 1296 400 nec
1310 374 1377 400 enim
1390 374 1478 400 timere
1494 379 1518 399 te
1529 373 1621 408 faciam
1634 372 1693 399 vul-

894 422 948 444 tum
959 426 1049 445 eorum
1062 419 1171 453 (Jerem.
1186 427 1206 451 t,
1222 419 1285 453 Π);
1306 419 1377 446 unde
1390 423 1500 453 apparet
1513 419 1574 453 quia
1590 423 1618 446 et
1635 426 1691 446 non

893 463 991 491 timere
1005 463 1051 491 Dei
1066 464 1166 491 donum
1182 469 1232 492 est.

929 509 957 535 2.
975 509 1026 543 Qui
1053 517 1196 544 personam
1222 510 1340 543 potentis
1363 510 1476 545 accipit,
1500 515 1527 537 et
1550 509 1692 537 veritatem

893 557 968 590 loqui
982 557 1116 590 pavescit,
1128 556 1203 591 gravi
1213 557 1342 584 multatur
1358 557 1444 591 culpa:
1460 557 1604 584 sententia.
1616 555 1694 584 Multi

894 602 966 629 enirn
983 602 1138 630 sacerdotes
1151 602 1377 636 metupotestatis
1393 602 1534 629 veritatem
1546 602 1694 634 occultant,

895 651 923 674 et
937 654 950 673 a
967 646 1037 674 bono
1052 654 1145 681 opere,
1158 647 1201 674 vel
1214 646 1350 681 ajustitiae
1363 646 1572 681 praedicatione,
1591 646 1630 673 rei
1642 646 1693 673 ali·

895 693 972 726 cujus
979 692 1121 720 tormidine
1129 697 1174 720 aut
1186 696 1318 727 potestate
1328 696 1447 720 terrente
1461 692 1693 720 avertuntur-‚sed

896 737 960 771 beu,
978 738 1044 772 proh
1061 738 1154 766 dolor!
1178 739 1240 766 inde
1252 743 1390 770 metuunt,
1407 739 1470 773 quia
1486 739 1527 765 vel
1544 746 1637 766 umore
1651 746 1696 766 re·-

895 792 956 811 rum
973 785 1147 811 saecularium
1162 785 1345 819 implicantur,
1359 784 1400 811 vel
1412 784 1474 819 quia
1489 785 1579 819 aliquo
1592 784 1695 812 facino—

896 830 934 857 ris
949 838 1032 864 operc
1047 830 1259 858 confunduntur.

933 875 959 902 5.
977 876 1052 903 Multi
1071 877 1201 911 praesules
1218 877 1408 909 Ecclesarium,
1427 877 1553 904 timentes
1575 884 1609 904 ne
1623 875 1693 903 ami-

46 927 132 963 plebis
139 925 275 954 auferatur
283 932 371 952 sermo
380 923 507 955 doctoris,
521 923 600 950 modo
607 930 669 950 vero
678 930 726 957 pro
736 922 844 950 utilibus
861 934 885 964 Β
898 923 989 950 citiam
1005 923 1128 957 perdant,
1144 924 1224 959 333
1238 928 1265 951 et
1286 924 1438 950 molestiam
1459 924 1582 951 odiorum
1604 924 1695 951 incur-

47 973 150 1001 tneritis
162 972 302 1000 tribuatur.
312 971 377 998 Nam
392 975 418 997 et
435 970 521 998 bonus
533 970 611 997 docet
628 970 738 1003 bonum,
749 974 776 997 et
788 978 848 997 ma-

47 1019 89 1046 lus
106 1018 215 1051 malum,
235 1022 262 1045 et
277 1018 364 1044 bonus
379 1016 489 1047 malum,
506 1021 533 1043 et
546 1016 632 1043 malus
643 1016 754 1049 bonum,
774 1016 845 1050 quod

48 1068 137 1092 tamen
153 1064 182 1091 lit
193 1064 269 1098 juxta
285 1063 409 1090 meritum
427 1062 596 1096 populorum.

83 1109 111 1136 5.
133 1109 190 1136 Non
207 1108 296 1135 omnia
307 1113 428 1142 tempora
441 1111 594 1140 congruunt
607 1107 738 1134 doctrinae
749 1115 846 1135 secun-

48 1156 112 1183 dum
122 1154 273 1182 Salomonis
286 1153 458 1186 sententiam,
470 1153 599 1180 dicentis:
611 1152 722 1187 Tempus
734 1153 845 1186 tacendi,

47 1207 72 1229 et
99 1206 200 1236 tempus
224 1199 344 1235 loquendi
359 1199 459 1235 (Enete.
476 1206 516 1231 ln,
533 1198 572 1234 7).
597 1198 654 1226 Nou
675 1199 783 1233 quidem
800 1206 847 1233 pet·

48 1247 184 1279 timorem,
200 1246 247 1274 sed
262 1254 309 1280 per
320 1245 526 1277 discretionem,
539 1248 648 1279 propter
660 1245 792 1272 malorum
807 1244 847 1271 in-

48 1292 246 1320 correctibilem
263 1292 432 1327 iniquitatem
447 1299 638 1327 nonnunquam
652 1293 755 1320 electos
766 1300 847 1328 opor-

49 1343 89 1367 tet
102 1347 117 1367 a
133 1338 255 1366 doctrina
271 1346 391 1366 cessare.

86 1386 167 1421 332
182 1386 209 1412 t.
231 1385 366 1412 interdum
385 1385 510 1413 doctores
524 1385 654 1412 Ecclesiae
676 1385 767 1412 calore
782 1385 846 1412 clia-

49 1432 138 1460 ritatis
147 1431 272 1458 ardentes
288 1431 472 1458 conticescunt
487 1438 501 1457 a
516 1431 648 1464 docendo,
663 1432 724 1466 quia
740 1439 792 1459 non
805 1436 846 1459 est

49 1478 96 1512 qui
109 1476 210 1508 audiat,
226 1481 342 1504 testante
352 1477 482 1511 propheta
494 1485 500 1503 z
517 1476 637 1504 Civitates
648 1477 737 1504 Austri
750 1478 846 1504 clausae

49 1529 120 1557 attat,
136 1528 160 1550 et
173 1530 225 1550 non
238 1528 274 1550 eat
286 1523 331 1558 qui
345 1523 444 1557 aperiat
460 1523 568 1558 (Jerem.
583 1531 640 1556 xttt,
655 1524 712 1559 ¹9).

88 1569 115 1597 5.
129 1568 180 1602 Qui
190 1567 303 1595 docendi
314 1568 417 1602 accepit
430 1567 561 1601 osticium,
574 1569 709 1597 interdum
726 1569 759 1596 ad
774 1574 844 1597 tem—

898 974 969 1003 rant,
985 975 1127 1004 peccantes
1144 979 1195 998 non
1212 975 1337 1005 arguunt,
1350 976 1377 998 et
1392 971 1529 1005 corripere
1546 978 1694 1005 pauperum

897 1021 1076 1049 oppressores
1102 1021 1243 1049 verentur;
1274 1024 1325 1044 nee
1341 1017 1535 1051 pertimescunt
1557 1017 1591 1044 de
1615 1025 1694 1044 seve-

898 1061 980 1088 ritate
995 1061 1139 1088 reddendae
1155 1062 1278 1094 rationis,
1301 1069 1350 1096 pro
1366 1070 1398 1089 eo
1414 1062 1486 1096 quod
1508 1063 1694 1090 conticescunt

899 1106 932 1134 de
949 1106 1071 1140 plebibus
1086 1106 1137 1133 sibi
1149 1107 1313 1134 cornmissis.

935 1153 962 1180 4.
981 1153 1094 1186 Quando
1109 1161 1123 1180 a
1138 1154 1292 1188 potentibus
1302 1161 1434 1188 pauperes
1446 1154 1646 1189 opprimuntur,
1662 1156 1695 1183 ad

899 1199 1053 1233 eripiendos
1066 1207 1113 1226 eos
1126 1200 1187 1226 boni
1199 1199 1353 1227 sacerdotes
1369 1200 1543 1234 protectionis
1566 1201 1695 1228 auxilium

899 1243 1005 1276 lerunt;
1019 1252 1069 1276 nec
1082 1250 1210 1272 verentur
1224 1245 1382 1279 cujusquam
1410 1245 1611 1272 inimicitiarum
1637 1252 1696 1272 ιιιο-

898 1289 1000 1322 lestias,
1018 1290 1065 1318 sed
1089 1298 1265 1324 oppressores
1285 1299 1432 1325 pauperum
1454 1291 1541 1325 palam
1566 1297 1694 1326 arguunt,

899 1335 1050 1368 increpant,
1058 1336 1695 1371 excommunicant;minusquemetuunteorum

899 1380 1013 1407 nocendi
1029 1381 1152 1413 insidias,
1166 1386 1270 1408 etiamst
1285 1389 1384 1408 nocere
1400 1381 1519 1414 valeant,
1535 1383 1614 1410 bonus
1626 1386 1695 1411 enim

899 1429 987 1459 pastor
1007 1426 1121 1452 animam
1140 1435 1214 1452 suam
1230 1428 1302 1461 ponit
1317 1435 1364 1462 pro
1380 1428 1469 1454 ovibus
1482 1427 1573 1463 (Joan.
1593 1437 1621 1462 x,
1637 1430 1694 1465 Η).

935 1472 962 1499 5.
977 1472 1053 1499 Sicut
1067 1473 1181 1507 pervigil
1199 1478 1290 1508 pastor
1308 1479 1401 1502 contra
1423 1474 1525 1502 bestias
1553 1484 1618 1504 oves
1643 1485 1696 1505 cu-

898 1518 1001 1546 stodire
1016 1520 1100 1552 solet,
1131 1521 1165 1547 ita
1201 1526 1229 1548 et
1255 1521 1301 1548 Dei
1336 1522 1462 1550 sacerdos
1486 1530 1565 1558 super
1590 1532 1698 1560 gregem

898 1563 997 1592 Christi
1011 1566 1141 1593 sollicitus
1157 1574 1216 1594 esse
1239 1567 1334 1601 debet,
1351 1577 1385 1596 ne
1398 1569 1523 1597 inimicus
1535 1576 1638 1604 vastet,
1660 1580 1694 1600 ne

50 1621 101 1650 pus
114 1613 183 1641 sacta
197 1613 312 1648 proximi
325 1618 420 1645 taceat,
442 1621 503 1647 quae
518 1614 609 1641 statim
636 1615 771 1649 corrigere
798 1621 846 1642 ne·
861 1625 884 1656 C
901 1617 1059 1645 persecutor
1070 1613 1190 1646 infestet,
1203 1622 1236 1641 nc
1249 1615 1407 1648 potentioris
1421 1617 1551 1651 cuiusque
1562 1618 1697 1651 cupiditas

51 1667 184 1695 quaquam
192 1658 340 1686 existimat.
351 1659 416 1686 Nam
423 1659 445 1686 si
455 1660 591 1694 corrigere
598 1664 683 1694 potest
695 1666 722 1688 et
730 1661 848 1688 dissimu-

52 1705 100 1740 tat,
117 1712 211 1732 verum
226 1705 349 1739 estquod
359 1712 520 1733 consensum
531 1707 631 1734 erroris
645 1707 724 1734 alieni
740 1707 846 1735 babeat.

89 1751 116 1778 6.
137 1751 262 1785 Plerique
282 1751 368 1778 sancti
393 1751 518 1780 doctores
534 1760 582 1786 pro
597 1753 658 1779 mali
685 1754 846 1788 pertinacia,

54 1797 116 1831 quia
141 1796 247 1831 iniquos
270 1796 414 1824 emendare
429 1803 578 1832 nequeunt,
595 1799 637 1826 bis
654 1804 743 1828 tacere
757 1800 849 1835 dispo-

58 1846 142 1875 uunt;
157 1842 205 1869 sed
221 1842 339 1870 calorem
355 1843 477 1877 spiritus,
498 1852 550 1879 quo
566 1850 691 1879 aguntur,
710 1846 780 1874 ferre
795 1855 848 1874 non

55 1888 238 1923 sustinentes,
254 1889 351 1917 iterum
367 1890 393 1917 in
405 1890 617 1925 increpationem
633 1892 774 1926 prosiliunt
797 1893 848 1921 ini-

55 1941 182 1969 quorum.

341 1980 454 2010 CAPUT
476 1982 556 2010 XLV.

120 2026 159 2053 De
171 2027 309 2061 proebenda
323 2028 480 2056 sacerdotali
493 2028 651 2064 protectione
664 2032 691 2058 in
704 2031 785 2067 plebe.

92 2072 119 2099 t.
141 2072 244 2105 Quibus
264 2073 379 2101 docendi
390 2074 477 2102 forma
492 2077 638 2103 commissa
659 2083 717 2110 est,
735 2078 848 2105 multum

57 2117 174 2145 subeunt
185 2117 296 2152 periculi
310 2118 332 2146 si
344 2119 590 2149 contradicentibus
605 2122 710 2149 veritati
726 2124 851 2151 resistete

58 2163 195 2191 noluerint
205 2172 213 2196 ;
224 2163 287 2191 dum
296 2164 426 2199 propheta
438 2165 575 2194 doctorem
587 2167 716 2195 Ecclesia:
737 2169 852 2196 instruat

57 2211 92 2238 ad
108 2218 245 2238 summum
256 2218 341 2246 usque
352 2212 463 2247 justitiae
488 2215 643 2249 pervenire,
669 2223 730 2243 cum
759 2217 825 2245 dicit
842 2226 849 2244 ι

58 2255 145 2291 Super
155 2261 268 2284 montem
281 2258 410 2284 excelsum
423 2259 542 2292 ascende,
557 2259 601 2294 qui
615 2261 773 2295 evanqelizas
786 2262 851 2290 Sion

903 1658 984 1685 vitam
998 1666 1147 1693 pauperum
1161 1660 1302 1695 inquietet.
1317 1661 1394 1688 Pravi
1406 1667 1497 1689 autem
1510 1668 1632 1697 pastores
1643 1672 1698 1692 nott

902 1703 1001 1731 liabent
1016 1712 1107 1731 curam
1122 1705 1156 1732 de
1171 1705 1277 1739 ovibus,
1293 1706 1352 1741 sed,
1365 1708 1436 1734 sicut
1451 1708 1548 1743 legitur
1563 1709 1588 1736 in
1605 1710 1697 1737 Evau-

901 1749 970 1783 gelio
985 1750 1018 1777 de
1039 1751 1226 1783 mercenariis,
1243 1752 1335 1779 vident
1361 1753 1452 1788 lupum
1472 1754 1636 1790 venientem,
1668 1759 1698 1785 et

902 1795 1015 1829 fugiunt.
1036 1795 1111 1824 Tunc
1125 1798 1195 1823 enim
1212 1796 1327 1832 fugiunt,
1354 1799 1462 1834 quando
1482 1801 1636 1834 potentibus
1657 1806 1700 1830 ta-

901 1845 973 1874 cent,
987 1846 1014 1868 et
1028 1842 1107 1868 malis
1123 1843 1250 1870 resistere
1269 1849 1408 1877 metuuut3
1433 1845 1467 1872 de
1489 1846 1586 1880 quibus
1611 1847 1633 1874 si
1654 1851 1700 1876 ta·

901 1887 1005 1914 cuerint
1031 1895 1079 1922 pro
1094 1895 1188 1915 eorum
1203 1888 1342 1923 iniquitate
1357 1890 1621 1919 condemnabuntur.

1185 1935 1308 1972 canor
1319 1945 1407 1973 xnvi

954 1989 994 2017 De
1006 1990 1147 2024 disciplina
1161 1995 1320 2018 sacerdotum
1332 2000 1358 2019 tn
1374 1996 1413 2019 ms
1426 1998 1471 2028 qttt
1489 1994 1651 2029 delinquunt²

937 2035 963 2061 1.
985 2035 1146 2063 Sacerdotes
1158 2043 1207 2070 pro
1222 2037 1381 2071 populorum
1396 2038 1540 2073 iniquitate
1563 2039 1696 2067 damnan-

903 2086 956 2113 tur,
973 2081 995 2108 si
1012 2089 1058 2108 cos
1072 2087 1117 2108 aut
1133 2082 1288 2116 ignorantes
1304 2091 1357 2110 nou
1374 2083 1508 2117 erudiant,
1523 2090 1569 2111 aut
1585 2093 1699 2119 peccau-

904 2133 942 2154 tes
955 2136 1006 2154 non
1021 2133 1146 2162 arguant,
1160 2132 1276 2156 testante
1309 2129 1423 2156 Domino
1446 2138 1492 2164 per
1515 2132 1674 2166 proplietam
1687 2140 1696 2158 z

903 2174 1097 2208 Speculatorem
1113 2175 1205 2202 dedite
1220 2175 1307 2202 domui
1322 2175 1414 2204 Israel.
1428 2177 1520 2204 Sinon
1535 2179 1612 2213 [ueris
1629 2179 1700 2206 locu-

903 2225 954 2253 tus,
971 2226 998 2247 ut
1012 2230 1038 2248 se
1049 2222 1178 2248 custodiae
1195 2222 1289 2255 impius
1302 2231 1317 2248 a
1332 2223 1372 2249 via
1386 2231 1448 2255 sua,
1465 2223 1509 2250 itte
1523 2224 1548 2250 ιἰι
1565 2224 1700 2260 iniquitute

902 2276 949 2294 sua
963 2269 1101 2300 morietur,-
1118 2269 1271 2303 sanquinem
1291 2274 1375 2296 autem
1390 2271 1446 2306 ejus
1459 2270 1491 2297 de
1504 2279 1581 2297 mann
1594 2275 1638 2297 tua
1653 2278 1696 2297 re-

58 2299 137 2337 (Isai.
159 2309 204 2335 ιι,
229 2301 271 2336 9);
286 2302 406 2336 scilicet,
434 2307 463 2330 ut
484 2305 520 2331 ita
541 2306 716 2338 praeemineat
740 2308 848 2342 merito,
866 2319 892 2349 Β
905 2310 1017 2348 quin-an?
1035 2313 1143 2349 (Ezech.
1169 2321 1216 2346 111,
1244 2314 1298 2349 17).
1329 2314 1372 2341 Sic
1392 2315 1464 2343 enim
1493 2316 1551 2343 lleli
1570 2315 1699 2344 sacerdos

59 2347 129 2376 sicut
143 2353 170 2376 et
181 2347 277 2383 gradu.
289 2348 452 2385 Sequenter‚
466 2358 499 2378 ne
512 2350 582 2379 sorte
593 2351 691 2379 debeat
704 2361 719 2379 a
732 2353 854 2384 docendo

98 2435 170 2463 levid.
198 2435 360 2472 Ine-inieritis.
389 2439 450 2481 At...
482 2442 606 2482 incipere.
636 2443 850 2474 Saluberrimum

61 2470 114 2498 hoc
128 2470 317 2500 documentum
332 2474 477 2504 Vezzostus
502 2477 568 2505 dicit
591 2485 653 2506 esse
679 2479 712 2507 iis
727 2481 771 2516 qui
792 2482 851 2510 aliis

62 2506 304 2581 Ιῗῐῖὓιὲῗιιιῗιξεῖἳ.
320 2543 347 2570 l.
362 2544 406 2572 Sic
419 2550 492 2573 reete
503 2524 630 2583 plerique:
649 2550 712 2578 Mss.
726 2550 778 2592 Cre
797 2560 849 2586 or„

63 2575 385 2654 notassem:
401 2579 448 2655 ,ἷξε
462 2580 851 2656 ξὲἃῖ,“’ἴὶἳιίῗι’;.“ἓ’ἓὲῗωὲῑέἓζ

63 2649 298 2708 miceam?
320 2648 444 2676 auditoris
457 2650 560 2684 culpam
583 2654 746 2683 subtrahitur
769 2666 853 2686 sermo

101 2715 131 2756 23
148 2713 202 2757 Pro
214 2717 332 2754 utilitas,
346 2721 400 2758 otc.
414 2717 453 2746 lta
465 2719 570 2761 Gotitici
586 2721 658 2751 libri.
674 2723 729 2766 Pro¹
742 2727 854 2766 atilitate

55 2751 678 2819 «Ἧ’ῧὶἲυΐὲἑὶῗυῖ“ἕὲἒιέἓῖξε““ὶὶοἳῗὲλ’ω
690 2758 802 2790 “²¹¹¹‘¹¹“
810 2769 856 2790 ‘'¹‘'

86 2806 197 2862 .8.·G're
216 2828 271 2854 or„
285 2821 351 2850 ibid.
369 2821 473 2863 Eccles.
487 2807 528 2852 sn.
550 2809 657 2861 Loutia.
721 2855 726 2859 ,

63 2851 81 2891 ,3
102 2853 173 2883 llud.
207 2855 418 2885 amantum.
441 2857 480 2886 lta
493 2858 612 2890 Gotbiei.
636 2861 852 2903 Inconiqibitom,

138 2889 247 2920 ιοωι.

41 2879 124 3016 'rt
207 2937 344 2969 Parnon.
359 2938 537 2972 Lxxxttt.

909 2366 959 2394 pro
985 2358 1101 2386 tiliorum
1124 2359 1266 2395 iniquitate
1284 2360 1427 2388 damnatus
1447 2366 1503 2395 est;
1526 2366 1552 2389 et
1573 2362 1636 2388 licet
1650 2367 1698 2388 eos

942 2450 1006 2478 Cn».
1031 2459 1092 2478 ur.
1122 2451 1155 2478 N.
1181 2452 1207 2478 i.
1230 2452 1269 2479 Ex
1290 2451 1421 2486 (flegon,
1442 2451 1520 2486 epist.
1541 2452 1574 2478 ad
1598 2452 1699 2482 Joann.

906 2485 1064 2518 Constant..
1086 2486 1178 2513 indict.
1198 2485 1224 2513 9.
1239 2487 1301 2515 lsai.
1318 2494 1362 2514 ιι..
1383 2485 1449 2514 Vide
1475 2486 1601 2522 Gregor„
1615 2495 1699 2524 super

905 2521 1018 2552 Ezecb„
1031 2521 1125 2548 bomil.
1139 2522 1185 2549 Η.
1200 2521 1309 2549 ιοΑιεΛ.

940 2556 967 2582 2.
990 2556 1052 2588 Alii,
1066 2556 1136 2591 loqui
1153 2557 1320 2590 pertimescit,
1344 2557 1446 2592 qravias
1466 2557 1548 2592 cttlpae
1570 2558 1698 2588 multatur

906 2592 1041 2618 sententia.
1058 2591 1114 2622 Al..
1126 2592 1210 2626 aravit
1220 2592 1312 2625 cutpae.
1327 2591 1362 2619 Et
1374 2592 1453 2626 paulo
1467 2598 1537 2625 post,
1553 2592 1696 2628 occultam,

905 2631 930 2653 et
944 2626 1069 2652 habentur
1081 2627 1128 2658 rei,
1141 2627 1183 2659 qui
1197 2634 1214 2652 a
1227 2627 1292 2653 botta
1307 2635 1392 2661 opere.
1408 2629 1492 2654 Ansv.

943 2662 971 2689 5.
992 2661 1115 2695 Gregor..
1132 2661 1179 2690 lib.
1203 2669 1267 2688 xxix
1290 2662 1397 2695 Moral.,
1422 2669 1482 2697 cap.
1500 2662 1526 2696 6.
1546 2667 1573 2690 et
1591 2667 1660 2699 part.
1677 2673 1698 2694 ιι

906 2695 980 2723 Past.
994 2695 1082 2729 Curae,
1098 2703 1159 2731 cap.
1173 2697 1199 2723 4.
1214 2696 1321 2724 ιοιιει.

942 2730 1012 2758 tend.
1030 2731 1097 2763 Alii.
1118 2739 1149 2758 ne
1173 2732 1314 2760 amicitiam
1329 2733 1495 2763 eaecutarium
1518 2734 1638 2768 perdam.
1664 2735 1698 2763 Et

905 2773 968 2808 mos
977 2787 985 2799 ,
1005 2774 1056 2808 nam
1072 2767 1278 2800 pertimescente·
1292 2769 1360 2803 quod
1373 2769 1405 2796 de
1419 2769 1523 2796 ueritate
1535 2770 1587 2797 aiut
1606 2770 1696 2799 reddi-

907 2805 1094 2864 mCArgf'g'gt':
1105 2809 1151 2864 rgo
1157 2809 1175 2864 1⁶
1176 2810 1191 2864 ἶ,
1197 2803 1399 2870 gali-Atttflyet
1406 2839 1442 2867 ibi
1454 2823 1578 2876 Gregor„
1594 2839 1690 2872 botnil.

909 2871 954 2906 tt,
968 2877 995 2900 et
1005 2876 1075 2907 part.
1090 2879 1108 2900 ιι
1122 2872 1201 2902 Curae
1214 2878 1327 2908 pastor„
1341 2881 1402 2910 cap.
1416 2874 1443 2903 o.
1458 2875 1570 2904 boam·
