1832 3016
130 172 175 199 151

131 231 184 265 ejus
200 227 363 256 divinitatem
381 222 508 257 loquitur.
524 221 567 248 cui
583 221 655 248 idem
672 220 787 255 populns
802 218 915 246 credere
930 218 958 248 A

130 266 295 299 dedignatur.
320 259 394 287 Unde
408 263 434 284 et
451 257 527 284 Urias
538 264 599 283 cum
614 255 733 291 epistolis
745 254 777 281 ad
791 253 868 285 Joab,
883 261 917 280 ex

130 301 221 334 quibus
234 295 319 323 occidi
334 294 459 324 debebat,
475 291 598 323 mittitur,
610 292 671 325 quia
698 290 767 316 idem
793 289 851 322 ipse
872 288 918 315 Ju-

129 335 219 362 <laicus
236 330 347 364 populus
361 329 446 362 legent
462 330 569 360 portat,
586 333 639 361 qua
659 326 837 352 convincente
861 331 919 350 mo-

129 371 221 396 riatur.
239 366 305 392 Dum
329 364 399 391 enim
424 361 547 389 mandata
573 361 638 395 legis
664 361 784 387 retinens
806 358 920 392 implere

129 405 240 434 nititur,
266 401 323 434 ipse
348 397 477 426 nimirum
502 396 589 424 desert
609 396 741 430 judicium
758 394 828 422 unde
841 395 916 421 dam-

130 443 219 465 netur.

165 473 208 499 59.
226 471 295 499 Gaza
312 469 393 503 enim,
419 473 446 496 et
474 467 600 500 Ascalon,
629 471 656 493 et
677 467 798 493 Accaron
813 466 920 492 diversa

130 507 259 542 supplicia
282 505 463 532 sustinebunt.
486 502 556 529 Gaza
578 503 767 536 interpretatur
796 501 920 536 fortitudo

129 546 194 579 njus.
208 543 306 569 Omnes
321 547 384 574 ergo
400 539 445 573 qui
461 538 510 565 sibi
529 537 690 571 applaudunt
716 538 740 563 in
766 536 921 563 fortitudine

130 577 260 611 corporis
271 581 297 602 et
308 575 426 609 potentia
438 573 607 602 saecularum
617 572 710 599 dIcnnt
719 579 779 599 cum
791 571 919 598 diabolo:

131 612 324 639 Fortitudinem
351 609 456 642 t'aciam,
470 608 629 642 diripientur
654 609 680 634 in
696 607 739 634 die
762 607 809 633 irze
830 606 922 633 Domi·

130 649 167 680 ni,
184 652 210 675 et
225 646 257 673 ad
274 645 386 672 nihilum
402 644 565 678 redigentur.

166 683 211 710 Gt».
227 681 341 708 Ascalon
356 680 465 715 quippe,
487 686 546 713 quat
568 678 781 713 (interpretatur)
797 677 921 712 pondera,

131 718 171 746 vel
189 717 255 752 iqnis
271 716 413 747 homicidoe,
439 721 499 741 cum
521 714 625 740 venerit
649 713 706 740 dies
728 713 773 739 irae
788 733 795 745 ,
812 713 922 739 sceleris

131 754 171 780 sni
188 759 338 779 mensuram
355 750 451 777 sentiet
466 770 474 781 ,
498 754 526 775 et
549 749 642 775 eodetn
669 756 721 782 quo
739 752 863 780 operatus
883 752 924 774 est

133 788 254 822 pondere
269 786 443 820 deprimetur.
460 785 493 811 Et
507 785 567 818 qnia
582 784 647 810 arsit
673 784 705 809 ad
733 782 922 809 effundendum

135 823 303 858 sanguinem,
326 826 352 847 ct
369 821 465 847 multas
486 819 677 846 scandalizavit
694 819 811 850 animas,
828 823 854 844 et
874 817 923 844 im-

133 860 232 892 pletum
249 863 288 883 est
303 857 329 882 in
346 864 376 882 ea
391 866 397 882 z
415 855 506 882 Virum
521 854 674 889 sanquinum
689 858 712 879 (l
725 854 843 879 dolosum
861 853 922 878 abo-

134 893 272 919 minabitur
288 891 420 923 Dominus,
447 898 498 916 non
521 890 675 924 diripietur,
688 894 716 915 ut
731 888 799 914 Gaza
811 908 818 921 ‚
835 888 882 914 sed
897 889 922 914 in

134 928 306 955 solitudinem
323 927 430 954 redacta
446 925 575 959 gehennae
587 924 692 959 ignibus
707 923 923 950 concremabitur

134 971 218 997 usque
233 963 265 989 ad
285 962 429 996 pulverem.

170 1000 213 1026 61.
229 998 339 1025 Necnon
366 1001 391 1023 et
407 997 518 1029 Motus,
545 1001 604 1029 quae
629 994 757 1021 Hebraico
779 993 877 1020 dicitur
899 1002 926 1020 es

134 1034 229 1066 David,
252 1037 279 1059 ct
299 1033 324 1059 in
341 1033 430 1066 lingna
444 1035 535 1057 nostra
550 1034 629 1056 sonat
646 1030 711 1064 ignis
727 1029 899 1063 generationis
916 1050 923 1062 ,

135 1070 207 1096 clara
221 1069 280 1095 luce
298 1067 449 1094 testabitur.
466 1066 538 1092 Arsit
550 1066 620 1092 enim
638 1065 760 1095 libidine,
772 1069 798 1091 et
815 1071 927 1098 genera-

134 1105 217 1131 tionis
229 1103 353 1130 incendio
377 1102 505 1134 dissipata
521 1105 577 1132 est3
597 1105 623 1126 ct
638 1101 698 1133 qnia
714 1106 808 1126 omnes
823 1099 926 1126 adulte-

135 1144 238 1171 rantes,
254 1138 330 1172 quasi
346 1137 478 1168 clibanus,
496 1135 575 1161 corda
591 1142 683 1162 eorum
702 1155 708 1166 ,
725 1140 751 1161 et
765 1135 868 1168 sagittis
882 1142 926 1160 ar-

137 1174 264 1202 dentibus
279 1173 413 1199 vttlncrati
429 1175 499 1198 sunt.
513 1171 569 1197 Non
587 1171 612 1196 in
628 1170 756 1202 tenebris,
770 1178 822 1195 non
838 1169 865 1195 in
883 1177 928 1196 oc-

138 1210 210 1236 culto
234 1208 355 1243 judicio,
378 1207 424 1234 scd
451 1207 478 1233 in
499 1206 628 1238 meridie,
654 1206 704 1232 hoc
728 1210 768 1232 est
785 1225 793 1238 ,
823 1206 928 1238 quando

137 1244 224 1271 sancti
244 1244 348 1277 plenam
374 1243 503 1275 recipient
524 1241 671 1267 claritatem
686 1263 693 1275 ,
714 1240 888 1274 projicientur
902 1241 928 1267 in

141 1279 276 1309 tenebras,
293 1283 320 1304 ct
336 1283 489 1304 sanctorum
505 1277 668 1303 consortium
685 1283 737 1303 non
754 1275 889 1302 habebunt
902 1277 928 1302 in

137 1315 181 1342 dic
193 1312 296 1348 judicii.

175 1350 220 1377 62.
237 1349 289 1375 Sed
304 1352 330 1375 et
343 1349 477 1378 Accaron,
491 1354 550 1380 quae
572 1347 763 1379 interpretatur
784 1345 905 1372 sterilitas
919 1364 927 1378 ,

138 1385 181 1412 vel
197 1384 348 1416 eradicatio,
364 1383 424 1416 quia
439 1382 525 1408 nullos
540 1381 642 1408 fructus
654 1381 766 1413 habuit,
780 1385 806 1407 et
821 1388 929 1414 perver-

139 1421 218 1447 sitate
241 1419 369 1445 doctrinae
395 1426 449 1444 suae
474 1416 618 1443 eradicavit
643 1415 791 1449 plurimos,
821 1417 929 1449 ipsaque

139 1454 330 1482 eradicabitur.
345 1453 399 1480 llas
414 1459 507 1479 onmes
528 1452 671 1478 varietates
686 1451 802 1485 intellige
825 1451 850 1476 in
872 1451 930 1477 ani-

140 1497 243 1518 marum
268 1489 339 1516 vitiis
355 1493 433 1521 atque
447 1487 573 1521 peccatis.
590 1487 623 1513 Et
636 1486 706 1521 quod
721 1486 930 1519 uniuscnjusque

140 1533 208 1560 opus
219 1525 296 1559 quale
319 1525 351 1551 sit
365 1523 433 1556 ignis
456 1522 587 1556 probabit.
613 1521 714 1548 Idcirco
737 1520 834 1547 infirmi
856 1521 928 1555 diJu-

140 1561 230 1587 dicant
257 1566 327 1593 saepe
348 1559 445 1589 multa,
462 1564 521 1591 quae
537 1566 550 1582 a
573 1557 687 1583 sortibus
705 1556 841 1588 dicuntur,
866 1557 928 1590 quia

139 1597 261 1630 ignorant
278 1593 348 1628 quod
371 1594 396 1620 in
413 1593 499 1619 bubus
523 1592 729 1618 calcitrantibus
744 1591 870 1618 inclinata
884 1591 928 1617 illa
944 1587 967 1617 C

140 1630 305 1657 Testamenti
328 1635 388 1656 arca
401 1650 408 1661 ‚
423 1628 533 1662 jamque
547 1634 670 1654 casuram
694 1626 807 1653 credens
822 1626 929 1653 Levites

140 1667 244 1699 erigere
258 1665 355 1697 voluit,
377 1670 492 1697 moxque
515 1662 677 1689 sententiam
691 1661 870 1688 damnationis
885 1668 930 1688 ac-

138 1708 168 1728 ce
189 1705 219 1727 tt.

171 1708 220 1763 {33¹
242 1735 310 1768 Quid
324 1740 365 1762 est
381 1740 496 1767 namque
509 1739 585 1759 mens
601 1732 680 1766 justi,
696 1732 747 1759 nisi
761 1739 819 1758 arca
837 1732 930 1759 Testa-

139 1770 238 1798 menti?
262 1778 321 1804 quae
340 1773 439 1805 gestata
458 1768 543 1795 bubus
559 1768 757 1794 calcitrantibus
774 1767 926 1800 inclinatur,

141 1806 202 1841 quia
214 1812 402 1838 nonnunquam
417 1804 498 1830 etiam
510 1803 554 1836 qui
573 1804 640 1830 bene
651 1807 758 1837 praeest,
774 1802 835 1828 dnm
848 1802 931 1836 subji-

141 1842 236 1874 cietur,
253 1841 411 1875 populorum
425 1838 582 1865 confusione
597 1839 729 1869 concitus,
745 1839 777 1864 ad
794 1838 930 1871 dispensa-

141 1877 222 1904 tionis
233 1875 487 1903 condescensionem
500 1881 534 1900 ex
551 1873 607 1900 sola
627 1873 772 1900 dilectione
785 1880 927 1906 permove-

140 1917 196 1938 tur.
223 1911 276 1939 Sed
293 1911 319 1938 in
336 1911 404 1943 hoc,
421 1909 491 1943 quod
514 1909 708 1943 dispensatorie
729 1909 807 1943 561
831 1908 929 1942 agitur,

141 1947 279 1974 inclinatio
304 1947 360 1980 ipsa
378 1944 539 1972 fortitudinis
561 1951 639 1971 casus
664 1948 772 1978 putatur
787 1943 929 1977 imperitis.

139 1982 218 2010 Unde
234 1986 261 2009 et
274 1980 396 2009 nonnulli
411 1979 510 2007 subditi
526 1985 619 2006 contra
637 1979 705 2006 hanc
719 1986 827 2005 manum
841 1985 932 2012 repre·

139 2018 279 2079 geflsmnis
304 2017 433 2048 mittunt,
449 2015 496 2042 sed
521 2015 642 2048 protinus
666 2015 724 2049 ipsa
752 2015 814 2041 vitae
836 2014 931 2041 merita

158 2059 173 2079 e
184 2053 276 2080 ciunt.

175 2088 220 2115 64.
236 2088 319 2115 Recte
333 2087 386 2114 Oza
401 2086 508 2117 dieitur,
525 2086 570 2120 qui
586 2085 713 2112 videlicet
732 2084 852 2111 robustus
877 2082 932 2110 Do-

140 2122 203 2148 mini
218 2123 422 2156 interpretatur.
440 2121 572 2153 Quoniam
599 2124 807 2154 praesumptores
821 2120 930 2154 quique,

140 2157 192 2184 n'rsi
209 2157 300 2183 audaci
317 2161 405 2183 mente
420 2157 543 2182 robustos
558 2162 588 2182 se
599 2163 659 2182 esse
685 2156 711 2181 in
734 2154 849 2181 Domino
873 2162 933 2181 cre-

141 2191 245 2224 derent,
261 2197 425 2224 nequaquam
453 2190 594 2217 meliorum
618 2191 686 2216 sacta
700 2190 742 2216 vel
765 2190 835 2217 dicta
859 2189 932 2216 velut

139 2226 244 2253 intirma
257 2225 417 2260 judicarent.

175 2261 220 2288 65.
234 2260 304 2287 Dabo
319 2260 364 2286 tibi
377 2267 446 2294 reyes
460 2259 487 2285 in
498 2259 583 2293 furore
594 2266 659 2285 meo.
674 2259 702 2285 Si
712 2265 785 2292 ergo,
799 2259 930 2286 irascente
944 2277 971 2306 D

140 2296 208 2330 Deo,
220 2295 364 2323 secundum
378 2299 468 2321 nostra
479 2294 572 2320 merita
591 2297 708 2320 rectores
727 2294 886 2327 accipimus,
902 2294 927 2320 in

140 2332 246 2358 illorum
271 2331 375 2358 actione
387 2329 510 2364 legimus,
530 2330 591 2363 quia
615 2328 649 2355 de
669 2328 724 2355 sola
752 2329 929 2355 aestimatione

139 2373 284 2401 pensemus
298 2386 305 2398 ‚
339 2365 460 2400 quamvis
491 2364 648 2398 plerumque
680 2363 758 2389 electi
790 2363 929 2396 subjacent

141 2402 271 2435 reprobis.
285 2400 347 2428 lnde
361 2405 389 2427 et
400 2398 483 2426 David
497 2399 604 2426 Saulem
627 2398 746 2432 pertulit,
758 2399 819 2431 quia
831 2399 927 2431 dignus

142 2441 205 2464 tunc
220 2436 323 2471 t'uitqui
335 2439 406 2462 tanta
433 2434 569 2468 praepositi
591 2434 735 2467 asperitate
749 2437 925 2479 premeretur.

939 904 963 933 B

176 2503 223 2532 59.
241 2503 269 2530 ln
280 2502 341 2535 Ms.,
356 2502 398 2536 qui
410 2501 458 2528 sibi
472 2501 642 2537 applaudent.

176 2540 221 2566 60.
248 2539 372 2573 Supplevi
396 2538 587 2572 interpretatur,
611 2536 683 2571 quod
708 2536 818 2564 verbum
834 2539 927 2564 exstat

141 2583 216 2616 num.
231 2581 312 2608 praec.
324 2573 352 2600 ln
367 2572 415 2600 Ms.
425 2577 482 2600 erat
495 2576 679 2604 concremetur,
690 2576 718 2598 et
730 2578 811 2606 supra
825 2579 928 2599 concre-

139 2614 348 2672 ”Hfigs’Vffier
360 2642 502 2671 delendum
517 2643 549 2669 de
563 2646 625 2670 ante
651 2642 716 2669 sota.
733 2641 798 2682 Quae
821 2641 874 2669 hoe
901 2645 930 2669 et

140 2687 215 2722 seqq.
231 2680 349 2720 numeris
362 2679 396 2706 de
410 2678 570 2719 rectoribus,
587 2679 644 2706 sive
657 2676 808 2713 praepositis
821 2682 849 2718 et
862 2677 927 2704 aub-

140 2714 351 2776 ggitsted'tc'unmr’
379 2713 488 2775 υῐὲῗωῗ
515 2713 634 2741 isidorus
662 2717 809 2748 pertractat
832 2711 879 2740 hb.
893 2719 925 2740 ut

175 2755 658 2819 67.⁰v't³‹tr‹{ieii¹1¹r''tegexidu⁵tiiqg'culpa
670 2782 771 2812 attenua
793 2789 846 2811 nott
864 2782 926 2819 fuit,

143 2819 182 2845 vel
194 2826 211 2844 a
222 2819 300 2852 culpa
308 2819 416 2846 alienos.
788 2844 794 2852 s

176 2851 221 2879 68.
234 2853 298 2880 Haec
311 2857 436 2888 petuntur
449 2861 483 2880 ex
497 2853 566 2882 libro
575 2853 609 2882 tv
623 2853 738 2890 Regum,
757 2861 818 2890 cap.
831 2860 870 2883 vt.
910 2863 912 2866 ’

177 2886 222 2916 6⁹.
237 2887 397 2923 corruptum
410 2887 516 2916 videtin·
536 2887 603 2917 Ecce
625 2889 717 2918 atatim
737 2889 804 2918 Baat
818 2886 926 2919 Bm-

340 167 384 194 Ab
402 167 430 193 S.
452 162 577 192 tstbottt
596 162 727 190 tttst‘at..
749 157 977 194 QtJAEsTtONtt's
995 158 1029 187 ΙΝ
1049 157 1177 186 LIBRUM
1198 156 1320 186 REGUM
1340 153 1525 185 APPENntx.

977 2818 1230 2859 hocntragmentum,
1241 2819 1332 2848 addita
1351 2819 1479 2852 rubrica:
1495 2818 1639 2855 amptum
1656 2821 1715 2857 capi
1726 2851 1734 2855 ,

977 2853 1084 2882 aetum
1095 2854 1198 2882 Esaroe.
1215 2855 1254 2882 11-
1708 2850 1714 2857 '

943 2930 951 2935 .
977 2891 1011 2919 ut*
1018 2889 1088 2931 apud
1117 2889 1258 2921 isidorum.

1704 153 1756 182 ⁴52

968 216 1013 244 Sic
1027 224 1101 252 ergo,
1118 216 1187 244 sicut
1210 216 1304 243 merita
1325 214 1501 247 subditorum,
1528 211 1680 239 tribuuntur
1693 218 1757 247 per-

970 259 1042 279 sonae
1068 253 1245 287 regnantium,
1259 255 1289 278 ut
1314 257 1387 284 saepe
1410 249 1456 284 qui
1471 248 1596 276 videntur
1617 247 1692 280 boni,
1714 254 1759 275 ac-

970 293 1047 321 cepto
1061 295 1122 314 mox
1136 287 1266 321 regimine
1276 289 1470 320 permutentur,
1482 283 1621 318 Scriptura
1633 283 1758 310 dicente:

972 323 1022 355 Qui
1034 330 1078 349 cor
1089 331 1147 348 cum
1160 322 1285 356 diqm'tate
1299 321 1415 347 mutavit.

1006 357 1052 384 (16.
1073 356 1150 384 Unde
1170 357 1299 390 scriptum
1319 360 1378 383 est:
1397 355 1461 382 Eece
1480 362 1537 381 cum
1557 361 1623 381 esses
1639 353 1762 388 parvulus

971 393 997 419 in
1012 391 1092 419 oculis
1105 393 1166 424 tuis,
1183 396 1260 426 caput
1275 397 1298 418 te
1309 391 1427 417 constitui
1438 390 1466 417 in
1491 390 1571 416 tribus
1595 388 1690 415 Israel.
1715 387 1762 416 Sic

974 435 1022 461 pro
1059 427 1231 461 qualitatibus
1265 426 1432 454 subditorum
1477 425 1658 459 disponuntur
1702 427 1762 451 acta

971 462 1148 496 regnantium.
1174 462 1209 489 Ut
1237 469 1308 497 saepe
1331 469 1378 495 pro
1401 460 1470 487 malo
1497 460 1584 495 gregis
1598 460 1680 486 etiam
1699 465 1762 486 vere

971 497 1037 524 boni
1063 497 1199 531 delinquat
1218 497 1272 524 vita
1298 496 1421 530 pastoris.
1453 495 1499 522 llle
1525 495 1595 522 enim
1609 516 1616 527 ,
1645 495 1698 521 Deo
1722 499 1763 520 at-

973 537 1099 566 testante,
1116 533 1249 566 laudatus,
1275 531 1321 558 ille
1336 538 1512 565 supernorum
1533 530 1657 557 conscius
1681 529 1762 556 David

973 568 1113 601 propheta,
1130 567 1257 601 populum
1280 566 1446 593 numerando
1472 566 1600 600 peccavit.
1615 565 1649 591 Et
1673 569 1762 592 tamen

973 604 1114 630 vindictam
1133 602 1255 635 populus,
1270 601 1355 627 David
1371 606 1514 634 peccante,
1536 600 1665 633 suscepit.

1009 638 1052 664 67.
1067 639 1120 664 Cur
1130 637 1197 664 hoc?
1213 637 1338 663 videlicet
1353 643 1399 670 per
1410 636 1535 662 meritum
1547 635 1662 668 plebium
1674 634 1765 669 dispo-

974 674 1045 700 nitur
1056 674 1122 700 ordo
1153 677 1297 699 rectorum.
1322 671 1413 698 Justus
1437 678 1501 697 vero
1523 670 1604 704 judex
1628 670 1763 703 peccantis

974 709 1067 736 vitium
1093 716 1125 735 ex
1155 709 1274 742 ipsorum
1305 706 1538 733 animadversione
1566 705 1706 739 corripuit,
1732 713 1764 732 ex

974 751 1086 779 quorum
1117 751 1197 770 causa
1222 743 1351 777 peccavit.
1379 742 1430 768 Sed
1453 742 1515 776 qnia
1543 740 1600 773 ipsa
1628 741 1764 767 voluntate

976 780 1144 813 superbiens,
1159 786 1173 804 a
1188 780 1265 812 culpa
1291 778 1394 804 alienus
1410 785 1461 804 non
1485 776 1605 810 suscipit,
1621 777 1764 802 vindictam

976 817 1059 849 culpa:
1074 815 1152 840 ctiam
1175 814 1231 847 ipse
1252 812 1373 846 suscipit.
1402 812 1467 838 Nam
1496 813 1533 839 ira
1557 811 1679 844 saeviens,
1707 817 1767 845 quoe

977 849 1151 884 corporaliter
1183 849 1309 882 populum
1340 848 1464 881 perculit,
1491 851 1623 874 rectorem
1661 853 1767 881 quoque

978 885 1069 922 populi
1081 885 1174 911 intimo
1184 885 1272 910 cordis
1285 883 1378 909 dolore
1393 883 1544 917 prostravit.

1009 921 1052 948 68.
1068 919 1143 946 Ibant
1156 924 1240 945 autem
1267 919 1293 945 in
1309 919 1431 944 directum
1454 925 1536 944 vacem
1551 925 1595 952 per
1622 917 1687 943 viam
1712 924 1769 951 quoe

978 954 1047 981 ducit
1070 955 1229 987 Befflsames,
1253 958 1403 988 perqentes,
1429 958 1451 979 et
1475 953 1614 987 muqientes
1630 972 1637 985 ‚
1665 956 1688 978 ct
1718 959 1768 978 non

978 990 1141 1016 declinabant
1169 989 1295 1023 nequead
1310 989 1449 1021 dexter-mu,
1475 996 1555 1022 neque
1569 989 1603 1014 ad
1626 988 1767 1014 sinistram.

978 1026 1047 1058 Quid
1064 1027 1143 1060 igitur
1154 1032 1255 1055 vaccae,
1271 1025 1322 1050 nisi
1348 1024 1438 1050 lidi-les
1461 1030 1582 1057 quosque
1606 1024 1632 1049 in
1650 1023 1768 1049 Ecclesia

978 1061 1121 1094 designant
1131 1061 1142 1086 ⁸?
1154 1060 1203 1092 Qui
1215 1061 1277 1085 dum
1291 1060 1359 1085 sacri
1376 1059 1475 1092 eloquii
1498 1062 1631 1091 praecepta
1649 1058 1769 1084 conside-

979 1101 1049 1128 rant,
1065 1095 1141 1129 quasi
1167 1095 1401 1128 superimpositam
1428 1093 1530 1119 Domini
1547 1099 1635 1119 arcam
1652 1097 1768 1126 portant.

1016 1132 1059 1157 titt.
1075 1131 1112 1157 De
1123 1130 1218 1164 quibus
1230 1131 1279 1156 hoc
1294 1129 1374 1155 etiam
1390 1127 1603 1163 praenotandum,
1615 1127 1675 1161 quia
1688 1127 1769 1154 tuisse

981 1166 1042 1193 seta*
1057 1170 1247 1198 memorantur,
1262 1165 1323 1198 quia
1337 1169 1399 1191 sunt
1412 1164 1541 1198 plerique,
1557 1163 1602 1198 qui
1624 1164 1650 1189 in
1665 1163 1706 1189 via
1724 1163 1770 1189 Dei

980 1203 1140 1228 intrinsecus
1155 1200 1243 1234 positi,
1261 1200 1324 1226 soris
1339 1200 1488 1226 carnalibus
1500 1198 1771 1232 affectibustigantur,

980 1239 1092 1263 sednon
1108 1237 1244 1263 declinant
1258 1244 1271 1261 a
1285 1239 1358 1262 recto
1374 1235 1478 1266 itinere,
1503 1235 1546 1268 qui
1561 1241 1650 1260 arcam
1666 1233 1771 1260 Domini

980 1277 1099 1306 portant.
1115 1273 1183 1299 Ecce
1203 1271 1302 1298 etenim
1319 1270 1379 1297 Baal
1400 1270 1568 1301 Bctltsames,
1583 1269 1682 1303 quippe
1708 1269 1772 1295 dicit

981 1308 1072 1334 domus
1094 1307 1167 1333 solis.
1194 1307 1227 1333 Et
1252 1306 1384 1340 Propheta
1407 1306 1466 1331 ait:
1498 1304 1576 1331 Vobis
1602 1309 1704 1337 autem,
1730 1311 1772 1338 qut

980 1343 1072 1368 timetis
1086 1350 1177 1368 nomen
1188 1340 1304 1372 Domini,
1318 1342 1413 1367 orietur
1425 1340 1582 1374 soljustt'tt'oe
1593 1339 1720 1374 (Malaca.
1733 1346 1772 1372 tv,

980 1376 1020 1411 2).
1035 1378 1062 1404 Si
1078 1377 1158 1411 igitur
1172 1377 1205 1402 ad
1235 1377 1328 1403 aeterni
1342 1377 1406 1402 solis
1420 1376 1610 1402 habitationem
1627 1374 1772 1407 tendimus,

981 1413 1089 1447 dignum
1104 1411 1223 1446 profecto
1233 1416 1275 1437 est
1290 1415 1319 1437 ut
1329 1410 1363 1437 de
1379 1410 1424 1437 Dei
1441 1411 1537 1437 itinere
1557 1417 1606 1444 pro
1620 1409 1773 1437 carnalibus

981 1447 1119 1474 aflectibus
1135 1454 1187 1473 non
1201 1447 1377 1473 declinemus.

1016 1483 1060 1509 70.
1077 1483 1143 1509 Tota
1154 1482 1225 1508 enim
1242 1482 1338 1508 virtute
1350 1481 1517 1515 pensandum
1532 1485 1583 1514 est,
1598 1479 1670 1515 quod
1685 1486 1773 1507 vaccae

981 1518 1028 1544 Dei
1050 1518 1169 1552 plaustro
1185 1516 1332 1552 suppositae
1347 1517 1427 1551 502
1443 1521 1572 1550 pergunt,
1594 1520 1621 1542 et
1645 1519 1773 1549 gemunt;

982 1554 1046 1579 dant
1067 1553 1100 1580 ab
1115 1552 1215 1579 intimis
1235 1553 1350 1586 rugum,
1378 1557 1405 1578 et
1427 1555 1515 1578 tamen
1539 1551 1574 1578 de
1598 1551 1693 1578 itinere
1721 1557 1773 1577 non

982 1588 1120 1615 declinant
1148 1594 1267 1622 gressus.
1289 1587 1334 1613 Sic
1359 1587 1484 1614 nimirum
1507 1586 1697 1621 praedicatores
1727 1586 1774 1612 Dei

981 1624 1069 1655 verbi,
1099 1624 1137 1650 sic
1158 1624 1292 1655 doctores,
1323 1622 1362 1649 sic
1387 1622 1479 1649 fideles
1494 1622 1592 1656 quique
1617 1628 1676 1648 esse
1703 1621 1774 1648 intra

982 1663 1101 1686 sanctam
1116 1659 1262 1685 Ecclesiam
1276 1657 1385 1690 debent,
1395 1663 1424 1684 ut
1438 1658 1635 1691 compatiantur
1646 1656 1774 1689 proximis

983 1701 1030 1728 per
1044 1694 1214 1725 charitatem,
1228 1698 1256 1720 et
1271 1698 1360 1720 tamen
1375 1693 1409 1719 de
1425 1694 1466 1719 via
1483 1692 1530 1719 Dei
1544 1699 1598 1719 non
1619 1691 1774 1718 exorbitent

982 1736 1030 1764 per
1040 1729 1265 1763 compassionem.

1018 1764 1125 1791 71.N1x
1147 1765 1234 1799 itaque
1250 1770 1320 1790 nunc
1344 1762 1504 1790 innocentiae
1530 1763 1600 1789 nitor
1615 1766 1643 1790 et
1668 1762 1772 1797 gratiae,

982 1807 1053 1827 nunc
1067 1799 1151 1826 hiems
1164 1799 1284 1833 etsrigus
1296 1799 1433 1825 charitatis
1444 1798 1555 1832 intelligi
1570 1802 1669 1832 potest.
1696 1798 1773 1830 Quod
1806 1806 1832 1827 -:

983 1839 1071 1862 autem
1085 1835 1196 1869 legimus
1205 1836 1230 1860 in
1238 1836 1390 1868 ttegnorum
1399 1834 1484 1866 libris,
1494 1833 1619 1860 Banaiam
1630 1833 1772 1867 quemdam

982 1870 1015 1896 de
1027 1870 1139 1897 fortibus
1155 1870 1236 1896 lsrael
1257 1869 1428 1896 descendisse
1449 1869 1475 1895 in
1502 1869 1657 1901 cisternam,
1670 1873 1696 1895 ct
1711 1875 1772 1902 per-

983 1905 1098 1932 cussisse
1114 1906 1217 1932 leonem
1234 1906 1260 1931 in
1275 1909 1395 1938 tempore
1410 1904 1491 1936 nivis,
1509 1902 1696 1931 indifferenter
1710 1908 1774 1938 puto

983 1941 1008 1967 in
1026 1941 1090 1967 locis
1106 1940 1157 1967 illis
1174 1940 1286 1975 positam
1312 1941 1413 1972 nivem,
1429 1940 1489 1974 quia
1504 1944 1531 1966 et
1553 1939 1652 1966 Christi
1674 1941 1774 1973 gratia,

983 1983 1042 2010 quae
1057 1976 1083 2003 in
1096 1977 1146 2002 hoc
1161 1977 1260 2002 mundo
1285 1975 1462 2009 resplenduit,
1478 1978 1504 2001 et
1528 1974 1612 2009 frigus
1634 1974 1774 2002 charitatis

983 2011 1042 2044 Dei,
1057 2019 1109 2045 quo
1137 2010 1298 2038 refrixerunt
1325 2011 1447 2037 homines
1462 2010 1532 2037 niris
1556 2010 1664 2037 nomine
1686 2009 1774 2044 potuit

983 2046 1120 2081 Scriptura
1136 2053 1212 2073 sacra
1227 2045 1381 2080 significari.

1019 2082 1064 2108 72.
1079 2082 1204 2108 Banaiam
1220 2089 1285 2108 vero
1295 2080 1441 2115 figuraliter
1454 2079 1626 2115 intelligimus
1647 2079 1773 2108 Salvato-

984 2125 1048 2149 rem,
1074 2118 1134 2152 quia
1160 2117 1234 2151 iuxta
1258 2117 1309 2143 vim
1335 2116 1451 2143 nominis
1477 2116 1519 2143 sui
1546 2117 1603 2150 ipse
1627 2115 1773 2143 aediticator

984 2152 1129 2184 Dominus;
1146 2152 1179 2179 de
1190 2159 1244 2186 quo
1269 2151 1398 2186 propheta
1412 2150 1614 2182 vaticinaverat.
1637 2151 1699 2185 quia
1724 2157 1773 2184 per

983 2195 1044 2214 etun
1060 2187 1243 2214 aedilicandant
1260 2187 1407 2213 Ecclesiam
1422 2186 1507 2213 dixit:
1531 2186 1678 2219 AEdificans
1694 2184 1774 2212 Jeru-

983 2222 1062 2248 salem
1087 2222 1224 2249 Dominus.
1250 2222 1386 2256 itemque:
1412 2221 1564 2255 AEdificavit
1590 2222 1673 2254 Simu·
1701 2220 1772 2255 quud

985 2258 1095 2284 verbum
1109 2257 1136 2283 in
1152 2258 1252 2283 factura
1270 2257 1360 2288 llevae,
1381 2264 1440 2290 quae
1455 2257 1582 2283 Ecclesia}
1608 2261 1699 2291 typum
1721 2256 1771 2282 ha-

984 2291 1050 2326 buu,
1067 2292 1203 2326 Scriptura
1220 2293 1325 2326 propria
1339 2291 1531 2324 significatione
1545 2292 1642 2324 posuit,
1657 2291 1750 2317 dicens
1763 2298 1771 2317 :

982 2327 1016 2353 Ει
1031 2326 1293 2360 oedificavitdomt'nus
1313 2325 1383 2351 Deus
1402 2330 1515 2356 costam,
1534 2333 1611 2360 quam
1628 2326 1720 2352 tulerat
1741 2326 1772 2352 de

981 2362 1065 2388 Adam
1078 2363 1106 2388 in
1115 2362 1255 2388 nzutierem.
1282 2361 1315 2386 Et
1328 2360 1425 2387 Paulus
1439 2360 1558 2388 construi
1582 2367 1642 2387 eam
1663 2360 1769 2394 videns.

982 2397 1018 2423 ait
1031 2405 1040 2423 .·
1057 2396 1104 2423 Dei
1117 2395 1255 2430 aedificatio
1265 2395 1335 2422 estis.

1017 2430 1063 2460 73.
1077 2431 1186 2459 Samuel
1208 2437 1257 2458 cur
1284 2435 1325 2458 ter
1348 2430 1484 2458 vocatur?
1508 2430 1571 2465 quia
1593 2434 1622 2458 et
1641 2431 1772 2467 propheta

982 2508 1044 2528 mea.
1061 2500 1113 2529 Pro
1125 2501 1186 2528 dicit
1199 2500 1338 2528 crederem
1352 2501 1537 2536 reponendum
1561 2502 1664 2530 dicitur.
1684 2503 1770 2532 Verba

983 2536 1119 2564 Malachiae
1132 2537 1160 2563 in
1175 2535 1286 2571 Vulgata
1297 2541 1359 2563 sunt
1371 2545 1377 2562 :
1390 2536 1424 2564 Et
1434 2537 1529 2564 orietur
1544 2538 1612 2565 uobis
1627 2539 1771 2566 timentibus

983 2579 1074 2599 nomen
1085 2579 1170 2598 nteum
1184 2572 1223 2598 so'l
1229 2571 1348 2607 justitiae.
1545 2575 1549 2578 ’

1019 2607 1065 2635 71.
1080 2607 1186 2634 Banaiae
1202 2607 1299 2634 tactum
1310 2611 1452 2635 enarratur
1466 2607 1514 2636 lib.
1526 2607 1548 2635 11
1571 2608 1684 2644 Regum,
1708 2615 1769 2644 cap.

983 2649 1060 2673 xxtn,
1071 2642 1106 2670 20
1120 2647 1204 2677 etseq
1226 2663 1241 2683 ·.
1249 2642 1276 2669 ln
1287 2642 1338 2670 Ms.
1350 2643 1455 2671 videtur
1463 2649 1523 2671 esse
1532 2644 1653 2679 maiam
1663 2644 1770 2679 infrixa-

983 2681 1073 2740 ”⁴24⁹
1075 2684 1169 2754 3031·ae
1179 2685 1232 2748 'gui
1261 2682 1398 2746 pern‘eam.
1417 2713 1448 2742 In
1469 2713 1533 2747 Ha..
1561 2713 1622 2750 quta
1645 2714 1748 2743 vertam

980 2755 1084 2776 correxi
1098 2748 1168 2784 quod
1178 2748 1293 2775 verbum.

1013 2782 1057 2811 75.
1077 2783 1116 2812 ita
1125 2783 1239 2812 contuso
1254 2791 1344 2812 rerum
1357 2787 1385 2812 et
1404 2791 1536 2818 annorum
1550 2783 1653 2817 ordine
1669 2785 1728 2815 desi
1760 2783 1763 2785 ’
