1832 3016
81 144 117 174 03
662 133 965 165 DIFFERENTlARUM
984 134 1050 163 Lln.
1069 133 1100 164 ΙΙ.
1679 136 1716 165 ῦὸ

81 206 180 238 nitur,
195 208 226 232 ut
239 197 304 231 nil'ni
317 202 452 230 remaneat
463 198 491 226 in
502 197 609 225 homine
619 197 691 232 quod
704 203 758 223 non
770 195 868 223 dlvinae
881 195 906 226 Α
957 192 1019 222 150.
1035 193 1091 221 noe
1103 187 1246 221 trimodum
1261 193 1436 228 philosophie
1449 198 1552 229 maus,
1563 193 1642 229 juxta
1668 200 1716 222 ua-

81 249 216 279 dilectioni
229 247 364 278 subdatur.
378 244 444 272 Nam
457 244 520 271 dum
535 243 632 270 dicitur
646 251 651 268 :
669 241 766 277 Diliges
787 240 868 267 Deum

82 307 114 326 ex
127 302 180 325 loto
193 294 268 323 corde
281 298 324 320 tao
336 313 343 325 ‚
359 298 452 318 omnes
467 289 641 324 cogitationes
657 288 684 314 in
698 286 782 314 Deum
797 286 864 313 rele-

81 343 178 374 rendn·
191 338 326 376 pmcipit;
341 337 404 365 dum
419 344 483 364 vero
503 335 600 363 dicitur
611 355 618 366 ‚
644 342 676 362 ca:
695 337 748 361 tota
769 333 866 365 anima,

81 396 174 419 mnne·
185 385 336 416 affectiones
346 384 442 411 animae
453 382 486 410 ad
497 382 581 410 Deum
593 380 687 408 referri
696 380 790 415 jussit3
804 379 867 406 dum

81 442 144 464 vero
155 431 262 468 adiecit,
277 438 309 458 em
323 434 378 457 tota
389 433 487 461 mente,
503 428 603 455 indicat
616 434 722 454 ornnem
736 425 867 453 rationem

81 481 232 511 humanam,
248 484 299 511 qua
314 475 485 510 intelligimus
500 478 527 501 et
540 473 730 505 discernimus,
746 472 772 499 in
787 471 868 499 rebus

79 526 176 557 :livinis
188 531 248 553 esse
262 522 453 557 occupandam.

113 582 174 610 115.
203 581 268 608 item
296 580 350 607 duo
377 582 438 606 sunt
466 584 529 613 erga
554 576 727 604 dilectionem
754 574 869 609 proximi

77 626 207 655 servanda
223 634 230 652 :
250 629 277 652 ut
301 625 358 659 ipse
379 626 487 658 praestet
499 622 557 649 aliis
569 628 628 657 qnae
643 621 692 647 sibi
708 620 827 655 praestari
842 623 870 645 et

76 673 111 702 ali
123 671 181 700 aliis
195 671 262 703 vult,
283 674 310 698 et
321 677 382 704 quae
401 668 451 695 sibi
471 667 566 696 inferri
582 666 746 701 pertimescit
761 673 813 692 non
830 665 867 692 in-

76 710 155 746 serat.
170 717 207 746 Er
224 717 273 745 hac
286 715 391 751 gemina
406 714 556 741 dilectionis
568 714 666 741 virtute
680 714 706 740 in
718 713 870 747 proximum

75 770 171 793 ornnes
193 762 316 790 oriuntur
337 761 460 791 virtutes,
482 760 579 794 quibus
595 763 642 786 aut
654 759 753 787 utiliter
768 765 871 792 eaquae

75 813 139 841 sunt
156 808 304 843 appetenda
320 807 452 841 cupimus,
464 810 508 833 aut
521 812 581 840 quae
595 804 703 832 vitanda
718 809 780 831 sunt
801 811 870 838 prae-

75 862 211 884 cavemus.

922 241 1025 275 pientes
1050 239 1141 267 mundi
1156 240 1183 266 in
1198 240 1316 274 partibus
1331 240 1387 267 suis
1398 261 1406 272 ‚
1422 240 1457 267 ita
1471 240 1657 276 distinguitur.
1670 240 1714 270 Ad

921 287 1057 322 physicam
1071 287 1204 321 pertinere
1219 286 1295 314 aiunt
1306 285 1462 318 disciplinas
1473 290 1586 319 septem,
1598 293 1713 320 quarum

920 333 1004 367 prima
1021 336 1062 359 est
1075 331 1254 364 arithmetica,
1269 330 1385 358 secunda
1399 331 1555 364 geometria,
1567 331 1644 359 tertia
1655 339 1715 360 mu-

919 380 984 413 sica,
998 384 1091 414 quarta
1105 379 1279 410 astronomia,
1290 378 1382 411 quinta
1394 377 1548 411 astrologia,
1568 382 1643 405 sexta
1654 386 1715 408 me-

920 425 1045 457 chanica,
1061 424 1174 458 septima
1193 423 1334 450 medicina.
1355 422 1434 450 Ratio
1449 426 1539 451 autem
1558 425 1714 453 earumdem

920 470 1120 505 disciplinarum
1132 469 1260 502 brevitor,
1274 469 1322 496 isla
1337 472 1388 495 est.

959 526 1113 563 110151.
1133 525 1308 553 Arithmetica
1331 531 1445 559 namque
1464 528 1506 552 est
1525 525 1645 553 delinitio
1669 532 1716 559 per

921 583 999 610 quam
1017 582 1188 602 numerorum
1209 574 1327 601 omnium
1351 574 1418 601 ratio
1440 573 1481 600 vel
1500 574 1566 600 ordo
1585 574 1715 603 consistit.

921 623 1072 651 Geotnetria
1088 626 1130 649 est
1145 621 1286 655 disciplina
1303 620 1493 655 magnitudinis
1507 642 1515 654 ,
1530 625 1557 648 et
1571 621 1714 654 ligur-arum

922 669 991 696 notis
1015 668 1238 701 lineamentisque
1255 667 1368 701 propriis
1384 666 1507 693 distincta
1520 686 1528 698 ,
1553 666 1593 694 vel
1614 666 1714 693 lortnis.

922 715 994 742 Dicta
1010 719 1097 742 autem
1109 714 1260 741 Geometria
1272 721 1286 740 a
1299 713 1468 740 dimensione
1480 716 1568 746 terrae,
1580 720 1627 747 per
1637 720 1716 747 quiam

922 760 1133 794 uniuscujusque
1158 759 1267 786 termini
1290 758 1420 786 delineari
1446 758 1544 785 solent.
1572 757 1645 784 ilanc
1666 759 1717 792 pri-

922 815 995 834 muni
1011 806 1130 841 AEgyptii
1151 806 1311 832 invenerunt
1334 812 1383 839 pro
1404 804 1566 831 necessitate
1587 804 1716 830 termino-

923 861 984 881 rum
1002 858 1091 886 terrae‚
1108 860 1175 887 quos
1186 852 1261 879 Nilus
1273 851 1456 879 inundationis
1468 855 1588 885 tempore
1603 850 1714 877 consun-

112 912 174 939 ¹46.
194 910 269 945 Quod
283 911 354 938 enim
368 909 496 937 Dominus
509 909 574 935 dicit
588 915 595 935 :
611 907 703 934 Omma
715 914 872 941 qum-unque
886 894 913 926 B
925 899 1014 927 debin-
1031 898 1131 926 MUSlffl
1143 903 1185 925 ⁰5²
1196 905 1242 924 ³¹¹5
1254 896 1409 931 Bpecmbllis
1423 904 1488 924 ‘'⁰⁰²'‘
1502 896 1542 923 ἘΙ
1559 901 1634 930 gestu
1645 917 1653 929 ³
1669 895 1717 922 ¹¹³·

76 958 152 986 vulti·
176 962 203 984 ut
230 957 325 991 saciant
352 955 421 982 vobis
444 955 576 987 homines,
603 958 627 980 ει
647 961 691 980 vos
712 953 788 987 facite
807 952 870 983 illis,

78 1003 193 1037 pertinet
214 1003 246 1029 ad
270 1001 332 1029 boni
357 1001 549 1035 impensionem
571 1000 597 1026 in
623 999 782 1034 proximum.
805 998 871 1025 ltcm

78 1048 149 1083 quod
163 1049 190 1075 in
206 1047 294 1074 Veteri
317 1046 489 1073 Testameuto
504 1045 600 1079 legitur
619 1052 627 1071 z
650 1044 726 1077 Quod
750 1044 795 1070 tibi
821 1052 871 1070 non

78 1095 133 1126 vis,
161 1094 236 1120 alteri
263 1100 295 1118 ne
323 1092 432 1126 seceris,
461 1091 578 1125 pertinet
604 1089 637 1116 ad
663 1089 809 1116 cavendum
838 1096 872 1115 ne

78 1140 138 1175 quis
154 1139 252 1166 malum
268 1138 363 1164 inserat
377 1137 507 1170 proximo.
537 1135 577 1162 Ex
607 1135 650 1161 his
675 1141 740 1168 ergo
766 1133 871 1160 dnohus

79 1187 197 1214 articulis
211 1192 327 1220 congrue
350 1183 468 1218 diligitur
496 1182 645 1216 proximus,
660 1181 723 1208 dum
743 1184 770 1207 et
789 1180 871 1207 bene-

78 1234 130 1260 flcii
144 1232 309 1267 impensione
328 1229 442 1262 fovetur,
458 1233 486 1256 et
500 1228 572 1255 nulla
586 1226 685 1254 malitia
699 1226 814 1254 laeditur.

401 1285 544 1313 xxxvnt.

116 1344 193 1380 100
207 1342 267 1369 2147.
281 1341 351 1369 inter
365 1340 496 1368 scientiam
510 1343 537 1366 et
552 1338 705 1373 sapientiam
721 1337 772 1365 hoc
786 1338 869 1364 lnter-

77 1396 116 1418 est
129 1398 135 1417 ε
149 1389 256 1417 scientia
268 1387 301 1414 ad
311 1387 471 1421 agnitionem
484 1384 608 1420 pertinet,
618 1383 746 1418 sapientia
760 1382 792 1409 ad
804 1389 869 1409 con-

76 1435 283 1470 templationem.
310 1432 426 1460 Scientia
443 1430 635 1465 temporalibus
663 1430 731 1457 bene
759 1429 842 1455 utitur·
855 1448 864 1461 ,

75 1486 153 1516 atque
168 1482 193 1507 in
210 1479 325 1507 vitandis
349 1478 437 1510 malis,
462 1485 508 1505 seu
531 1476 711 1510 intelligendis
726 1476 766 1503 vel
786 1483 866 1511 appe-

76 1526 163 1555 tendis
178 1525 255 1554 bonis
269 1529 393 1553 versatur
407 1534 413 1550 ·.
433 1523 563 1559 sapientia
579 1528 666 1550 autent
683 1522 866 1549 tantummodo

76 1579 174 1603 aeterna
189 1573 395 1607 contemplatur.
427 1571 492 1598 ltem
518 1570 636 1597 nonnulli
662 1569 712 1596 viri
739 1570 808 1596 inter
823 1576 903 1616 stt-C

75 1620 201 1655 pientiam
215 1623 242 1646 ct
258 1617 424 1653 prudentiam
450 1615 561 1649 intelligi
584 1615 745 1646 voluerunt,
771 1619 798 1640 ut
823 1621 866 1641 sa-

75 1665 201 1701 pientiam
217 1664 243 1691 in
257 1663 364 1696 divinis,
381 1662 551 1699 prudentiam
563 1666 653 1688 autem
671 1661 711 1688 vel
727 1660 864 1687 scientiam

75 1712 103 1738 ln
125 1709 238 1737 hominis
261 1709 373 1743 negotiis
398 1712 538 1743 ponerent.
567 1706 687 1734 Perfecta
713 1711 802 1733 autem
826 1711 867 1734 est

77 1756 188 1783 scientia
202 1755 284 1782 multa
310 1762 389 1789 agere
405 1754 474 1780 bona
487 1773 495 1785 ,
511 1758 537 1780 et
553 1753 585 1779 de
600 1753 651 1779 illis
665 1751 770 1779 laudem
782 1756 867 1779 terre-

76 1808 136 1830 nam
152 1808 205 1828 nott
218 1807 339 1835 quaerere
352 1807 413 1834 quae
425 1799 496 1828 Deus
510 1799 637 1833 praecepit
649 1799 749 1830 lacere,
764 1802 792 1826 et
805 1805 865 1825 ser-

76 1854 140 1875 vum
151 1846 271 1873 inutilem
283 1850 346 1874 ante
358 1845 451 1872 oculos
463 1845 510 1872 Dei
525 1851 555 1872 se
569 1845 732 1872 existimare.

407 1910 528 1938 XXXIX.

111 1958 173 1986 tls.
184 1957 257 1985 luter
265 1958 415 1994 sapientiam
423 1961 450 1984 et
459 1957 629 1994 eloquentiam
639 1957 675 1983 ita
686 1957 862 1992 distinguunt:

76 2004 147 2040 quod
162 2003 312 2038 eloquentia
325 2008 430 2031 constat
453 2011 487 2030 ex
510 2003 611 2030 verbis.
628 2003 792 2036 Sapientiam
809 2003 866 2029 sine

75 2050 225 2084 eloquentia
238 2047 366 2084 prodesse
378 2056 430 2076 non
443 2053 483 2075 est
497 2048 618 2076 dubium.
637 2048 794 2082 Eloquentia
810 2049 867 2074 sinc

75 2097 204 2133 sapientia
227 2097 316 2124 valere
337 2103 389 2123 non
412 2099 509 2130 potest.
524 2095 617 2123 Melior
639 2095 710 2122 enim
727 2098 770 2121 cst
783 2094 867 2121 indis-

74 2147 148 2171 ereta
165 2143 306 2178 prudentia
319 2149 398 2177 quam
411 2142 491 2168 stulta
507 2141 663 2177 loquacitas.
679 2141 779 2167 Rerum
793 2142 864 2168 enim

74 2189 162 2217 studia
177 2194 296 2224 prosunt,
308 2195 360 2215 non
375 2191 531 2215 ornamenta
542 2186 695 2214 verborum.
710 2187 867 2221 Eloquentia

74 2234 157 2266 enim,
171 2238 200 2261 ut
213 2233 328 2261 diximus
343 2254 350 2266 ,
371 2232 483 2259 scientia
504 2235 545 2259 est
561 2233 720 2265 verborum
737 2233 866 2267 sapientia

75 2283 175 2312 eutem,
187 2278 304 2314 cognitio
317 2285 407 2305 rerum
421 2283 448 2305 et
461 2277 611 2305 intellectus
623 2285 774 2305 causarum.

113 2335 173 2363 119.
189 2336 273 2363 Porro
288 2334 446 2370 sapientiam
464 2338 570 2362 veteres
593 2334 789 2370 philosophiam
817 2343 865 2363 vo-

76 2385 214 2415 caverunt,
229 2381 254 2408 td
270 2386 311 2408 est
333 2380 450 2408 omnium
475 2388 565 2408 rerum
581 2380 760 2408 humanarum
787 2386 866 2416 atque

77 2428 228 2456 divinarum
240 2427 389 2455 scientiam.
414 2427 500 2462 Hujus
515 2427 692 2462 philosophiae
707 2431 796 2462 partes
811 2432 866 2456 tres

78 2481 138 2502 esse
149 2473 282 2508 dixerunt,
303 2473 330 2502 id
343 2477 396 2507 est,
412 2474 551 2511 physicam
565 2496 573 2508 ,
587 2475 701 2509 logicam
715 2496 722 2506 ‚
737 2474 863 2502 ethicam.

77 2518 204 2556 Physlca,
219 2519 346 2547 naturalis
360 2525 417 2554 est;
431 2519 537 2554 Ethica,
553 2521 678 2554 moralis;
695 2521 804 2556 Logica,
822 2529 864 2549 ra-

79 2562 197 2592 tionalis.
214 2561 311 2590 narum
323 2564 409 2599 prima
425 2569 528 2592 naturae
541 2570 568 2592 et
584 2566 807 2599 contemplationi
823 2573 866 2594 re-

77 2616 138 2638 rum
159 2609 316 2643 deputatur,
338 2609 458 2641 supuda
482 2611 508 2640 in
528 2611 634 2639 actione
660 2615 688 2639 et
711 2611 864 2647 cognitione

79 2659 153 2684 reete
168 2652 278 2682 vivendi
288 2657 428 2688 renutu,
447 2656 525 2684 tertia
539 2656 567 2684 ia
579 2656 757 2685 discernendo
772 2664 864 2685 rerum

77 2707 95 2730 a
107 2699 174 2730 falso
185 2701 303 2736 ponitur.

24 2817 27 2839 3,
76 2804 181 2871 ὤση.
193 2803 283 2833 vnn·
295 2803 430 2846 rpus-t·-
443 2802 556 2837 vum·-
574 2804 634 2834 tm
651 2809 716 2834 ιιιι
726 2813 737 2834 ι
747 2787 822 2840 onia
833 2805 869 2834 at

143 2839 226 2868 oderit
235 2839 291 2875 lieri
305 2839 360 2872 nbi,
371 2839 428 2867 mdo
441 2847 474 2867 ne
497 2843 528 2867 tut
537 2839 678 2875 aliqud·
688 2839 866 2878 dini-'ndn-

114 2876 217 2906 utentia
229 2877 323 2905 eadem
334 2879 388 2904 est.
403 2876 488 2905 Aur.

924 946 990 972 bens
1006 945 1030 971 in
1045 952 1074 971 se
1088 951 1260 971 numerorum
1275 951 1306 970 ac
1325 943 1385 970 soni
1404 947 1506 970 certam
1520 941 1716 970 dimensionem

923 997 984 1017 cum
999 989 1111 1016 seientia
1127 989 1251 1024 perlecta‘³
1266 987 1467 1015 modulationis.
1486 988 1548 1015 llatc
1564 992 1670 1014 constat
1683 995 1717 1014 ex

924 1035 1009 1064 tribus
1026 1034 1123 1067 modis,
1138 1034 1163 1062 id
1177 1039 1218 1062 est
1233 1041 1310 1067 sono,
1327 1033 1457 1060 verbiset
1472 1034 1602 1061 numeris.

960 1096 1021 1123 152.
1042 1096 1211 1123 Astronomia
1226 1100 1268 1122 est
1282 1095 1326 1122 lex
1346 1099 1492 1122 astrorum.
1508 1094 1659 1130 Astrologia
1674 1098 1716 1122 est

923 1143 992 1171 ratio
1005 1151 1063 1178 quae
1077 1142 1282 1170 conversionem
1294 1142 1354 1169 coeli
1366 1146 1393 1168 et
1403 1142 1540 1176 signorum
1553 1140 1657 1181 deth-it,
1672 1147 1718 1174 po-

923 1194 1087 1224 testatesque
1100 1194 1127 1216 et
1141 1194 1216 1216 ortus
1229 1188 1346 1216 siderum
1360 1210 1367 1222 ‚
1384 1192 1412 1215 et
1431 1194 1554 1214 occasus.
1570 1186 1643 1213 itane
1658 1193 1717 1212 ma-

923 1237 1059 1264 thematici
1076 1239 1236 1270 sequuntur.
1253 1234 1405 1262 Mechanica
1419 1238 1461 1260 est
1473 1232 1594 1266 quaedam
1610 1231 1716 1266 peritia,

923 1284 964 1310 vel
979 1282 1099 1310 doctrina
1113 1301 1122 1314 ,
1149 1281 1182 1307 ad
1198 1287 1277 1315 quam
1302 1279 1435 1306 subtiliter
1459 1278 1574 1304 fabricas
1597 1278 1716 1304 omnium

920 1335 1010 1355 rerum
1023 1333 1187 1354 concurrere
1198 1325 1302 1352 dicunt.
1315 1324 1446 1351 Medicina
1457 1328 1497 1350 est
1512 1323 1624 1350 scientia
1638 1330 1718 1349 cura—

919 1373 1033 1405 tionum,
1047 1372 1080 1398 ad
1095 1375 1337 1405 temperamentum
1349 1369 1480 1404 corporis,
1493 1369 1536 1396 vel
1551 1369 1663 1396 salutem
1678 1368 1718 1395 in-

920 1423 1009 1446 venta.
1018 1418 1038 1445 E
1046 1417 1143 1453 quibus
1150 1416 1259 1452 quidem
1268 1416 1392 1443 omnibus
1399 1415 1520 1450 quaedam
1529 1415 1648 1449 religioni
1657 1421 1719 1441 con-

918 1466 1045 1498 veniunt,
1062 1464 1186 1499 quaedam
1200 1470 1265 1491 vero
1281 1463 1361 1497 longe
1378 1462 1467 1489 modis
1485 1460 1610 1488 omnibus
1630 1459 1718 1487 aliena

918 1516 989 1539 sunt.

956 1574 1016 1601 15⁷».
1034 1573 1147 1608 Digestis
1161 1572 1316 1607 generibus,
1340 1572 1397 1598 sire
1416 1570 1575 1598 differentiis
1599 1569 1717 1603 physicae

918 1620 994 1652 artis,
1008 1627 1078 1646 nune
1091 1623 1181 1653 partes
1195 1618 1295 1652 logices
1306 1623 1494 1650 exsequamur.
1505 1615 1616 1643 Constat
1627 1619 1716 1641 autetu

918 1674 950 1693 et
967 1666 1105 1693 dialectica
1129 1669 1157 1692 et
1180 1664 1325 1692 rhetorica.
1342 1662 1488 1690 Dialectiea
1509 1666 1550 1689 est
1576 1661 1646 1688 ratio
1659 1661 1717 1688 sivo

918 1713 1007 1746 regula
1022 1711 1184 1746 disputandi,
1195 1711 1360 1738 intellectum
1371 1709 1467 1736 mentis
1479 1717 1589 1741 acuenS,
1599 1715 1717 1743 veraque

918 1765 933 1788 a
945 1758 1021 1785 falsis
1035 1757 1212 1791 distinguens.
1223 1755 1365 1782 Rhetorica
1377 1759 1419 1783 est
1432 1755 1500 1782 ratio
1510 1755 1626 1788 dicendi,
1637 1755 1718 1789 iuris-

919 1804 1064 1840 peritorum
1078 1802 1202 1835 scientia,
1215 1809 1292 1836 quam
1307 1806 1431 1830 oratores
1442 1807 1600 1836 sequuntur.
1610 1801 1674 1833 ttae,
1687 1806 1717 1828 ut

917 1850 1025 1885 quidam
1042 1849 1080 1876 ait
1121 1849 1185 1876 sicut
1205 1849 1300 1875 ferrum
1320 1856 1415 1876 veneno
1428 1867 1436 1880 ‚
1456 1847 1582 1875 sententia
1600 1851 1717 1874 armatur

918 1896 1028 1930 eloquio.

955 1957 1018 1985 151.
1040 1957 1102 1984 Post
1114 1957 1226 1991 logicam
1241 1955 1363 1990 sequitur
1379 1955 1477 1988 ethica,
1490 1962 1549 1988 quae
1563 1954 1595 1980 ad
1612 1955 1717 1981 institu-

918 2004 1018 2030 tionem
1037 2003 1151 2037 pertinet
1166 2009 1282 2029 morum.
1297 2001 1359 2028 Haec
1375 2001 1445 2028 enim
1459 2000 1528 2027 bene
1540 2000 1646 2027 vivendi
1661 2007 1717 2027 nta-

919 2049 1001 2084 gislra
1017 2053 1070 2080 est,
1085 2047 1268 2082 dividiturque
1284 2047 1310 2073 in
1325 2050 1439 2081 quatuor
1459 2045 1621 2080 principales
1633 2046 1718 2072 virtu·

922 2099 962 2120 tcs
976 2102 981 2119 :
999 2093 1182 2127 prudentiam,
1201 2092 1312 2124 scilicet,
1330 2095 1410 2125 atque
1422 2090 1569 2124 justitiam,
1584 2090 1717 2117 fortitudi-

920 2146 981 2166 nem
996 2158 1005 2171 ‚
1020 2143 1047 2166 et
1062 2138 1277 2171 temperantiam.
1302 2137 1447 2164 Prudentia
1471 2140 1512 2163 est
1525 2135 1626 2171 agnitio
1643 2143 1715 2162 verae

920 2186 993 2218 fidei,
1009 2189 1035 2212 et
1051 2184 1161 2212 scientia
1176 2184 1394 2218 scripturarum,
1412 2183 1439 2210 in
1451 2190 1503 2216 qun
1520 2182 1619 2209 intueri
1635 2189 1716 2216 opor-

921 2237 958 2260 tet
974 2232 1036 2259 illud
1053 2231 1196 2259 trimodum
1213 2231 1397 2265 intelligentiae
1408 2237 1504 2264 genus.
1528 2229 1647 2263 Quorum
1663 2229 1717 2263 pri-

879 2273 908 2304 Β
919 2286 991 2308 mum
1006 2283 1047 2307 est
1062 2285 1109 2313 per
1124 2278 1194 2312 quod
1208 2277 1332 2312 quaedam
1347 2276 1517 2311 accipiuntur
1540 2275 1715 2304 historialiter

918 2325 976 2353 sine
988 2324 1041 2362 ulla
1055 2324 1152 2358 figura,
1168 2328 1196 2350 ut
1210 2327 1273 2351 sunt
1284 2322 1378 2350 decem
1393 2325 1550 2356 praecepta3
1566 2320 1715 2348 seeundum

918 2376 959 2399 est
975 2379 1021 2406 per
1034 2371 1106 2406 quod
1128 2370 1251 2404 quaedam
1276 2369 1304 2396 in
1326 2368 1476 2401 Sciit-turis
1500 2367 1634 2401 permixto
1653 2364 1715 2399 jure

918 2418 1096 2452 accipiuntur,
1113 2420 1168 2445 tam
1183 2415 1332 2444 secundum
1349 2415 1430 2441 linem
1450 2420 1542 2440 rerum
1557 2415 1691 2446 gestarum
1704 2431 1712 2444 .

918 2470 998 2498 qnam
1012 2463 1094 2490 etiam
1111 2464 1187 2496 juxta
1211 2461 1357 2494 figurarum
1380 2458 1564 2490 intelteotum,
1587 2457 1656 2486 sicut
1679 2457 1715 2484 de

919 2509 984 2536 Sara
997 2511 1024 2535 et
1033 2509 1115 2542 Agar.
1128 2506 1248 2535 Primum
1260 2505 1332 2539 quod
1342 2511 1410 2545 vere·
1416 2503 1526 2535 tuerint.
1535 2503 1632 2531 dehinc
1641 2503 1714 2538 quod

917 2554 1020 2588 tropice
1032 2553 1086 2582 duo
1101 2552 1273 2582 Testamenta
1288 2550 1444 2585 ligurantur.

952 2603 1017 2638 ¹55.
1039 2609 1159 2636 Tertium
1173 2614 1258 2643 genus
1279 2611 1320 2634 est
1343 2607 1414 2641 quod
1425 2610 1526 2633 tantam
1540 2604 1714 2639 spiritualiter

917 2657 1058 2691 accipitur,
1074 2655 1144 2683 sieut
1155 2655 1190 2682 de
1203 2653 1320 2682 Canticis
1332 2653 1508 2680 canticorum.
1524 2651 1591 2685 Qum
1601 2651 1625 2679 si
1637 2651 1712 2686 iuxta

917 2710 1012 2731 sonum
1027 2702 1170 2731 verborum
1187 2702 1265 2741 ιιι
1277 2700 1319 2728 vel
1338 2699 1509 2728 efficientiam
1534 2698 1624 2737 operis
1644 2704 1714 2730 nen-

957 2803 1019 2832 150.
1051 2803 1090 2832 De
1116 2801 1483 2865 ”stmtfflfflr
1510 2801 1624 2834 mm.
1641 2804 1709 2835 m..

921 2840 1030 2869 ulterius
1041 2839 1160 2866 isidorus
1173 2842 1227 2878 agit
1250 2837 1293 2878 h,
1403 2836 1426 2865 Ε
1476 2866 1480 2870 ,
1557 2832 1645 2875 aian,
1662 2837 1710 2867 ulti

921 2878 1080 2911 mort-ia
1093 2877 1165 2902 uota
1175 2878 1235 2902 em}
1243 2871 1311 2900 toci·
1323 2836 1600 2904 stiffi.
