1832 3016
43 156 96 204 ξπ

449 162 674 204 ouAEs'rmtttts
691 158 727 193 tlt
745 160 827 200 vm.
848 160 997 192 rusum.
1011 173 1048 183 -
1061 159 1095 189 tn
1113 157 1268 188 axooun.

1622 152 1677 182 294

44 234 156 264 bissimo
184 229 300 262 terebrat
325 225 448 262 stimulo,
481 228 518 254 ita
546 230 666 262 utquem
695 224 828 252 volantem
844 221 955 253 Aribus
969 221 1089 256 arguitur
1102 219 1194 247 dolosa
1210 217 1290 252 liuius
1311 216 1403 244 saeculi
1418 219 1445 244 et
1457 215 1600 251 purulenta
1613 223 1672 243 tna-

46 282 106 318 quis
133 279 227 308 videre
251 284 304 307 non
329 274 419 308 valet,
454 272 552 302 sentiat
573 272 664 300 statim
691 270 832 299 stimulan-

45 331 113 359 lem.

73 372 111 400 -5,
131 368 187 400 noe
208 373 270 404 ergo
291 364 415 395 animatis
438 370 522 401 genus
547 360 686 392 subtilitati
699 360 834 390 baeretieae

48 420 217 454 compat-ntur
232 424 238 442 :
253 422 312 450 quas
327 413 469 441 subtilibus
481 412 623 439 verborum
638 409 752 438 stimulis
777 407 836 436 anl-

47 470 105 492 ntas
124 459 249 492 terebrat,
275 462 400 493 tantaque
422 457 568 486 ealliditate
591 455 780 487 circumvenit,
803 455 837 481 ut

48 513 172 545 deeeptus
195 508 308 543 quisque
330 514 379 533 nec
404 505 502 537 videat.
528 511 578 531 nec
601 503 742 537 intelligat,
764 500 835 528 unde

47 557 202 592 decipiatur.
229 554 304 588 Quod
318 560 383 580 vero
397 553 423 580 in
436 552 515 579 tertio
538 550 613 585 signo
628 549 698 584 magi
708 550 836 576 ‘cessave-

46 607 107 632 runt
120 602 257 629 dicentes:
273 599 322 626 Hie
343 599 438 634 digitus
452 602 488 624 est
503 597 568 630 θείς
591 597 659 630 magi
673 595 721 622 .itli
744 599 836 629 typum

47 649 235 677 baeretieornm
252 652 331 680 atque
346 646 542 672 animositatem
568 643 731 670 babuerunt.

79 695 161 730 368
180 694 205 722 6.
228 693 350 720 Declarat
373 691 424 717 linc
447 689 605 724 Apostolus,
621 688 714 715 dicens
739 686 838 714 :sicut

44 740 151 772 Jamtes,
162 744 184 766 et
200 739 323 765 ttanrbrea
334 738 481 764 restiterunt
494 735 591 769 Moysi,
606 734 672 760 sicet
683 732 710 759 tn'
721 732 840 760 resistunt

45 786 155 817 veritati,·
170 784 284 811 [tornines
294 787 376 810 mente
387 781 510 814 corrupti,
524 786 547 808 et
556 779 657 814 reprobi
670 779 738 805 circa
749 777 839 812 fidem,

45 833 89 860 ted
101 831 169 858 ultra
188 839 239 858 non
256 829 399 864 proficient.
426 827 560 854 Dementia
583 833 670 852 eorum
692 823 842 858 manisfesta

46 879 94 906 erit
105 877 233 909 omnibus,
245 871 311 903 sicut
325 880 347 902 et
367 875 469 901 illorum
482 874 530 908 [uit
544 871 587 907 (11
609 871 723 910 Tine-nt
733 890 740 902 ‚
753 868 792 904 8)..
810 867 842 895 lli

885 267 954 300 litia,
970 266 997 294 in
1009 265 1105 294 vesicis
1117 267 1224 292 tumens
1247 267 1275 290 et
1289 261 1379 290 inflata
1395 261 1530 295 superbia,
1546 261 1573 288 in
1587 259 1674 288 fervo·

884 312 959 340 tibus
984 311 1026 340 ira
1046 319 1078 339 ac
1091 310 1189 338 tui-oris
1211 309 1326 336 insania.
1351 308 1495 342 Hucusque
1518 307 1589 334 enirn
1614 307 1674 336 talia

885 364 933 392 per
954 363 1076 385 errorum
1098 362 1206 384 suorum
1227 356 1325 389 ligurus
1341 353 1439 380 mundo
1463 353 1595 388 supplicia
1609 357 1678 381 tem-

886 407 1025 439 pet-antur.

919 451 967 478 ἠ.
985 449 1050 477 Post
1073 448 1132 476 ltaec
1146 453 1211 475 vero
1228 447 1338 474 verbero
1361 447 1472 473 veniunt
1493 445 1527 473 de
1541 444 1677 479 supernis,

887 497 988 525 scilicet
1001 501 1095 528 voees,
1117 494 1288 526 tonitrua„et
1309 492 1422 528 grando,
1445 495 1472 520 et
1488 492 1557 527 iguis
1577 492 1680 520 discur-

887 550 960 572 rens.
984 541 1013 569 ln
1037 541 1161 570 tonitruis
1185 539 1258 567 enim
1274 539 1491 573 increpationes,
1521 545 1552 564 ac
1576 537 1677 564 divinae

894 589 1077 624 correptiones
1100 587 1302 621 intelliguntur,
1331 585 1460 619 quianon
1487 591 1548 611 eutn
1573 583 1680 611 silentio

889 635 1032 668 verberat3
1049 634 1096 662 sed
1112 634 1157 661 dat
1179 641 1271 666 voces,
1285 635 1313 660 et
1334 631 1483 659 doctrinam
1499 630 1605 659 coelitus
1621 631 1683 658 init-

891 683 933 716 tit,
953 690 1000 717 per
1016 689 1095 716 quam
1113 680 1197 716 possit
1211 680 1317 714 culpam
1339 686 1413 706 suam
1428 677 1574 712 castigatus
1598 685 1682 712 agno·

890 737 967 758 seete
981 726 1107 757 mundus.

929 777 971 804 ¹3.
993 776 1043 804 Dat
1066 782 1092 804 et
1116 775 1293 811 grandinem,
1318 781 1366 809 por
1388 780 1469 808 quam
1485 777 1576 801 tenera
1598 772 1685 801 adbuc

891 830 1031 854 vastentur
1044 825 1181 853 nascentia
1207 825 1342 852 vitiorum.
1370 823 1419 851 Dat
1442 827 1469 851 et
1483 822 1583 857 ignem,
1598 823 1685 850 sciens

893 881 953 901 esse
972 874 1063 908 spinas
1088 877 1114 900 et
1139 872 1262 903 tribulos,
1289 878 1354 906 quos
1377 870 1475 898 debeat
1495 871 1562 904 ignis
1576 868 1622 897 ille
1637 869 1685 897 de-

48 929 145 957 autem,
172 924 217 958 qui
240 930 287 957 per
303 923 387 956 ipsam
403 920 602 954 corruptionem
623 916 722 944 tuentis
737 915 840 949 inquis·
855 923 879 955 Β
893 920 975 956 pasci.
993 920 1030 947 De
1043 927 1096 954 quo
1113 919 1176 946 dicit
1197 917 1325 945 Dominus
1342 926 1348 944 τ
1363 915 1453 953 Ιῃηεηι
1476 917 1531 943 veni
1547 916 1645 943 mittere
1659 916 1687 943 in

48 970 145 998 tissimi
171 970 289 1002 fuerunt,
304 968 330 995 in
347 968 422 1002 signo
438 966 516 993 tertio
544 964 709 995 deiecerunt,
725 961 839 988 fatentes

48 1017 100 1044 sibi
120 1016 263 1043 adversum
288 1022 348 1042 esse
372 1013 500 1048 Spiritum
526 1014 658 1043 sanctum,
672 1008 717 1043 qui
741 1006 839 1034 eratin

50 1062 150 1096 Moyse.

86 1108 112 1134 7.
135 1107 226 1134 Tertio
239 1107 310 1133 euim
326 1106 386 1132 loco
409 1105 515 1139 ponitur
528 1103 642 1137 Spiritus
658 1105 775 1133 sanctus,
797 1098 842 1134 qui

50 1156 92 1180 est
113 1151 210 1186 digitus
235 1151 290 1178 Dei.
310 1150 384 1178 Unde
404 1154 431 1176 et
455 1148 492 1175 illi
507 1147 662 1175 deficientes
678 1146 703 1172 iu
718 1149 798 1172 tertio
811 1151 844 1170 st-

51 1206 113 1233 gno,
126 1198 249 1224 dixerunt
263 1205 269 1223 :
283 1196 384 1230 Digitus
403 1195 450 1221 Dei
471 1198 507 1220 est
519 1193 569 1219 hic.
587 1192 663 1219 Sicut
677 1196 765 1218 antem
777 1198 843 1218 con·

51 1244 156 1272 eiliatus
171 1248 197 1270 et
213 1243 330 1277 placatus
344 1242 457 1275 Spiritus
469 1245 578 1268 sanctus
594 1244 705 1274 praestat
724 1238 844 1272 requiem

53 1292 162 1320 mitibus
177 1296 205 1319 et
227 1290 372 1317 humilibus
394 1289 486 1321 corde.
503 1288 537 1315 ita
552 1287 700 1315 contrarius
717 1286 845 1312 adversus

54 1339 170 1367 'ttnmites
182 1346 213 1365 at:
236 1337 365 1372 superbos
385 1334 594 1369 inquietudinem
610 1334 739 1367 exagitat,
765 1338 844 1366 quam

52 1384 261 1419 inquietudinem
289 1389 388 1409 muscae
415 1380 466 1407 itlae
491 1379 654 1406 brevissima:
681 1376 846 1409 signiticare-

52 1435 131 1463 runt,
154 1429 204 1457 sub
228 1427 322 1462 qulbus
344 1427 411 1461 magi
438 1424 584 1453 Pharaonis
609 1423 775 1455 defecerunt,
804 1420 844 1448 di-

53 1481 143 1506 centes
159 1485 165 1503 :
180 1475 282 1511 Digitus
296 1473 343 1501 Dei
356 1479 391 1500 est
402 1474 452 1500 hie.

89 1525 115 1554 8.
136 1525 237 1559 Quarto
249 1524 307 1552 loco
323 1523 422 1550 muscis
438 1521 569 1557 AEgyptus
582 1522 740 1555 percutitur.
755 1517 846 1545 Musca

56 1569 127 1598 enim
139 1570 218 1597 nimis
229 1569 349 1596 insolens
362 1572 389 1596 et
402 1567 548 1602 inquietum
574 1564 671 1592 animal
687 1567 738 1596 est,
754 1563 846 1596 inqua

56 1617 119 1653 quid
136 1617 205 1644 aliud
222 1624 301 1651 quam
317 1616 463 1643 insolentes
486 1621 556 1641 curm
578 1612 772 1640 desideriorum
786 1617 847 1638 car-

56 1663 158 1690 nalium
178 1661 371 1697 designantur?
396 1660 527 1696 AEgyptus
539 1666 603 1694 ergo
616 1658 716 1685 muscis
730 1655 847 1690 percuti-

57 1714 111 1742 tur,
138 1709 198 1744 qnia
222 1715 314 1736 eorum
340 1707 420 1736 corda
449 1708 493 1741 qui
521 1708 572 1734 lioe
598 1705 717 1732 seculum
733 1703 848 1739 diligunt

58 1755 251 1784 desideriorum
267 1762 375 1782 suorum
391 1752 619 1788 inquietudinibus
634 1752 774 1778 feriuntur.
802 1743 806 1749 ’

97 1801 121 1828 9.
145 1801 227 1828 Porro
247 1800 417 1835 Septuaginta
446 1800 604 1833 interpretes
618 1797 799 1832 cynomyiam,
822 1795 848 1822 id

61 1850 111 1878 est,
134 1846 256 1873 caninam
282 1853 399 1872 muscam
420 1850 575 1880 posuerunt,
599 1851 647 1878 per
662 1850 739 1878 quam
761 1841 848 1869 canini

62 1899 155 1919 mores
171 1891 363 1926 significantur,
381 1890 406 1917 in
430 1890 524 1924 quibus
548 1889 669 1916 bumana·v
685 1888 782 1915 mentis
801 1894 848 1914 vo-

62 1932 150 1970 lu'ptas
170 1942 196 1962 et
219 1935 301 1962 libido
325 1935 441 1970 arguitur
467 1934 563 1962 carnis.
579 1933 670 1961 Potest
685 1933 791 1968 quidem
809 1932 850 1958 liic

66 1983 139 2010 locus
165 1982 313 2016 signilicare
324 1981 403 2008 etiam
429 1988 476 2014 per
491 1987 607 2007 muscam
622 1979 742 2006 caninam
759 1977 850 2004 soren-

65 2037 121 2057 sem
135 2029 271 2055 bominum
284 2028 474 2062 eloquentiam,
490 2035 541 2062 qua
555 2026 635 2054 veluti
651 2031 732 2053 canes
755 2023 852 2051 atteru-

65 2079 135 2102 trum
149 2083 178 2102 se
194 2075 318 2101 lacerant.

101 2122 143 2147 lt).
165 2119 222 2147 lam
238 2127 300 2145 vero
311 2118 405 2153 qttinto
419 2119 445 2144 in
465 2119 527 2145 loco
543 2117 696 2144 animalium
713 2122 789 2148 nece,
810 2114 853 2142 vel

67 2167 198 2203 pertidum
222 2166 353 2201 AEgyptns
369 2166 534 2192 verberatur.
552 2163 682 2191 Veeordia
699 2163 725 2189 in
741 2162 791 2189 hoc
811 2169 854 2189 ιιι·-

65 2213 163 2248 guitur,
180 2212 345 2246 stullitizzque
362 2209 522 2238 mortalium.
539 2209 594 2244 qui,
610 2213 735 2242 tanquam
749 2207 855 2234 irratio-

65 2257 160 2284 nabilia
187 2265 294 2291 perora,
316 2255 416 2283 cultum
444 2260 471 2282 et
484 2253 642 2281 vocabulum
657 2253 703 2281 Dei
720 2253 855 2287 imposue-

66 2306 128 2329 runt
144 2302 244 2336 liguris,
262 2309 314 2327 non
343 2300 428 2327 solum
445 2300 594 2332 bominum,
610 2299 657 2326 sud
672 2303 700 2326 et
712 2298 852 2333 pecudum,
868 2311 896 2343 D

66 2346 138 2382 ligno
152 2352 179 2374 et
200 2347 332 2381 lapidibus
346 2346 500 2381 impressis,
526 2347 683 2373 Ammonem
709 2344 802 2372 «lovem
828 2344 855 2371 in

69 2392 150 2421 ariete
164 2398 330 2426 venerantes,
345 2398 371 2420 et
387 2393 506 2420 Anubem
522 2399 548 2419 tn
564 2399 641 2425 cane,
665 2391 734 2426 Apin
750 2397 856 2426 quoque

69 2439 187 2466 colentes
211 2440 238 2467 in
263 2445 350 2474 tauro,
365 2444 392 2467 et
413 2445 509 2467 caetera
525 2446 631 2475 quoque
650 2446 710 2474 quae
726 2438 856 2474 AEgyptus

72 2485 183 2512 deorum
201 2492 308 2514 suorum
334 2491 455 2522 portenta
468 2485 594 2518 miratur-3
608 2488 637 2513 et
651 2485 677 2512 in
691 2483 787 2520 quibus
800 2483 857 2511 eul-

73 2535 128 2558 tum
143 2530 286 2558 eredebant
300 2531 381 2560 inisse
393 2531 523 2566 divinum,
532 2526 564 2560 ‘in
577 2530 625 2566 ,his
638 2530 762 2558 viderunt
775 2528 857 2557 mise-

73 2577 156 2606 randa
168 2577 308 2612 supplicia.
606 2586 610 2589 ·

109 2623 191 2660 369
210 2622 253 2650 tt.
273 2621 369 2651 tlleera
391 2626 453 2658 post
470 2621 531 2652 bffaee
555 2626 585 2652 et
597 2623 697 2652 vesica
719 2625 856 2658 tut-gentes

47 2703 58 2714 ,ι
74 2677 134 2698 cunt
149 2669 253 2698 fervore
265 2672 341 2696 sexto
362 2668 390 2696 iu
409 2668 522 2698 verbere
534 2669 727 2704 producuntur·
743 2665 772 2696 lu
785 2668 858 2696 ulce-

109 2739 139 2768 o.
157 2737 274 2766 Grialius
298 2735 391 2764 scribit
411 2735 531 2772 Immites,
554 2737 583 2771 i„
605 2735 768 2773 Vulgata&
790 2735 857 2767 Just.

43 2803 53 2810 ,
74 2777 173 2818 tieret
182 2781 246 2802 mox
257 2771 384 2814 ita-ethi..
397 2771 482 2813 Apev.
762 2806 769 2813 ¹

61 2863 65 2866 .
76 2809 521 2884 ffl.¹v'0“.'ft:‚}'2.'l⁸1n''qf.'0.2‘¹s.‘
532 2814 572 2870 αἱ
573 2813 616 2870 112¹
616 2812 635 2884 '2'
655 2813 660 2835 ⁵
672 2805 741 2873 Μ’,
738 2810 858 2876 ‘'mss‘'

110 2877 140 2910 9.
160 2879 198 2907 De
211 2885 306 2907 cautim
317 2876 512 2906 causidicorum
524 2875 648 2906 facundia
662 2867 859 2912 nutantem,

98 2914 126 2947 b.
149 2922 180 2944 nr
203 2915 337 2949 ὃσιιωιιι..
359 2919 419 2948 eap-
441 2912 486 2948 57,
510 2919 589 2948 quem
599 2911 632 2941 ad
652 2911 743 2942 locum
757 2913 860 2942 “talita

855 2971 918 2993 '0⁶'ss
931 2972 965 2982 «4»,
988 2973 994 2979 .

892 968 1000 1002 terram(
1011 966 1074 994 Luc.
1091 968 1155 1001 xii).
1173 966 1223 993 Per
1239 965 1307 992 bunc
1316 965 1481 999 onimignem
1497 963 1628 991 incentiva
1640 970 1689 991 vo·

892 1014 1002 1049 luptatis
1015 1019 1042 1041 et
1064 1012 1181 1040 libidinis
1196 1016 1399 1038 consumuntur.

931 1060 973 1088 14.
999 1059 1076 1094 Quod
1102 1065 1190 1086 autem
1216 1059 1378 1086 locustarum
1404 1061 1500 1085 octavo
1515 1057 1543 1085 in
1571 1056 1631 1085 loco
1659 1057 1689 1084 ttt

895 1108 1006 1140 mentio,
1029 1111 1136 1141 putatur
1151 1113 1164 1131 a
1190 1105 1348 1139 quibusdam
1372 1111 1419 1138 per
1433 1103 1484 1130 boc
1506 1110 1591 1138 genus
1605 1102 1689 1137 plaga:

895 1154 1051 1182 dissidentis
1077 1161 1091 1179 a
1116 1160 1146 1179 se
1170 1157 1196 1178 et
1212 1149 1391 1177 discordantis
1408 1149 1516 1176 humani
1530 1149 1636 1184 generis
1651 1149 1691 1174 in-

896 1200 1047 1229 constantia
1062 1197 1205 1226 consutari.
1222 1196 1282 1224 Alio
1303 1203 1410 1230 quoque
1422 1202 1503 1222 sensu
1519 1195 1629 1221 locu-tae
1643 1201 1691 1227 pro

896 1246 1045 1274 mobilitate
1066 1243 1183 1272 levitatis
1204 1242 1366 1277 accipiendae
1380 1245 1440 1268 sunt
1455 1261 1462 1273 ,
1478 1243 1604 1274 tanquam
1619 1246 1691 1274 vagae

897 1298 923 1320 et
939 1293 1058 1320 salientis
1074 1290 1170 1317 animm
1188 1290 1214 1316 in
1230 1288 1319 1315 saeculi
1334 1287 1495 1320 voluptates.

935 1339 978 1366 ¹15.
999 1338 1073 1366 Nona
1088 1337 1165 1371 plaga
1182 1335 1301 1362 tenebrae
1322 1333 1399 1360 saetae
1414 1337 1486 1365 sunt,
1502 1333 1559 1360 sive
1572 1338 1602 1360 ut
1617 1340 1692 1360 men-

897 1385 931 1413 tis
941 1391 1034 1413 eorum
1049 1383 1155 1411 caecitas
1169 1385 1307 1416 arguatur,
1325 1381 1382 1408 sive
1396 1385 1424 1407 ut
1435 1379 1582 1414 intelligant
1595 1379 1692 1407 divinae

897 1430 1106 1465 dispensationis
1132 1434 1159 1456 et
1187 1427 1360 1462 providentiae
1393 1425 1599 1454 obscurissimas
1633 1433 1693 1454 esse

897 1478 1025 1505 rationes.
1040 1475 1135 1503 Posuit
1147 1475 1218 1502 enirn
1242 1473 1312 1501 Dens
1325 1472 1450 1501 tenebras
1463 1473 1602 1500 latibulum
1615 1481 1692 1500 suum

898 1521 1012 1559 (psalm.
1030 1521 1112 1556 xvn).
1130 1527 1196 1555 quas
1210 1519 1249 1547 illi
1270 1520 1395 1547 audacter
1406 1524 1432 1546 et
1446 1523 1548 1547 temere
1571 1526 1695 1554 perscru-

898 1569 949 1597 tari
963 1569 1113 1603 cupientes,
1128 1572 1155 1595 et
1169 1567 1220 1594 alia
1235 1575 1267 1594 ex
1283 1567 1343 1594 aliis
1365 1571 1529 1600 asserentes,
1547 1565 1573 1593 in
1588 1573 1694 1594 crassas

862 1615 886 1649 C
900 1619 928 1643 et
941 1614 1088 1650 palpabiles
1104 1612 1261 1648 ignorantias
1277 1612 1402 1640 tenebras
1417 1611 1534 1639 devoluti
1549 1615 1621 1639 sunt.

936 1661 981 1689 16.
1001 1659 1042 1688 Ad
1067 1659 1191 1687 ultimum
1213 1657 1338 1686 delentur
1351 1658 1529 1693 primogenita
1548 1657 1693 1692 AEgyptio·

899 1719 971 1744 rum,
989 1710 1047 1738 sive
1060 1709 1237 1745 principatus.
1253 1713 1279 1737 et
1295 1712 1450 1743 potestates,
1463 1712 1490 1735 et
1500 1707 1589 1735 mundi
1603 1712 1694 1736 recto-

901 1767 945 1787 res
959 1759 1131 1787 tenebrarum
1149 1757 1254 1789 harum,
1276 1755 1331 1782 sive
1352 1758 1475 1781 auctores
1500 1758 1527 1781 et
1542 1753 1695 1782 inventores

901 1806 1028 1834 falsarum
1039 1827 1046 1839 ‚
1071 1813 1131 1841 quae
1147 1805 1172 1831 in
1196 1803 1248 1830 hoe
1273 1801 1372 1829 inundo
1389 1800 1506 1833 l'nerunt,
1522 1799 1694 1835 religionum,

902 1860 968 1887 quas
993 1852 1092 1878 Christi
1113 1850 1213 1878 veritas
1236 1856 1297 1876 cum
1325 1847 1381 1875 suis
1396 1847 1525 1875 exstinxit
1552 1851 1579 1874 et
1597 1845 1696 1874 delevit

904 1898 1068 1925 auctoribus.

941 1946 983 1972 Π.
1004 1945 1090 1972 Porro
1112 1944 1183 1978 quod
1212 1942 1333 1977 seqnitur
1350 1941 1467 1968 :indiis
1492 1949 1579 1968 eorum
1601 1941 1695 1976 saciant

899 1991 1047 2027 ffldicium,
1071 1989 1137 2016 illud
1162 1989 1266 2016 iiebraei
1289 1993 1437 2021 autumant,
1453 1987 1523 2022 quod
1553 1993 1631 2015 nocte
1645 1996 1696 2024 qua

905 2043 1028 2073 egressus
1053 2040 1093 2063 est
1116 2035 1228 2070 populus
1252 2035 1340 2061 omnia
1357 2036 1381 2060 in
1397 2033 1514 2068 AEgypto
1530 2034 1628 2068 templa
1645 2033 1694 2062 de—

905 2087 1006 2111 structa
1032 2086 1104 2114 snut,
1118 2081 1175 2108 sive
1189 2087 1262 2108 motu
1279 2086 1368 2113 terrae,
1388 2081 1445 2107 sive
1461 2084 1529 2107 laetu
1547 2080 1697 2112 fulminum.

906 2128 1089 2163 Spiritualiter
1103 2132 1191 2154 autern
1208 2127 1332 2160 dicimus,
1349 2126 1419 2161 quod
1436 2126 1635 2161 egredientibus
1650 2134 1700 2154 no-

905 2173 946 2201 bis
971 2181 1004 2200 ex
1025 2173 1108 2208 370
1130 2172 1245 2207 AEgyptu
1271 2179 1393 2198 errorum
1418 2170 1488 2198 idola
1512 2175 1649 2205 corruant,
1673 2175 1700 2199 et.

906 2219 994 2249 omnis
1007 2225 1196 2253 perversorum
1210 2218 1364 2252 dogmatum
1379 2218 1482 2245 cultura
1504 2217 1647 2252 quatiatur.

1204 2276 1317 2304 CAPUT
1338 2276 1397 2305 XV.

1218 2334 1258 2361 De
1278 2333 1391 2360 Pascha.

942 2391 970 2420 l.
991 2391 1096 2420 Interea
1118 2391 1147 2417 tlt
1168 2390 1265 2425 paseha
1280 2391 1328 2417 :in
1344 2389 1479 2416 occisione
1494 2388 1554 2423 agni
1568 2388 1700 2417 occiditur

908 2437 1047 2469 Christus,
1065 2437 1098 2464 de
1112 2443 1165 2471 quo
1187 2436 1214 2462 in
1231 2435 1374 2470 Evangelio
1397 2433 1495 2461 dicitur
1510 2442 1516 2459 :
1533 2433 1600 2461 Ecce
1618 2442 1700 2469 ayma

909 2483 968 2516 Dei,
991 2490 1048 2509 ecce
1065 2482 1109 2517 qui
1124 2481 1190 2508 tollit
1206 2485 1308 2515 peccota
1327 2479 1417 2506 mnndi
1430 2478 1520 2513 (loun.
1537 2479 1568 2514 ι).
1584 2478 1701 2513 Vespere

909 2527 1066 2556 immolatur
1088 2532 1182 2560 agnos,
1208 2525 1236 2552 in
1258 2531 1368 2559 vespera
1382 2525 1474 2551 mundi
1489 2530 1584 2559 passus
1596 2525 1702 2552 estno-

909 2576 1009 2603 minus.
1023 2572 1201 2600 Prohibentttr
1213 2571 1260 2605 qui
1284 2571 1381 2605 paseba
1405 2569 1507 2597 saelum
1519 2577 1581 2598 ossa
1594 2569 1701 2605 frange-

910 2628 956 2654 re;
971 2627 1023 2646 uun
1036 2616 1195 2652 tranguntur
1209 2615 1238 2644 in
1250 2623 1332 2643 cruce
1348 2622 1409 2643 ossa
1426 2615 1544 2650 Domini,
1557 2619 1701 2643 attestante

911 2665 1087 2700 evangelista,
1102 2662 1148 2698 qui
1160 2663 1198 2690 a'tt
1210 2671 1216 2689 :
1232 2661 1268 2688 0⁸
1281 2663 1337 2697 ejus
1350 2669 1402 2688 non
1414 2661 1588 2689 comminati«
1606 2660 1699 2696 (lectt.

909 2733 1047 2764 annotatio
1061 2735 1103 2761 est
1117 2729 1231 2760 Loaisat.
1247 2731 1333 2758 Ansv.

947 2768 992 2798 Η.
1011 2768 1070 2796 Alio
1089 2774 1191 2803 quoque
1213 2772 1299 2799 sensu,
1322 2771 1407 2801 usque
1430 2763 1464 2794 nd
1488 2763 1700 2802 temneret.

910 2812 994 2835 xxxin
1009 2802 1101 2833 Moral.
1131 2811 1156 2830 c.
1168 2802 1215 2829 27.
1230 2801 1326 2829 Gnnr„

946 2838 1017 2869 nia.
1039 2823 1119 2877 sputi
1150 2834 1279 2873 eranum
1306 2835 1428 2873 ,torum
1459 2834 1602 2875 iwan
1617 2839 1629 2875 ε,
1642 2836 1700 2867 aa„

910 2870 1504 2915 qwquraautnqunadwtnmmv.
1543 2911 1562 2918 ,Δ
1607 2912 1610 2916 .

1031 2969 1087 2992 ,q
