1832 3016
165 135 198 170 67

675 143 704 172 s.
726 127 846 172 tsiboiit
866 127 1084 176 menacensis
1102 146 1254 179 Episcopi

1746 126 1832 188 63Ἰ

198 183 260 225 572.
284 198 355 225 lnter
380 184 544 223 velocitatem
568 203 596 225 et
624 199 787 227 celeritatem.
814 200 947 230 Velocitas
958 208 984 238 Α
997 204 1081 238 gratia
1098 214 1104 231 :
1122 205 1185 232 Uter
1203 206 1269 241 nult,
1287 208 1370 236 veniat
1391 208 1427 236 ad
1449 216 1499 244 me,
1515 210 1542 238 id
1553 215 1604 245 est,
1617 212 1662 247 qui
1677 214 1734 242 vult
1746 215 1782 245 de

162 237 257 277 pedum
270 247 319 273 est,
336 242 458 268 celeritas
471 242 632 271 animorum.

196 278 258 314 ὄπ’».
271 287 339 313 inter
355 285 503 312 vastitatem
516 292 542 313 et
554 288 741 315 vastitudinem.
754 288 870 316 Vastitas
884 297 943 317 cor-

161 333 231 366 poris
242 336 298 363 est;
314 331 456 362 vastitudo.
474 332 600 360 solitudo.

195 367 256 402 5713.
286 375 357 402 lnter
387 375 547 411 Voluptatem
573 381 599 404 ct
623 378 787 406 voluntalem.
814 379 942 408 Voluntas

159 425 200 447 est
210 420 370 447 desiderium
382 422 496 447 nondum
507 421 607 455 adeptae
619 424 671 455 rei,
688 424 808 458 voluptas
823 432 886 452 vero
902 426 942 453 rei

158 465 261 498 adeptae
275 465 425 498 delectatio,
444 466 484 492 vel
500 466 587 497 bonne,
602 467 642 493 vel
658 468 747 495 malac.

190 510 253 537 575.
274 510 343 537 luter
360 510 470 537 Verbera
490 516 518 538 et
535 513 647 546 flagella.
667 513 781 540 Verbera
804 515 942 548 quodlibet

153 561 236 589 genus
249 555 412 590 flagellorum
428 561 477 588 est,
494 563 554 582 nam
567 556 670 591 flagella
683 559 788 593 proprie
805 559 938 594 virgarum

152 604 225 632 sunt,
240 605 266 626 et
277 601 346 626 dicta
358 607 391 626 eo
405 602 475 634 quod
486 601 549 628 llatu
564 602 697 636 agitentur
710 608 737 630 et
751 609 859 631 sonent.

188 643 250 671 576.
267 641 336 671 luter
362 644 541 672 Valetudinem
561 651 587 673 ει
606 647 790 680 infirmitatem.
810 649 938 677 Valetudo

152 697 277 726 prospera
298 698 358 718 csse
382 696 468 725 potest
489 697 516 719 ct
539 692 660 727 adversa,
676 694 815 722 infirmitas
833 703 939 730 semper

156 736 251 763 infesta
264 740 314 762 est.

186 781 248 807 577.
270 781 340 808 luter
362 781 462 808 Vulnus
484 787 511 809 et
534 783 617 811 ulcus.
632 783 735 811 Vulnus
761 786 794 812 ad
819 786 936 813 animum

150 827 274 860 retertur,
289 827 362 854 ulcus
375 827 407 853 ad
417 828 535 861 corporis
547 828 682 863 iniuriam.
693 829 758 856 ltem
770 830 866 858 vulnus
878 838 937 858 cor-

150 873 221 906 poris
236 879 328 899 recens
345 873 431 906 plaga,
457 874 530 900 ulcus
549 881 613 901 vero
636 875 811 902 inveteratum
828 877 933 904 vulnus.

183 916 245 942 578.
267 917 337 944 lnter
366 917 474 944 Verbum
496 923 523 945 et
546 919 704 947 Sermonem.
724 921 839 950 Verbum
857 924 934 950 unius

147 968 207 996 pars
228 963 356 989 orationis
381 967 432 996 est,
455 964 531 998 iuxta
551 967 748 999 grammaticos.
765 967 830 994 Nam
846 976 934 996 sermo

146 1007 322 1041 plurimorum
339 1010 482 1037 verborum
502 1013 587 1038 oratio
612 1017 663 1040 est.
688 1014 783 1041 Sermo
808 1020 895 1043 autem
918 1024 933 1043 a

145 1054 259 1080 serendo
270 1054 369 1086 dictus,
386 1055 455 1088 qumi
471 1063 521 1082 nos
534 1063 594 1083 cum
616 1059 805 1091 praepositione
818 1060 933 1088 dicimus

144 1105 158 1124 a
173 1098 342 1125 disserendo.
359 1100 426 1126 Hine
441 1104 468 1126 et
480 1107 568 1128 sermo
584 1103 668 1129 sancti
686 1103 776 1130 llilarii
799 1110 826 1132 ει
843 1107 932 1140 Augu-

144 1143 206 1169 stini
222 1143 328 1174 dicitur,
343 1144 368 1170 id
384 1148 425 1170 est
438 1144 563 1172 dissertio
580 1146 670 1173 llilarii
686 1153 712 1174 ct
728 1150 878 1183 Augustini.

178 1187 241 1214 579.
259 1188 330 1214 lnter
353 1188 427 1215 Ultra
437 1194 464 1216 et
482 1190 555 1217 citra.
576 1190 648 1218 Ultra
666 1192 730 1220 illuc
748 1195 789 1221 vel
804 1196 930 1230 amplius,

145 1231 208 1258 citra
222 1231 273 1257 liuc
283 1231 315 1257 ad
327 1239 386 1264 nos,
402 1233 471 1260 intra
487 1242 545 1261 nos,

179 1276 233 1311 73
253 1277 314 1303 580.
347 1277 417 1304 lnter
439 1278 533 1305 Ulcisci
556 1285 582 1307 et
606 1282 745 1310 vindicare.
773 1283 932 1313 ulciscimur

145 1322 265 1356 injtn-iam
283 1323 396 1355 sactam;
412 1324 586 1358 vindicamus,
602 1334 634 1353 ne
650 1327 705 1354 fiat.

178 1367 241 1393 581.
259 1367 329 1393 Inter
346 1367 446 1400 Videre,
475 1370 598 1404 aspicere,
623 1376 650 1398 et
676 1372 778 1400 intueri.
802 1374 928 1403 Videmus

144 1415 248 1443 natura,
264 1411 407 1444 aspicimus
423 1413 570 1448 voluntate,
586 1416 721 1444 intuemur
733 1426 807 1445 cura.

178 1455 239 1482 582.
256 1456 327 1483 luter
342 1456 454 1484 Veneum
465 1463 491 1485 et
503 1461 620 1488 vendunt.
639 1462 761 1490 Vendunt
772 1465 818 1499 qui
829 1473 929 1493 venun-

143 1500 216 1533 dant,
234 1506 349 1527 veneunt
362 1502 406 1536 qui
423 1504 582 1532 venduntur.

178 1543 240 1571 585.
255 1545 327 1572 lnter
349 1546 419 1579 Volo,
432 1552 458 1574 et
472 1554 543 1582 opto,
555 1554 582 1576 et
592 1553 677 1585 cupio.
700 1553 767 1581 Volo
783 1554 871 1584 minus
886 1562 927 1585 est

148 1595 226 1622 quam
243 1595 315 1624 opto,
329 1591 396 1625 Opto
411 1592 498 1620 minus
514 1599 553 1622 est
567 1603 645 1629 quam
660 1599 749 1633 cupio.

950 897 973 926 B

940 1576 963 1608 C

176 1643 236 1670 584.
252 1644 323 1671 lnter
355 1645 440 1672 Unum
460 1652 486 1674 et
510 1650 621 1676 unicum.
651 1651 736 1686 Unus,
761 1661 794 1681 ex
818 1657 925 1691 multis;

141 1688 247 1722 unicus,
261 1689 333 1716 solus
349 1695 398 1717 est.
416 1692 493 1718 Solus
506 1693 595 1728 itaque
606 1703 674 1724 unus
689 1703 853 1733 numeratur,
869 1702 925 1729 uni-

141 1739 188 1759 cus
203 1733 270 1759 intra
283 1742 422 1762 numerum
436 1735 533 1764 finitur.

173 1777 235 1804 585.
251 1777 323 1806 lnter
338 1778 420 1806 Unum
435 1786 461 1808 et
476 1782 568 1809 solum.
582 1782 656 1812 Unus
666 1786 698 1814 ad
710 1794 849 1817 numerum
866 1798 925 1825 per-

140 1822 215 1854 tinet,
234 1824 305 1850 solus
320 1831 335 1851 e
350 1826 439 1852 multis
452 1827 619 1862 intelligitur.

174 1879 235 1907 586.
263 1880 334 1908 lnter
363 1881 426 1909 Uter
451 1888 478 1910 et
506 1890 604 1912 utrum.
631 1887 660 1915 Si
686 1889 759 1917 enim
786 1891 921 1922 dicimus:

139 1923 232 1951 Utrum
260 1926 314 1958 vie,
338 1927 436 1962 eligere
459 1929 601 1964 significat,
626 1937 671 1960 aut
695 1934 757 1968 lioc,
778 1941 824 1964 aut.
843 1938 919 1966 illud.

138 1968 204 1997 Uter
232 1976 320 1998 autem
346 1973 474 2008 accipitur
498 1983 547 2009 pro
570 1979 702 2012 personis,
729 1981 821 2016 sicut,
847 1985 919 2013 verbi

171 2067 231 2094 572.
252 2068 290 2095 Ex
312 2070 409 2102 Agraet.
433 2071 475 2104 qui
492 2073 615 2106 amptius,
638 2074 767 2105 Velocitar
784 2079 878 2111 pedum
892 2086 917 2109 et

135 2109 277 2135 corporum.
290 2104 402 2130 celeritas
413 2106 554 2132 animorum
566 2113 641 2142 atque
653 2111 788 2143 [lictorum.

171 2136 232 2162 574.
250 2137 347 2163 Fronto
372 2139 504 2166 brevius.:
527 2141 651 2169 Volumus
670 2145 737 2178 [acto
747 2149 850 2182 qaudet,
868 2158 912 2178 vo-

137 2170 220 2203 luptas
234 2169 288 2203 fieri
305 2172 383 2202 enuit,
395 2181 471 2206 quem
486 2175 578 2202 lsidor.
590 2178 662 2204 velut
677 2180 829 2213 explicavit.
927 2188 954 2218 D

170 2203 231 2230 575.
246 2203 394 2239 Etymolog.
409 2207 453 2234 lib.
467 2217 492 2240 v,
507 2215 564 2244 cap.
575 2212 659 2238 ultim.

172 2252 206 2257 —
221 2238 253 2265 Et
267 2241 344 2266 dicta.
361 2242 390 2268 G.
409 2242 444 2269 Ex
461 2243 538 2270 Serv.
555 2245 586 2271 ad
609 2246 645 2273 ill.
665 2255 683 2273 ιι
707 2248 820 2284 Georg.;
849 2253 916 2282 Neve

136 2273 238 2307 flaqella
257 2280 354 2301 uuunma
370 2282 432 2308 pete.
449 2278 596 2314 Ety'molog.
623 2281 668 2308 lib.
683 2290 752 2316 xvn,
768 2293 826 2317 cap.
842 2288 869 2320 5,
887 2288 914 2315 6.

169 2305 230 2334 577.
245 2310 390 2343 Agraettus:
401 2311 479 2339 Ulcus
489 2318 526 2340 ert
536 2315 602 2348 quod
615 2317 737 2350 nascitur,
746 2320 838 2347 vulnus
847 2325 914 2355 qumi

134 2341 166 2367 ab
178 2342 231 2369 alio
240 2344 349 2376 insertur
369 2345 401 2373 Et
413 2347 487 2374 Serv.
498 2348 576 2376 Ulcus
588 2354 653 2377 tecta
664 2358 686 2378 et
697 2353 826 2382 clausaest
837 2357 913 2384 niati-

134 2377 226 2410 qnims,
242 2377 332 2406 vulnus
345 2380 430 2413 hians,
445 2387 469 2409 et
481 2389 576 2418 patens.

168 2410 229 2440 578.
246 2413 396 2449 Etymolog.
413 2412 460 2444 lib.
475 2423 500 2451 v,
517 2425 577 2455 cap.
594 2420 619 2447 8.

169 2444 229 2473 580.
242 2447 280 2474 Ex
296 2448 439 2482 Frontone.
456 2453 500 2487 qui
524 2454 575 2481 ita:
593 2455 664 2482 Ultio
679 2457 789 2486 vindieat
807 2461 912 2496 factum,

133 2479 243 2508 vindicta
253 2484 291 2509 uei
305 2485 439 2513 vindicatio
449 2487 536 2522 summ
551 2490 676 2523 promet.

169 2515 230 2543 581.
256 2517 297 2545 Ex
319 2519 463 2554 Frontone,
483 2522 510 2550 in
529 2530 582 2557 quo
595 2524 682 2554 tamen
696 2534 745 2563 pro
759 2529 880 2563 aaeptcere‘
885 2536 913 2560 et

134 2550 279 2613 egea
291 2554 387 2615 ...·..
400 2561 765 2623 ῖεεςπετε.“ιεεῑε““··
775 2567 912 2602 'mv‘-

169 2618 230 2646 586.
253 2596 322 2656 [ἰεῦ
339 2610 404 2661 εΙίᾰο
421 2633 467 2659 pro
480 2627 582 2663 εὕρετε.

169 2651 229 2680 587.
243 2655 280 2683 Ex
295 2658 371 2685 Serv.
385 2659 417 2686 ad
432 2661 504 2690 lusu
516 2662 580 2690 AEti.
592 2672 599 2691 z
613 2663 910 2704 Fataoettzmu.r=·onda

134 2692 179 2720 per
195 2687 297 2719 Urbem.
313 2692 372 2720 vid.
395 2695 465 2723 Non.
482 2697 651 2727 dicator-urus.
676 2700 749 2729 Inter
767 2703 871 2737 Urbem,
885 2710 910 2734 ot

135 2719 273 2763 Civitatem.
292 2726 334 2755 tu.
352 2728 386 2755 Ut
397 2730 458 2758 urbe
470 2733 562 2760 monia
578 2734 686 2763 civitatis
700 2738 836 2774 siquinus,
849 2741 910 2768 ωδ·-

134 2756 186 2781 tate
200 2759 294 2787 menta·
305 2762 383 2790 urbis.

135 2799 205 2858 Μὴ
214 2789 312 2856 332·-
322 2802 414 2827 mm.
427 2799 504 2838 serv.
516 2802 550 2830 aa
561 2803 700 2838 itt-inm,
721 2805 787 2836 nm
803 2806 908 2854 atqve

193 2842 200 2850 ·
289 2833 443 2862 mnu.
457 2839 475 2864 v
491 2835 863 2876 ortamno-nomn„
885 2859 902 2866 ι’

997 249 1112 277 duobus.

1029 306 1092 334 587.
1107 307 1180 335 Inter
1196 308 1289 337 Urbem
1303 315 1331 338 et
1344 311 1514 341 civitatemita
1522 313 1660 350 distinguit
1672 316 1779 352 Cicero,

994 355 1023 378 ut
1037 352 1130 379 urbem
1150 354 1246 381 moenia
1263 355 1378 383 civitatis
1398 357 1557 392 significent,
1569 360 1666 388 civitas
1678 361 1780 390 incola·

996 396 1080 424 urbis.
1094 397 1161 425 Nam
1181 399 1214 425 ad
1239 400 1401 428 Dolabellam
1427 403 1466 429 sic
1487 404 1594 438 scripsit
1616 413 1624 432 τ
1648 405 1779 436 Liber-asti

993 442 1086 470 urbem
1101 451 1117 470 a
1130 444 1259 478 periculo,
1275 445 1409 474 civitatem
1429 455 1445 474 a
1468 451 1552 476 metu.
1575 449 1674 478 Urbem
1689 454 1778 480 autem
1795 469 1798 474 ·

994 488 1027 514 ab
1041 488 1117 522 urbo,
1134 497 1212 524 quem
1230 496 1347 518 aratrum
1361 493 1403 520 vel
1414 493 1516 521 sulcum
1530 501 1636 524 veteres
1644 497 1778 533 dicebaut,

992 536 1038 558 aut
1065 533 1098 559 ab
1126 534 1191 561 orbe
1212 535 1308 562 dictam
1334 541 1437 570 putant,
1452 538 1569 573 cnjusin
1583 548 1614 568 se
1635 542 1776 576 imaginem

991 577 1139 610 respublica
1154 579 1314 607 contineret.
1328 581 1412 608 Porro
1433 583 1561 617 oppidum
1575 585 1609 612 ad
1625 585 1778 615 habitantes

992 622 1119 656 pertinet,
1135 623 1230 650 civitas
1245 625 1278 652 ad
1294 625 1376 660 leges,
1392 627 1456 654 urbs
1469 627 1503 655 ad
1518 633 1670 665 utrumque.

1027 668 1090 696 588.
1104 669 1175 696 lnter
1198 670 1290 697 Virum
1310 676 1337 698 et
1352 672 1487 700 hominem.
1514 674 1558 702 Vir
1579 683 1636 703 mas
1659 681 1708 709 est,
1724 684 1777 706 non

989 713 1084 746 semina
1097 722 1103 746 3
1118 715 1202 741 llomo
1213 723 1268 742 mas
1282 721 1332 748 est,
1345 722 1371 743 et
1385 717 1492 745 femina.
1508 718 1616 746 Femina
1627 726 1714 749 antem
1726 730 1777 750 na-

990 759 1074 786 turale
1089 767 1187 787 nomen
1209 764 1261 794 cst,
1277 763 1402 796 generale
1426 764 1531 796 mulier,
1547 766 1664 799 speciale
1688 767 1774 803 virgo,

989 806 1030 832 vel
1046 811 1136 839 nupta,
1150 807 1190 833 vel
1206 815 1264 841 quae
1277 807 1356 835 etiam
1368 810 1454 836 aetatis
1469 813 1575 838 nomina
1590 813 1730 841 accedunt.

1025 860 1077 896 74
1090 861 1152 888 589.
1165 862 1237 889 lnter
1255 863 1361 890 Vultum
1375 870 1401 891 et
1416 866 1516 900 faciem.
1533 866 1624 895 Facies
1639 874 1680 896 est
1695 873 1774 896 natu-

987 906 1050 932 ralis
1062 906 1115 932 oris
1130 907 1234 934 habitus
1249 908 1430 943 immutabilis,
1446 912 1535 938 vultus
1552 919 1614 940 vero
1625 917 1672 947 pro
1685 922 1774 943 rerum

985 957 1018 977 ac
1030 955 1178 985 temporum
1193 954 1320 987 qualitate
1336 956 1423 983 varius
1435 962 1461 984 et
1475 959 1607 986 mutabilis
1623 959 1688 995 [AL.
1701 968 1774 989 com*-

987 996 1146 1033 tnutabilis]‚
1170 1003 1198 1026 et
1221 1001 1366 1028 secundum
1391 1002 1559 1032 affectionem
1587 1006 1668 1033 animi
1691 1007 1773 1035 modo

985 1042 1071 1075 laetus,
1094 1045 1175 1071 modo
1196 1046 1290 1073 tristis.
1310 1047 1384 1075 Unde
1404 1050 1432 1075 et
1454 1049 1568 1078 vultuosi
1591 1051 1713 1079 dicuntur
1729 1052 1774 1088 qui

984 1089 1088 1116 vultum
1104 1097 1175 1124 saepe
1189 1094 1362 1119 commutant.
1379 1093 1470 1129 ltaque
1490 1095 1605 1124 Lucilius
1620 1097 1677 1125 haec
1698 1099 1772 1133 quasi

982 1133 1146 1168 distinguens
1166 1136 1225 1162 ait:
1243 1137 1307 1170 Quoe
1320 1138 1408 1172 facies,
1437 1141 1480 1174 qm·
1504 1141 1590 1168 vultus
1610 1142 1673 1169 viro.
1702 1143 1772 1171 Dici-

983 1186 1042 1206 mus
1060 1183 1150 1207 autem
1175 1185 1202 1208 et
1221 1182 1323 1209 vultum
1349 1184 1410 1211 coeli
1430 1190 1458 1212 et
1476 1186 1577 1214 vultum
1598 1188 1690 1220 maris,
1709 1189 1771 1223 quia

982 1227 1010 1250 et
1025 1231 1099 1251 mare
1122 1233 1193 1260 saepe
1222 1227 1248 1253 in
1277 1228 1365 1255 varios
1389 1234 1478 1257 motus
1500 1236 1639 1259 ventorum
1666 1233 1771 1261 flatibus

982 1272 1111 1303 mutatur,
1127 1275 1154 1297 et
1169 1271 1230 1298 coeli
1247 1272 1334 1299 vultus
1354 1281 1387 1300 ex
1412 1274 1471 1302 luce
1491 1276 1517 1302 in
1539 1277 1673 1310 tenebras,
1689 1282 1715 1305 ει
1735 1284 1768 1306 ex

986 1320 1083 1341 sereno
1098 1316 1126 1342 in
1140 1317 1259 1343 nubilum
1286 1323 1468 1347 commutatur
1478 1341 1485 1354 ‚
1500 1321 1570 1349 sicut
1589 1327 1616 1350 et
1631 1322 1769 1351 lrominu-

981 1365 1041 1386 cum
1058 1361 1192 1387 mentibus
1207 1362 1306 1390 vultus.

1016 1415 1078 1442 590.
1095 1416 1167 1444 lnter
1192 1417 1321 1452 Virqinem
1340 1424 1366 1446 et
1381 1420 1529 1456 viraginem.
1556 1422 1636 1457 Virgo
1650 1427 1692 1451 est
1707 1425 1767 1458 quae

979 1461 1066 1488 virum
1082 1462 1177 1494 nescit,
1191 1464 1282 1498 virago
1294 1465 1382 1492 autem
1397 1474 1456 1500 qnae
1470 1467 1554 1494 virum
1573 1469 1639 1502 agit,
1666 1469 1715 1497 lioc
1727 1475 1768 1497 est

978 1511 1058 1539 opera
1073 1506 1159 1534 virilia
1177 1507 1247 1537 iacit.
1273 1508 1329 1536 Non
1348 1515 1435 1538 autem
1456 1512 1543 1539 solutu
1563 1514 1678 1549 virgines
1694 1515 1766 1542 vira-

978 1551 1064 1584 gines,
1081 1551 1126 1577 sed
1139 1553 1165 1578 et
1179 1558 1311 1587 corruptae
1331 1555 1466 1590 mulieres,
1481 1564 1540 1592 quae
1555 1558 1640 1586 virilia
1654 1559 1764 1594 iaciunt,

977 1596 1109 1630 viragines
1124 1601 1198 1625 recte
1213 1598 1346 1627 dicuntur.

1012 1648 1074 1676 591.
1095 1650 1166 1678 lnter
1191 1651 1283 1679 Vivum
1309 1661 1335 1681 et
1356 1657 1487 1684 viventem.
1503 1657 1597 1686 Vivum
1613 1659 1646 1687 de
1661 1660 1765 1689 victuro

976 1693 1105 1727 dicimus;
1122 1695 1266 1731 viventem,
1279 1699 1312 1726 de
1326 1700 1465 1728 morituro.

1013 1738 1076 1766 592.
1089 1734 1160 1767 lnt‘er'
1176 1741 1212 1768 Ve
1226 1745 1321 1777 etque.
1334 1733 1375 1772 ι”ε
1387 1741 1535 1781 distinguit,
1550 1755 1602 1782 que
1613 1749 1762 1785 conjungit.

1013 1783 1074 1811 593.
1088 1785 1161 1813 luter
1176 1785 1221 1813 Vae
1235 1791 1262 1815 et
1274 1797 1312 1816 ve.
1328 1789 1367 1817 Ve
1381 1790 1438 1819 sine
1450 1794 1624 1827 aconjunctio
1634 1795 1763 1832 conjunc-

973 1821 1029 1856 tiva
1044 1835 1094 1857 est.
1114 1830 1158 1858 Vae
1174 1828 1234 1859 cum
1245 1842 1270 1867 a,
1286 1832 1436 1870 interjectio
1446 1837 1561 1867 dolentis
1573 1844 1625 1869 est.

1008 1887 1071 1916 594.
1088 1889 1158 1917 lnter
1184 1891 1278 1919 Vocem
1303 1898 1330 1920 et
1353 1894 1463 1922 sonum.
1480 1896 1537 1924 Vox
1561 1902 1602 1926 est
1629 1898 1756 1934 hominis,

974 1939 1057 1960 sonus
1069 1935 1226 1969 crepidinis.

1006 1990 1070 2019 595.
1100 1992 1173 2021 inter
1191 1994 1301 2022 Ueterum
1324 2000 1353 2024 et
1370 1996 1516 2026 humidum.
1533 1999 1677 2029 Eumidum
1701 2005 1758 2036 est,

1003 2087 1185 2123 —Aratrum,
1203 2092 1252 2119 vel.
1268 2092 1331 2120 Pars
1349 2096 1431 2122 aratri
1454 2103 1506 2123 non
1522 2102 1656 2131 aratrum,
1673 2107 1759 2134 neque

965 2122 1065 2160 sulcus,
1079 2124 1126 2151 sed
1139 2127 1208 2159 quod
1222 2126 1310 2155 sulcus
1325 2128 1367 2162 tn,
1380 2130 1475 2158 melius
1485 2131 1688 2168 distinctiusque
1700 2134 1758 2169 ipse

965 2156 1012 2183 lib.
1029 2158 1178 2194 Etymolog.
1195 2169 1237 2195 xv,
1252 2169 1311 2197 cap.
1324 2164 1350 2190 2.

980 2225 986 2230 ·
1000 2206 1035 2211 —-
1054 2194 1091 2219 Ab
1104 2195 1172 2221 orbe.
1190 2195 1310 2231 setrius,
1326 2199 1385 2226 loco
1392 2200 1485 2234 citato,
1497 2201 1528 2228 ab
1541 2202 1609 2237 orbe,
1625 2205 1695 2238 quod
1710 2212 1757 2232 an-

967 2229 1048 2259 ttqutc
1062 2229 1184 2256 civitates
1198 2230 1225 2257 in*
1238 2232 1328 2260 orbem
1341 2232 1448 2262 nebant.

966 2294 990 2321 Μ
1001 2261 1063 2288 588.
1077 2261 1122 2322 Vlir
1132 2265 1222 2298 maris,
1232 2274 1282 2293 non
1293 2268 1394 2301 leminoe
1401 2277 1412 2296 .·
1421 2269 1508 2304 homo,
1520 2272 1597 2299 maris
1607 2276 1631 2300 et
1641 2273 1754 2308 seminoe.

991 2302 1014 2322 S.
1027 2304 1095 2324 ment
1108 2304 1165 2325 086-

1001 2330 1062 2358 589.
1078 2332 1116 2359 Ex
1129 2334 1261 2362 veteribus
1278 2335 1394 2366 'rei-etim
1409 2339 1610 2376 interpretibus,
1623 2342 1650 2369 in
1659 2343 1754 2384 quibus

965 2368 1053 2392 tamen
1069 2374 1116 2400 pro
1131 2368 1219 2403 saciet,
1238 2372 1325 2405 forma*
1340 2378 1391 2400 est.
1409 2373 1555 2402 Vid.*No'n.
1577 2376 1604 2403 d.
1626 2378 1714 2411 sacres.
1726 2383 1754 2406 ει

965 2400 1130 2432 potissimum
1150 2403 1213 2431 dict.
1229 2404 1326 2440 mter,
1340 2411 1368 2435 et
1383 2407 1473 2444 facies,
1496 2415 1524 2438 et
1542 2409 1620 2439 Serv.
1634 2413 1667 2440 ad
1688 2413 1727 2441 ill.
1743 2421 1752 2440 t

962 2433 1025 2462 AEn.
1043 2434 1081 2462 Tu
1092 2438 1183 2470 facient
1194 2438 1275 2468 tinus.

997 2482 1032 2489 —-
1046 2469 1174 2500 Voelmooi.
1190 2473 1270 2508 Nun..
1284 2474 1348 2503 diet.
1359 2476 1523 2507 Vultum.

996 2517 1032 2524 —
1047 2503 1152 2534 Vanam
1164 2509 1254 2537 mart's‘.
1269 2508 1377 2539 AEneid.
1392 2521 1426 2540 v:

1053 2548 1128 2588 sione
1137 2562 1196 2588 satis
1245 2565 1292 2590 eidi
1303 2566 1396 2593 vultum
1406 2569 1544 2602 fluctusque
1553 2564 1652 2604 quietes

1052 2586 1172 2622 Ignorare
1181 2593 1210 2625 ju
1229 2594 1274 2620 es?

995 2641 1169 2706 ausser.
1178 2681 1248 2708 eno.

993 2709 1057 2739 ⁸92.
1070 2706 1152 2756 ὕοιι..
1173 2716 1295 2745 :retiner
1313 2719 1365 2750 m
1384 2725 1412 2748 et
1430 2725 1467 2749 vr
1481 2718 1749 2761 mmmm

957 2748 1322 2816 ’ἓοῖθέἒὲΐὶιῶιῇ
1343 2756 1574 2826 Ἡῖἓῗ.*··“ἐ·
1597 2762 1599 2766 ’

1064 2830 1640 2886 &mammaea-niffen*
1663 2881 1666 2885 .

1516 2796 1539 2814 :V
