1832 3016
88 161 140 191 841

722 163 984 195 SYNONYMORUM
1004 166 1070 197 Ltss.
1090 170 1109 198 l.

1670 173 1726 203 842

87 220 176 248 nullus
188 221 293 257 iniquus
311 226 368 255 est,
381 222 452 258 iuste
476 229 570 258 poenas
588 221 686 251 debitas
713 223 877 251 infelicitatis
889 224 918 255 Α
928 226 1000 253 cavi!
1027 234 1068 254 vae
1082 226 1152 255 diem
1173 227 1258 262 illum,
1274 229 1380 263 quando
1395 234 1578 268 transgressus
1589 233 1666 262 sumi
1682 243 1722 262 vze

86 268 206 302 exsolvo,
216 268 289 304 juste
300 268 378 296 tantis
393 268 529 304 suppliciis
539 272 676 303 conteror,
691 276 725 297 ex
741 277 803 297 meo
814 277 878 305 pec-

86 317 146 340 cato
157 314 226 341 mala
237 314 302 342 milii
316 314 405 341 omnia
419 314 594 342 advenerunt.
609 315 681 343 Deus
692 316 763 350 iuste
779 324 825 344 me
837 317 877 344 ai-

85 359 153 394 ssigit
167 380 175 394 ,
195 362 266 395 lusto
287 359 387 395 Judicio
406 360 561 394 rependitur
584 361 661 389 iactis
675 362 743 390 meis
758 369 875 397 congrua

85 406 250 439 vicissitudo,
270 405 358 433 miuus
369 409 458 434 tamen
474 407 629 434 retribuitur
642 407 707 435 milii
723 416 802 443 quam
815 408 874 443 ipse

84 451 200 487 deliqui,
222 457 392 487 peccatorum
407 461 529 481 meorum
550 454 637 482 minor
659 454 815 482 vicissitudo
830 462 875 483 re-

85 498 219 533 penditur,
243 499 330 534 plagae
352 507 418 527 meae
438 500 515 535 culpa
538 508 596 528 mea
611 501 705 528 durior
725 501 875 533 invenitur,

83 543 164 579 230
191 543 274 571 levior
298 551 339 572 est
367 549 476 579 peccato
501 554 562 574 meo
588 555 666 580 poena
694 547 875 575 damnationis

83 596 161 622 meae;
176 590 282 624 gravius
298 582 427 624 est‘quotl
444 591 551 624 admisi,
568 593 654 620 levius
665 597 705 620 est
721 593 793 627 quod
806 594 875 621 tole-

81 641 121 661 ro.
138 633 251 662 Gravior
261 640 303 663 est
315 637 392 671 culpa
404 645 482 672 quam
495 638 557 672 feci,
570 639 658 666 minor
667 639 781 666 vindicta
794 647 874 674 quam

82 680 198 714 perfero.
217 681 302 710 Penso
313 683 412 711 malum
432 684 503 718 quod
519 685 611 720 gessi,
637 692 690 713 non
705 690 747 714 est
771 690 874 714 tantum

80 728 152 761 quod
173 728 271 762 patior.

116 772 160 799 60.
173 773 269 801 Levior
279 779 318 802 est
329 775 405 811 plaga
418 783 475 804 mea
488 777 605 811 pondere
615 782 787 812 peccatorum
800 787 873 806 meo-

80 828 150 848 rum.
164 821 241 849 Aliud
251 826 292 849 est
303 830 423 857 prorsus,
439 824 521 856 aliud,
536 824 606 859 quod
617 825 731 860 amplius
744 833 787 853 me
802 825 872 853 attii-

79 866 117 901 git
127 887 135 900 ,
153 869 222 902 quod
235 876 278 896 me
291 870 375 904 magis
390 870 532 897 contristat
545 890 553 903 ,
569 871 641 906 quod
655 879 698 899 me
713 873 796 907 magis
809 880 871 907 per-

79 915 186 947 turbat,
203 917 272 951 quoti
296 926 339 946 me
354 918 438 953 magis
454 919 581 947 terrificat
594 940 602 952 ,
617 920 659 947 cui
674 920 761 948 simile
774 920 871 948 malum
889 912 914 943 Β

79 962 179 989 nullum
192 968 242 996 est,
256 964 298 991 cui
310 964 528 999 incomparabilis
540 967 627 993 omnis
642 974 720 1002 poena
736 972 788 1000 est,
802 968 873 1002 quod

80 1009 204 1036 omnibus
219 1011 356 1046 suppliciis
381 1012 538 1046 antefertur,
560 1014 630 1047 quod
657 1015 792 1042 antecedit
806 1022 873 1042 cuu-

80 1058 279 1089 maiomenis,
296 1056 364 1090 quod
380 1062 522 1091 exsuperat
537 1058 628 1085 onmia
647 1059 728 1085 mala.

115 1099 159 1126 61.
180 1100 236 1127 lieu
260 1101 364 1128 anima!
385 1102 447 1137 quid
469 1107 509 1130 est
529 1104 599 1137 quod
624 1105 735 1131 multum
761 1105 874 1132 metuis?

80 1146 144 1179 quid
166 1147 288 1182 estquod
309 1152 334 1174 te
352 1149 436 1182 magis
461 1150 588 1184 corripit?
603 1150 667 1185 quid
690 1156 731 1177 est
755 1151 825 1185 quod
841 1151 875 1178 ad

79 1193 234 1220 moestitiatn
253 1198 279 1221 te
295 1195 408 1229 amplius
423 1195 554 1229 impellit?
573 1196 636 1231 quid
655 1196 769 1230 amplius
783 1197 875 1224 tormi-

79 1237 150 1265 das?
165 1239 227 1273 quid
242 1240 356 1273 amplius
376 1241 519 1275 pavescis?
539 1241 602 1276 quid
618 1242 734 1276 amplius
756 1243 874 1270 metuis?

115 1284 158 1311 62.
177 1284 264 1311 Metuo
279 1285 350 1312 diem
369 1285 473 1319 judicii,
496 1291 587 1313 metuo
603 1286 675 1314 diem
691 1287 872 1322 tenebrarum,

80 1329 151 1356 diem
167 1330 339 1362 nebulosum,
360 1330 431 1358 diem
452 1339 584 1365 amarum,
600 1331 671 1359 diem
687 1333 794 1359 durum.
810 1333 873 1360 Per-

80 1376 166 1409 pendo
178 1376 283 1410 quidem
296 1376 395 1403 malum
411 1376 482 1411 quod
497 1377 592 1408 tolero,
615 1377 662 1404 sed
674 1377 788 1410 amplius
802 1378 873 1412 quod

78 1426 161 1449 restat
182 1422 311 1454 formido,
328 1422 418 1457 lugeo,
448 1430 508 1457 quae
523 1423 550 1450 in
567 1423 616 1451 liae
632 1425 685 1450 vita
700 1423 755 1458 J'am
775 1424 871 1458 patior,

78 1470 124 1496 sed
145 1474 204 1504 post
226 1469 293 1497 hanc
310 1478 342 1497 ne
357 1470 480 1505 graviora
502 1471 588 1504 patiar
611 1471 784 1505 pertimesco.
805 1470 873 1498 Sen-

78 1515 186 1542 tentiam
199 1515 262 1543 licct
279 1516 332 1550 jam
350 1516 461 1543 tolerem
477 1516 504 1543 in
520 1523 610 1551 poena,
634 1521 767 1543 tormenta
782 1521 872 1545 tamen

77 1561 205 1595 gehennae
221 1561 333 1589 iormido
353 1570 385 1589 ex
406 1561 494 1596 culpa.
511 1561 570 1588 Jam
597 1569 716 1597 praeseus
733 1571 810 1597 poena
828 1571 873 1592 me

78 1606 176 1639 laniat,
192 1608 238 1635 sed
254 1607 340 1635 sutura
357 1608 440 1642 magis
455 1609 606 1635 conturbat.
623 1609 722 1636 Gravia
734 1614 797 1637 sunt
813 1618 872 1645 quae
886 1604 910 1635 C

79 1653 207 1686 sustineo,
224 1654 345 1689 graviora
361 1662 420 1689 quac
437 1655 463 1682 in
475 1660 632 1689 perpetuum
650 1656 822 1689 pertimesco;
839 1658 873 1685 de

79 1699 257 1734 praesentibus
271 1700 377 1735 quidem
394 1701 479 1736 poenis
493 1701 581 1734 doleo,
599 1702 645 1729 sed
657 1702 690 1730 de
706 1703 802 1731 futuris
817 1710 872 1730 arn-

79 1746 148 1780 plius
161 1746 317 1781 ingemisco.

117 1792 161 1820 65.
179 1792 310 1820 Succurre
325 1793 400 1826 mihi,
416 1794 486 1821 Deus
501 1801 587 1826 meus,
603 1799 745 1829 antequam
761 1795 872 1829 moriar,

80 1843 221 1872 antequam
236 1846 308 1866 mors
322 1846 365 1866 me
379 1839 533 1873 praeveniat,
555 1845 699 1875 antequam
719 1849 761 1867 me
773 1846 872 1868 tartara

79 1885 183 1920 rapiant
197 1905 205 1918 ,
227 1889 369 1920 antequam
384 1894 426 1913 me
438 1886 543 1913 flamma
558 1887 707 1920 comburat,
729 1892 872 1922 antequam

80 1939 123 1959 me
139 1932 258 1960 tenebra}
275 1933 422 1960 involvant.
444 1933 561 1960 Subveni
581 1933 654 1968 prius
674 1942 752 1968 quam
767 1934 799 1961 ad
817 1939 872 1961 tor-

82 1977 172 2006 me'nta
188 1987 339 2015 properem,
357 1980 509 2014 priusquam
526 1981 655 2015 gehenna:
668 1981 772 2016 ignibus
787 1976 871 2008 devo—

79 2032 139 2058 rer,
155 2025 308 2060 priusquam
330 2025 387 2052 sine
408 2026 523 2053 termino
538 2026 659 2059 crucier,
676 2035 738 2053 reus
752 2026 822 2053 enim
840 2027 873 2053 ti-

81 2078 154 2098 more
167 2070 258 2105 judicii
275 2072 312 2098 tui
332 2076 435 2099 terreor
448 2092 456 2106 ,
477 2079 576 2106 pavore
591 2073 693 2107 peccati
713 2073 781 2100 iram
799 2078 870 2100 tuam

81 2115 210 2149 formido,
228 2117 392 2145 immanitate
405 2117 513 2145 sceleris
528 2126 640 2146 examen
656 2123 731 2146 tuum
752 2119 872 2154 trepidus

82 2163 247 2191 conscientia
263 2168 363 2190 metuo.

116 2208 160 2236 64.
178 2208 205 2236 Si
221 2208 291 2235 enim
301 2208 389 2243 justus
404 2217 447 2236 vix
462 2210 606 2237 salvabitur
620 2230 627 2243 ‚
644 2217 694 2245 ego
711 2210 808 2244 impius
825 2211 870 2238 ubi

81 2254 143 2281 ero?
154 2254 215 2289 quid
223 2253 303 2290 491
311 2254 418 2289 faciam,
428 2255 490 2282 dum
503 2256 607 2283 venerit
615 2256 747 2283 tremendi
757 2256 872 2284 formido

929 270 999 298 diem
1007 271 1092 307 illum,
1102 273 1210 308 quando
1217 274 1316 302 malum
1327 281 1452 311 expertus
1463 285 1522 306 sum
1531 278 1538 306 l
1548 277 1656 307 Utinam
1666 287 1720 308 non

929 316 1060 345 illuxisset
1075 319 1157 347 mihil
1173 320 1273 348 utinam
1294 329 1347 349 non
1362 321 1456 350 suisset
1476 328 1552 352 ortus
1566 332 1648 359 super
1663 326 1723 354 mel
1768 346 1773 352 Δ

928 363 1028 391 utinam
1039 371 1120 399 super
1129 373 1173 393 me
1183 374 1236 394 non
1247 367 1428 402 apparuisset!
1439 369 1461 396 0
1471 369 1529 397 dies
1543 371 1705 399 detestanda
1715 373 1722 400 Ξ

928 416 945 436 o
955 409 1015 436 dies
1026 410 1219 439 abominanda!
1234 421 1250 440 o
1261 413 1319 441 dies
1331 413 1436 448 penitus
1450 422 1500 442 nec
1513 416 1627 444 dicenda
1639 418 1647 445 i
1662 426 1727 452 quas

928 460 972 480 me
985 454 1011 481 in
1024 454 1075 483 hoc
1086 456 1214 484 saeculum
1225 459 1346 492 protulit,
1359 467 1419 494 quae
1428 460 1494 487 milii
1505 461 1622 489 claustra
1632 469 1724 497 partus

927 500 1043 533 aperuit,
1052 509 1111 535 quoe
1121 507 1197 529 ortus
1209 503 1260 530 mei
1272 505 1341 530 ostia
1353 506 1492 532 reseravit.
1502 506 1564 533 Dies
1574 507 1617 534 illa
1633 515 1648 535 a
1663 508 1724 537 luce

928 545 955 572 in
973 547 1099 574 tenebras
1114 554 1290 583 permutetur,
1313 550 1443 584 protunda
1461 551 1536 579 iliani
1556 553 1644 588 caiigo
1657 561 1723 582 cou-

928 591 1031 626 iundat‚
1047 597 1148 620 aeterna
1164 595 1236 621 ilam
1251 595 1360 622 caecitas
1375 596 1482 630 obruat,
1498 603 1603 626 amittat
1620 604 1725 636 tempo-

928 637 964 665 ris
979 643 1088 673 statum.
1103 641 1177 668 omni
1192 643 1321 670 memoria
1332 644 1529 680 exstinguatur,
1550 646 1630 674 trullis
1643 647 1724 683 digua

926 685 1033 712 saeculis
1045 691 1221 715 memoretur.

963 740 1007 768 65.
1024 742 1117 770 Melius
1129 744 1195 772 mibi
1209 744 1296 773 tuerat
1308 753 1360 774 non
1373 754 1432 775 esse
1444 752 1545 783 ortum,
1559 750 1656 778 melius
1667 759 1721 779 non

926 787 1011 814 tuisse
1026 790 1155 822 genitum,
1170 791 1265 819 melius
1281 799 1332 819 non
1350 792 1431 821 ruisse
1443 795 1470 821 in
1483 795 1533 823 boc
1548 796 1649 823 saeeulo
1661 804 1725 831 pro-

927 838 1062 867 creatum,
1078 843 1156 870 quam
1173 841 1288 865 aeternos
1304 839 1406 873 perpeti
1420 841 1563 868 cruciatus·
1579 841 1654 869 Flete
1668 850 1723 876 me,

927 881 1025 908 coelum
1040 886 1066 908 et
1086 886 1169 915 terra;
1185 883 1273 918 lugete
1284 892 1336 917 me,
1354 892 1448 913 omnes
1464 892 1606 922 creaturae;
1620 889 1725 923 plorate

928 934 982 958 me,
997 928 1088 954 onmia
1104 927 1249 962 elementa;
1266 931 1434 966 ingemiscite
1448 940 1529 967 super
1541 942 1593 968 me,
1617 935 1725 962 univer-

927 980 986 1000 sum
1002 982 1098 1008 genus,
1113 981 1137 1003 et
1153 984 1206 1011 quo
1222 982 1334 1012 potestis
1348 984 1410 1006 vitae
1424 986 1516 1012 sensu,
1531 987 1614 1013 super
1625 988 1669 1009 me
1683 981 1724 1008 la-

929 1026 1047 1050 mentum
1073 1022 1222 1055 effundite3
1244 1025 1351 1058 peccavi
1367 1025 1440 1052 enim
1454 1026 1600 1053 crudeliter
1612 1047 1619 1059 ‚
1635 1027 1724 1061 lapsus

928 1077 987 1096 sum
1009 1069 1113 1096 sortiter
1126 1090 1133 1101 ,
1148 1069 1233 1096 cecidi
1249 1070 1366 1104 graviter
1377 1091 1384 1104 ,
1402 1073 1490 1098 corrui
1508 1072 1700 1100 miserabiliter
1714 1094 1723 1108 ,

928 1115 1029 1142 nullum
1052 1115 1187 1142 invenitur
1206 1120 1344 1149 peccatum
1366 1117 1442 1151 cujus
1459 1118 1584 1145 sordibus
1606 1126 1660 1146 non
1673 1119 1725 1146 sim

927 1161 1126 1196 coinquinatus.
1143 1161 1236 1189 Nullus
1250 1166 1291 1189 est
1304 1163 1413 1190 morbus
1429 1163 1554 1190 vitiorum
1569 1171 1583 1191 a
1597 1171 1650 1199 quo
1670 1171 1724 1192 non

927 1209 1108 1235 contraxerim
1118 1209 1283 1243 contagium,
1300 1210 1371 1236 nulla
1385 1210 1506 1237 sordium
1517 1210 1623 1239 sentina
1636 1212 1724 1239 exsti-

927 1254 958 1280 tit
972 1262 1032 1288 quae
1048 1255 1073 1281 in
1090 1262 1134 1282 me
1146 1255 1274 1282 miserum
1290 1263 1344 1282 non
1359 1256 1529 1283 confluxerit.

963 1310 1007 1338 06.
1020 1311 1179 1345 Probrosus,
1191 1312 1347 1345 sceleratus,
1360 1312 1469 1347 flagitiis
1480 1313 1585 1340 cunctis
1598 1313 1722 1347 obrutus,

927 1355 1160 1383 innumerabiliter
1182 1355 1350 1392 frequentavi
1364 1358 1558 1392 impudicitiam
1581 1360 1723 1387 ioeditatis.

926 1403 961 1431 Ut
974 1404 1041 1431 bene
1065 1405 1182 1431 viverem
1204 1405 1274 1432 ultro
1289 1405 1410 1439 promisi,
1424 1406 1494 1440 quod
1520 1407 1654 1441 pollicitus
1663 1415 1724 1436 sum

926 1457 1062 1484 nunquam
1075 1450 1193 1477 servavi.
1209 1450 1322 1485 Semper
1335 1450 1369 1478 ad
1385 1457 1523 1484 peccatum
1538 1460 1628 1480 meum
1644 1454 1724 1486 redii,

925 1504 1033 1530 semper
1045 1497 1143 1524 delicta
1156 1505 1216 1524 mea
1228 1497 1335 1531 iteravi,
1347 1498 1481 1533 prioribus
1493 1500 1641 1528 sceleribus
1651 1508 1724 1528 sem-

926 1551 972 1577 per
985 1544 1120 1571 deteriora
1140 1545 1286 1579 conJ'uuxi;
1309 1554 1444 1580 uunquam
1468 1547 1495 1574 iu
1510 1548 1608 1575 melius
1630 1556 1722 1577 mores

927 1590 1035 1623 mutavi,
1054 1598 1190 1624 nunquam
1213 1598 1227 1616 a
1253 1590 1331 1617 malis
1356 1591 1432 1619 iactis
1452 1593 1573 1626 recessi;
1591 1593 1723 1628 plurimos

927 1634 1007 1662 etiam
1021 1635 1151 1662 maculavi
1163 1642 1206 1661 me
1218 1635 1342 1668 perdens,
1360 1636 1490 1670 plurimos
1501 1637 1590 1671 pravis
1603 1639 1725 1667 moribus

926 1682 960 1708 ad
974 1681 1141 1716 iniquitatem
1163 1682 1296 1714 converti,
1314 1683 1417 1710 scelere
1437 1691 1499 1711 meo
1521 1684 1613 1712 multae
1625 1685 1724 1713 auimae

927 1729 1078 1763 perierunt,
1096 1729 1227 1764 exemplis
1249 1729 1310 1757 vitae
1330 1738 1396 1758 mem
1412 1731 1489 1758 multi
1506 1731 1628 1759 subversi
1646 1738 1723 1768 sunt,

927 1783 976 1809 ego
993 1775 1082 1803 multis
1096 1783 1177 1803 causa
1193 1776 1255 1803 mati
1271 1776 1372 1810 exstiti,
1386 1784 1433 1811 per
1443 1784 1488 1805 me
1503 1778 1648 1806 multorum
1660 1787 1724 1814 pro-

927 1823 1043 1857 positum
1073 1823 1235 1850 maculatum
1251 1827 1303 1856 est.
1320 1831 1367 1858 per
1392 1832 1436 1852 me
1461 1832 1558 1853 nomeu
1573 1826 1724 1856 sanctitatis

927 1870 1074 1897 laceratum
1086 1875 1137 1897 est.

962 1927 1043 1963 492
1058 1928 1103 1955 67.
1119 1928 1202 1955 Orate
1214 1935 1262 1962 pro
1277 1935 1321 1956 me
1335 1929 1368 1955 ad
1382 1928 1525 1957 Dominum
1538 1949 1545 1963 ,
1562 1937 1655 1957 omnes
1669 1931 1721 1958 viri

927 1976 1023 2007 sancti;
1041 1975 1182 2002 obsecrate
1200 1982 1247 2010 pro
1266 1983 1326 2008 me,
1343 1976 1420 2010 plebs
1441 1976 1529 2003 omnis
1550 1981 1720 2004 sanctorum·

928 2022 1069 2057 implorate
1092 2029 1140 2057 pro
1155 2030 1197 2049 me
1211 2042 1219 2055 ,
1235 2022 1323 2049 omnis
1338 2022 1437 2050 chorus
1449 2030 1601 2057 Jtistorum;
1614 2025 1636 2052 si
1652 2025 1723 2053 torte

928 2070 1086 2096 misereatur
1101 2068 1166 2095 mihi
1183 2068 1253 2095 Deus
1263 2088 1271 2101 ,
1291 2069 1314 2096 si
1328 2069 1398 2096 forte
1413 2069 1525 2104 recipiat
1540 2078 1583 2098 me
1593 2091 1600 2103 ‚
1619 2071 1641 2098 si
1653 2071 1723 2099 [οι-ιε

928 2115 1014 2142 deleat
1031 2118 1167 2149 peccatum
1184 2122 1286 2147 meum,
1306 2116 1328 2142 si
1348 2114 1417 2143 i'orte
1437 2118 1540 2143 aul‘erat
1552 2117 1722 2151 iniquitatem

928 2168 1014 2188 meam
1026 2181 1034 2194 ‚
1059 2162 1081 2188 si
1101 2161 1312 2189 misericordiam
1327 2166 1438 2196 praestet
1451 2163 1516 2190 mibi
1530 2171 1537 2196 ;
1552 2164 1636 2191 iratus
1648 2163 1722 2192 enim

927 2211 968 2234 est
983 2213 1064 2240 super
1080 2214 1122 2233 me
1136 2207 1226 2239 nimis,
1243 2206 1386 2241 complevit
1401 2207 1517 2235 furorem
1528 2215 1605 2235 suum
1622 2216 1649 2235 tn
1665 2217 1721 2243 me,

927 2253 1020 2281 effudit
1032 2253 1098 2280 iram
1109 2253 1299 2287 indignationis
1311 2261 1366 2281 suae
1379 2260 1460 2288 super
1471 2261 1514 2281 me
1526 2258 1636 2289 propter
1650 2255 1721 2282 mul-

81 2299 190 2334 iudicii⁹
205 2308 263 2328 cum
275 2308 386 2328 examen
400 2301 492 2336 judicii
504 2302 618 2336 venerit,
633 2302 695 2336 quid
708 2302 876 2337 respondebo
892 2297 919 2328 D
931 2300 1072 2328 titudinem
1092 2299 1240 2334 iniquitatis
1259 2307 1327 2327 mem
1339 2320 1346 2333 ‚
1363 2300 1425 2335 quia
1440 2304 1582 2327 creverunt
1600 2300 1723 2327 aversio-

83 2342 144 2378 (Job
159 2351 232 2379 xxxi,
247 2344 291 2380 Μ)
302 2346 314 2372 t
326 2346 390 2380 quid
404 2353 452 2374 ero
466 2346 598 2380 dicturus,
608 2354 669 2374 cum
684 2351 746 2374 ante
758 2348 874 2375 tribunal

82 2388 183 2418 Christi
192 2391 266 2419 fuero
274 2393 464 2427 praesentatus?
473 2393 519 2421 Vae
525 2393 595 2421 diem
604 2394 690 2427 illum,
700 2394 807 2429 quando
816 2402 875 2429 pec-

122 2446 167 2474 61.
183 2447 239 2481 ΑΙ..
254 2436 352 2475 matun-t
363 2457 411 2483 pro
421 2450 541 2478 inultum.
553 2451 623 2478 Mra.

85 2481 164 2546 ³¹22.
182 2482 235 2515 At„
252 2487 308 2519 pont
320 2484 384 2511 Ιιωιο
398 2485 486 2520 vitam.
501 2493 543 2514 ne.
555 2487 588 2514 Et
597 2487 685 2522 [utura
695 2495 770 2522 poena
781 2489 873 2524 ntaqis.

84 2552 580 2630 „0?{··13325“‚2f02?‡„'1'3‚ss2⁰.2122.”ii223
592 2557 874 2627 Ἐῶῗίἱῖοῗῖῗῖιέἑὶ

85 2623 162 2658 [atto
172 2623 237 2650 beati
251 2621 360 2663 Indum.
371 2630 386 2650 a
400 2623 575 2666 (iniust-antino
584 2627 711 2663 Caietano
721 2629 804 2662 edita,
816 2634 875 2657 tan-

86 2657 499 2729 ³⁹²2¹¹3n⁰lzlis2¹fflt¹12‘¹„i⁸.:t¹ti¹’
510 2663 875 2727 3.⁰³⁸.v‚²⁰“l;lit?:·c·';⁹0a.?i

53 2737 60 2772 ι’
86 2702 157 2756 Ιιιιῖιᾱ
177 2728 266 2771 ignota
279 2713 377 2770 tuen-itit
390 2705 670 2766 isidori⁸Syuonit⁴t¹tffi
687 2736 718 2760 ttt
731 2707 806 2761 initilo
821 2733 875 2762 liu·

59 2798 62 2812 ³
85 2762 235 2864 thimeas.
247 2763 486 2828 agtxgvssmhnv.
495 2801 552 2836 eju
562 2821 572 2836 ,
591 2808 641 2838 pro
654 2802 724 2831 omni
741 2805 876 2833 nummu.

47 2863 57 2869 ”
121 2855 191 2900 uia.
206 2869 360 2906 cajetanus,
374 2871 499 2913 turpanda
512 2870 790 2914 maj-..amasne

122 2905 167 2934 05.
179 2905 279 2935 Textus
297 2906 368 2942 apud
381 2906 539 2942 cajetanum
553 2907 652 2938 alieubi
673 2908 807 2947 ducmpat
821 2930 830 2947 ,
847 2914 877 2941 ut

246 2953 384 2986 rumor..
401 2953 579 2997 Lxxxssl.

928 2354 987 2380 nes,
1002 2348 1063 2382 quia
1074 2347 1257 2381 multiplicatae
1271 2351 1335 2374 sunt
1345 2346 1580 2381 praevaricationes
1590 2352 1666 2372 ineae.
1677 2345 1722 2373 Vae

927 2394 1013 2421 milii!
1038 2394 1098 2428 quia
1111 2398 1285 2427 consumptus
1300 2401 1359 2420 sum
1376 2401 1383 2424 ;
1399 2400 1439 2419 vm
1456 2392 1537 2418 mihil
1551 2390 1722 2425 quia·deteeit

928 2451 979 2479 hoc
993 2451 1052 2478 loco
1067 2454 1127 2485 post
1143 2450 1239 2485 perpeti
1255 2450 1382 2475 cruciatus
1392 2447 1465 2475 addit
1479 2457 1485 2473 :
1502 2447 1651 2481 optabama
1663 2456 1722 2482 peo-

927 2487 979 2514 cuti
999 2493 1066 2512 nexu
1081 2485 1172 2512 resolvi
1185 2505 1193 2517 ,
1216 2483 1349 2518 cupiebam
1369 2491 1385 2509 a
1405 2483 1587 2509 contractumnc
1600 2482 1670 2509 mala
1680 2490 1722 2510 re-

930 2521 1007 2554 trahi,
1024 2521 1200 2547 desideratam
1219 2527 1235 2545 a
1257 2519 1317 2545 vitio
1338 2518 1475 2550 recedere:
1496 2518 1540 2544 sed
1560 2517 1669 2552 difficile
1682 2522 1721 2545 est

929 2556 1053 2592 peccandi
1067 2555 1276 2582 consuetudinem
1291 2554 1402 2586 vincere,
1418 2557 1470 2580 etc.
1485 2553 1529 2580 Sic
1544 2553 1600 2580 sere
1612 2552 1662 2580 alia
1672 2560 1722 2587 pc-

930 2596 975 2620 tita
990 2599 1023 2619 ex
1041 2591 1159 2618 numeris
1179 2589 1214 2615 tt
1233 2593 1262 2616 et
1275 2587 1320 2622 ⁴5,
1337 2595 1420 2622 usque
1435 2588 1468 2615 ad
1489 2588 1646 2615 consuetudo
1659 2595 1721 2615 eon-

929 2627 1043 2662 strittqit.
1058 2625 1131 2653 Flete
1146 2633 1185 2651 me
1200 2647 1207 2658 ,
1222 2625 1314 2650 coelttm
1329 2627 1352 2649 et
1366 2628 1443 2655 terra,
1458 2628 1510 2650 etc.
1523 2624 1607 2650 Attev.

966 2663 1010 2690 65.
1029 2661 1118 2694 Forte,
1134 2659 1300 2694 impudicitiae
1315 2657 1464 2693 soeditatem.
1477 2658 1562 2685 Ansv.

966 2698 1010 2725 67.
1025 2697 1074 2723 Hm
1088 2697 1168 2723 etiam
1181 2694 1303 2728 quasdam
1317 2694 1514 2720 interseruntur
1531 2692 1600 2727 apud
1613 2692 1720 2728 Caieta-

930 2741 994 2760 num
1011 2740 1019 2758 :
1041 2730 1266 2757 Proeuaricationes
1281 2736 1352 2755 meoe.
1375 2727 1439 2755 Ideo
1458 2728 1592 2763 implum-te
1612 2736 1660 2763 pro
1680 2736 1722 2756 mc

931 2768 978 2796 Dei
991 2765 1171 2800 omnipotentis
1194 2763 1397 2791 misericordiam
1411 2783 1418 2796 ,
1439 2771 1526 2791 virtues
1551 2763 1623 2790 chori
1633 2763 1721 2791 heato-

928 2811 998 2831 rum.
1014 2801 1165 2828 Intercedite
1179 2807 1225 2833 paro
1239 2807 1277 2827 me
1290 2819 1298 2831 ,
1314 2800 1396 2826 omnis
1410 2798 1547 2826 multitudo
1565 2800 1718 2832 electorum.

929 2847 961 2866 ne
980 2837 1101 2872 infundat
1116 2835 1273 2869 omnipotens
1288 2833 1357 2861 oeus
1370 2842 1447 2870 uper
1459 2843 1500 2862 me
1512 2835 1580 2862 iram
1597 2833 1719 2870 ludim

929 2873 1006 2901 tionis
1019 2879 1073 2900 niue
1086 2874 1191 2907 propter
1205 2869 1394 2898 multitudinem
1407 2869 1571 2906 iniquitatum
1588 2875 1717 2898 mearun-

930 2908 978 2938 Voe
989 2907 1071 2936 rutilii!
1086 2906 1204 2942 Bourtina,
1219 2909 1272 2934 etc.
1290 2905 1375 2934 Anv.

1749 2655 1759 2709 ,ewa-⁴
