1832 3016
47 120 83 149 69

606 108 609 109 ’
636 114 964 143 -υιι-ιτειιΕΝτιΑῐιυΜ
984 104 1059 142 tim.
1071 113 1092 141 t.

1652 99 1695 140 '5'0

49 179 232 208 exanimatum
241 179 310 217 [At.
323 177 458 213 exanime]
483 183 593 211 eorpus,
612 180 763 204 emortuum
778 182 842 202 vero
856 177 883 206 Α
931 174 994 203 585.
1014 174 1084 201 lnter
1106 171 1214 200 Nudum
1233 174 1262 199 et
1280 172 1416 199 nudatum.
1444 170 1484 198 Ea
1503 170 1575 199 enim
1597 170 1699 199 nudata

49 227 166 255 vicinum
189 226 275 254 morti.

88 273 150 300 575.
172 273 243 299 later
266 270 339 298 nare
357 274 385 297 et
406 269 500 296 maria.
521 269 594 296 Mare
612 267 777 296 elementum
802 271 844 294 est

53 324 148 352 totum,
165 318 246 346 maria
261 315 325 344 vero
346 321 435 350 partes
456 317 547 344 maris.
570 316 647 344 Sicut
665 318 743 342 terrae
770 319 843 347 sunt,

50 371 122 393 terra
131 371 194 392 vero
205 367 307 391 tantum
323 363 498 390 elementum.

54 428 55 431 =
89 411 150 440 576.
165 410 236 438 lnter
249 409 350 437 Monte-s
365 413 393 436 et
407 410 493 436 colles.
508 410 614 436 Montes
627 413 746 435 tumores
760 411 846 435 terra-

50 465 120 490 rum,
132 455 431 491 collesprominentiora
442 455 503 489 juga
516 454 658 487 montium,
674 453 749 488 quasi
765 453 844 480 colla.

51 503 56 517 ‘⁴
85 502 147 531 57⁷.
172 502 243 530 lnter
263 500 471 536 Maloqranatam
491 505 518 528 et
543 500 764 535 Maloqranatum.
789 499 846 526 Ma-

49 549 202 585 logi-anam,
229 548 350 576 seminini
374 548 496 583 generis,
522 548 610 575 arbor·
626 552 686 580 est;
715 547 847 581 malogra-

48 599 140 623 natum
155 601 231 630 vero,
242 594 351 629 generis
365 594 464 626 neutri,
482 601 590 628 pomum
606 598 656 620 est.
670 592 745 619 Sicut
760 591 844 626 persi-

48 649 98 670 cus
110 645 138 669 et
151 641 303 676 persicum:
319 641 453 675 persicus,
469 642 574 674 generis
590 639 710 666 seminini
721 659 727 671 ‚
750 638 846 669 arbor;

49 688 193 723 persicum,
206 687 312 723 generis
331 687 429 720 neutri,
445 688 546 713 i'ruetus
562 690 613 712 est.
636 685 712 712 Sicut
725 685 811 711 buxus
822 689 849 711 et

51 735 166 762 buxum:
181 741 243 760 nam
259 733 359 760 buxum
372 737 495 760 neutrum
508 733 518 769 [
529 731 583 764 At,
601 731 688 758 neutri
704 730 729 765 ],
747 730 848 764 lignum

48 784 92 809 est
106 789 114 808 ι
132 781 218 807 buxus
232 779 389 806 femininum
405 779 411 815 1
430 779 484 811 ΑΙ.,
499 778 618 806 seminini
631 777 651 813 ]‚
667 777 747 804 arbor
761 782 812 804 est.

85 826 150 854 578.
169 827 239 853 luter
256 825 340 860 Manis
354 829 382 852 et
397 826 492 858 potins.
515 824 598 859 Magis
624 827 667 850 est
680 823 794 849 alterum
816 829 849 849 ex
869 849 871 853 ,

896 219 1023 247 dicuntur
1037 226 1096 254 quae
1111 218 1203 246 vestiri
1217 218 1314 251 solent,
1330 225 1361 245 ea
1377 217 1449 245 nuda
1460 224 1520 252 quae
1539 224 1594 245 non
1609 217 1699 245 solent

897 267 959 301 tegi.
985 266 1050 294 ltem
1066 265 1154 292 nudus
1173 264 1244 291 illius
1259 263 1300 291 rei
1322 267 1369 290 aut
1389 263 1433 290 illa
1455 270 1486 291 re
1499 264 1568 290 bene
1588 262 1699 291 dieitur.

898 312 1018 340 Nudatus
1033 319 1099 339 vero
1113 311 1146 339 ab
1161 310 1207 338 illo
1221 309 1394 338 denuntiatur
1404 308 1470 344 [At.,
1486 308 1700 344 denuntiamus]-

933 367 998 395 586.
1020 367 1091 395 lnter
1105 367 1238 403 Neqamus
1264 370 1293 394 et
1317 366 1484 400 abneqamus.
1508 365 1652 401 NegamuS,
1676 365 1703 394 sl

897 412 961 447 quid
978 413 1117 446 objicitur;
1132 413 1307 446 abnegamus,
1318 411 1340 438 si
1356 410 1419 445 quid
1436 410 1544 444 petitur.

934 457 996 485 587.
1013 458 1083 485 luter
1099 457 1236 484 Neminem
1259 461 1286 484 et
1309 456 1420 484 nattum.
1445 456 1586 483 Neminem
1606 456 1639 483 ad
1653 456 1703 484 bo-

900 504 999 531 minem
1015 503 1170 536 referimus,
1191 502 1294 530 nullum
1309 502 1342 529 ad
1357 501 1459 529 omnia.

936 550 998 578 588.
1022 550 1094 577 Inter
1110 549 1223 582 Nomen,
1245 557 1401 583 praenomen,
1418 555 1558 583 cognomen
1580 551 1607 575 et
1623 555 1704 583 aquo-

901 603 967 622 men.
996 595 1096 622 Nomen
1113 594 1180 630 [At.‚
1203 593 1368 629 praenomen]
1390 597 1432 621 est
1458 593 1616 621 vocabutum
1639 601 1703 627 pro-

893 641 967 676 ⁴prioe
979 640 1165 675 appellationis
1185 648 1192 672 ;
1212 646 1377 674 praenomen,
1394 638 1464 674 quod
1481 639 1646 672 nominibus,
1666 639 1701 665 ob

901 687 1057 722 dignitatem
1074 687 1141 723 titt„
1167 685 1305 721 dignitate]
1331 687 1437 721 generis
1466 686 1650 720 praeponitur:
1677 691 1706 712 ut

901 733 1012 767 Publius
1027 732 1254 767 ,Virgilius-,Non
1277 732 1510 766 eninrpossumus
1533 731 1624 761 dicere
1636 730 1703 766 [Aa.

902 778 1028 814 dicimus]
1046 778 1171 813 Virgilius
1185 778 1306 810 Publius.
1321 777 1487 812 Cognomen,
1499 777 1570 812 quod
1587 777 1707 804 exsami-

904 824 938 851 lia
950 824 1056 859 generis
1071 825 1154 858 venit,
1171 828 1200 851 ut
1222 828 1284 858 puta
1299 823 1391 858 Scipio
1406 823 1589 855 Cornelius,a
1604 823 1705 851 Corne-

53 872 161 900 ‹luobus
177 872 315 907 Ρΐὲἓῐθῐΐθ,
332 875 421 898 ulrum
443 874 598 905 comparet}
623 869 710 903 Ρθῑῑῠῦ
735 869 851 896 ³¹²e1'11111
868 870 891 901 B
905 873 939 900 lia
954 873 1053 900 familia
1066 877 1151 916 ortus.
1162 874 1325 906 ,Agnomem
1341 872 1394 907 51
1410 871 1479 905 quod
1492 878 1525 898 ex
1541 870 1650 902 virtute,
1663 870 1707 897 vel

49 919 168 946 damnat.

87 963 150 991 579.
168 963 239 990 lnter
251 962 324 990 Mala
348 968 375 990 et
390 963 482 990 motas.
499 962 566 989 Mala
583 968 662 998 poma
678 965 752 995 sunt,
775 961 853 988 malae

53 1018 118 1038 vero
133 1010 259 1037 maxillae.

90 1056 152 1083 530.
169 1056 240 1082 lut-»r
252 1055 350 1081 Marem
377 1058 404 1080 et
424 1062 504 1081 mare.
531 1054 632 1082 Marem
649 1076 656 1087 ‚
684 1054 850 1087 masculum:

52 1110 128 1130 mare
145 1102 306 1129 elementum
326 1105 367 1127 est
378 1108 466 1134 aquae.

90 1148 138 1174 58¹
147 1170 153 1175 .
169 1148 240 1174 lnter
252 1146 416 1173 Mentientem
429 1151 454 1173 et
468 1146 610 1180 fallentem.
623 1145 852 1174 Considerandum

51 1199 93 1222 est
108 1193 177 1228 quod
191 1193 234 1220 ille
250 1192 377 1219 mentitur
392 1191 436 1226 qui
450 1191 506 1218 vult
519 1191 602 1218 videri
624 1192 696 1226 quod
718 1199 770 1219 non
793 1197 849 1220 est:

51 1242 96 1276 qui
110 1240 202 1277 [Forte
215 1239 288 1275 quia]
301 1243 390 1266 autem
407 1247 460 1266 non
476 1239 569 1265 volens
590 1239 661 1265 aliud
678 1244 752 1273 putat
767 1246 850 1274 quam

50 1292 102 1320 est,
116 1294 168 1313 non
182 1285 319 1317 mentitur,
336 1285 382 1312 sed
397 1285 505 1312 fallitur.
523 1284 594 1311 lnest
615 1292 680 1318 ergo
705 1286 759 1319 50
776 1286 849 1312 omni

51 1331 190 1361 mentienti
204 1331 327 1359 voluntas
342 1330 450 1357 fallendi
464 1339 470 1356 ι
486 1336 530 1356 res
543 1334 631 1355 autem
659 1329 767 1356 fallendi
783 1350 790 1362 ,
803 1337 850 1356 vo-

50 1379 139 1407 luntas
153 1385 206 1405 non
231 1382 272 1404 est
299 1377 456 1404 mentiendi.
487 1376 552 1402 Nam
575 1379 602 1402 et
623 1375 691 1409 lapis
719 1375 795 1408 fallit,
822 1380 849 1403 et

50 1424 134 1452 multa
150 1430 262 1457 corpora
278 1423 368 1456 specie
384 1422 497 1455 fallunt,
517 1426 545 1448 ut
571 1421 637 1448 remi
662 1421 737 1447 tracti
756 1422 782 1448 in
799 1429 848 1448 un-

49 1471 93 1503 da,
106 1470 166 1497 dum
179 1469 232 1496 sint
243 1468 352 1503 integri:
368 1468 415 1495 sed
433 1473 461 1495 et
476 1472 564 1495 turres
576 1489 583 1501 ‚
601 1468 676 1502 quasi
698 1472 845 1500 currentes,

49 1517 141 1544 oculos
167 1515 347 1550 navigantium
373 1514 477 1541 fallunt.
507 1515 540 1541 Et
556 1518 645 1541 tamen
671 1513 724 1541 hoc
744 1519 847 1542 naturae

48 1565 129 1596 agunt
147 1561 236 1595 speeie
251 1569 304 1587 non
319 1559 465 1588 mentiendi
481 1560 628 1587 voluntate.

84 1604 146 1633 582.
164 1605 235 1632 lnter
251 1603 349 1631 Monile
372 1606 400 1630 et
419 1603 524 1630 munile.
544 1602 642 1630 Monile
665 1602 763 1630 dicitur
788 1603 849 1631 har-

49 1647 117 1687 pago
132 1660 145 1678 a
164 1651 314 1683 monendo,
339 1657 372 1677 eo
396 1649 466 1684 quod
493 1653 601 1676 moneat
627 1648 767 1676 mulierem
788 1657 849 1677 esse

49 1699 99 1726 sub
115 1704 248 1733 potestate
262 1698 329 1730 viri;
345 1696 446 1723 munile
461 1687 631 1723 verodicitur
646 1696 847 1730 vestimentum,

49 1736 231 1775 a'muntendo,
249 1743 289 1770 vel
304 1742 403 1770 munile
417 1741 514 1768 dit-itur
528 1746 715 1769 ornamentum
729 1749 761 1769 ex
775 1750 850 1776 gem-

50 1787 102 1816 mis
122 1789 192 1823 quod
203 1788 273 1816 solet
286 1796 318 1816 ex
331 1788 490 1815 feminarum
504 1786 622 1822 pendere
637 1787 708 1815 collo
721 1795 728 1814 :
745 1787 846 1815 dictum

50 1830 70 1863 a'
81 1842 201 1863 munere.

70 1872 74 1875 ”
343 1878 383 1905 De
396 1878 483 1905 littera
496 1877 529 1905 N.

85 1925 148 1953 585.
164 1925 235 1952 Inter
246 1924 429 1951 Necessitatem
448 1928 474 1950 et
497 1923 717 1950 necessitudinem.
744 1923 844 1951 Neces-

50 1971 115 1998 sitas
130 1970 229 2004 aliquid
254 1970 309 1997 lieri
323 1970 403 2004 cogit,
427 1969 596 1997 necessitudo
620 1961 711 1996 autem
734 1970 845 1997 affectus

50 2020 94 2043 est
109 2015 151 2043 vel
162 2015 295 2042 vincutum
310 2014 523 2050 propinquitatis.

72 2063 150 2090 584.
167 2062 236 2091 lnter
261 2062 336 2090 Ninia
360 2067 388 2090 et
408 2062 492 2090 niltili.
517 2062 586 2090 Nihil
607 2063 764 2091 adverbium
792 2068 844 2097 est,

50 2108 126 2137 nihili
140 2113 228 2136 autem
244 2109 324 2136 ltomo
341 2109 438 2136 nullius
460 2109 599 2136 momenti.

52 2175 109 2204 thio
123 2180 150 2203 et
165 2175 299 2209 Fabricio,
313 2176 338 2202 in
355 2159 520 2210 isidorianis,
532 2184 591 2210 cap.
608 2177 652 2211 53,
667 2186 739 2205 num.
750 2179 778 2205 2.
793 2178 847 2207 Me-

54 2210 110 2239 lissi
125 2218 230 2245 quoque
251 2212 308 2238 sive
323 2211 456 2246 ejusdem,
475 2212 530 2239 sive
542 2212 652 2240 alterius
668 2214 847 2242 meminerunt

52 2245 218 2287 91nalcidius,
232 2245 334 2273 Plinius
347 2251 373 2273 et
386 2246 514 2274 Donatus.
529 2246 640 2275 Correxi
655 2249 682 2274 in
695 2249 781 2275 mariti
799 2257 847 2284 pro

51 2288 79 2308 tn
92 2282 176 2309 matri.
190 2282 275 2309 Anzv.

87 2315 149 2344 575.
166 2316 204 2343 Ex
214 2316 305 2349 Serv„
319 2316 353 2344 ad
369 2317 407 2344 ill.
422 2324 449 2344 vt
467 2317 532 2345 AEn.
550 2317 619 2344 :Tot
641 2319 723 2346 maria
741 2319 845 2348 intravi.

87 2350 150 2378 576.
167 2351 259 2384 Varro,
272 2360 287 2378 a
302 2351 421 2385 colendo,
441 2360 464 2379 tv
478 2353 512 2380 de
528 2353 604 2388 Ling.
619 2353 678 2380 Lat.
725 2355 728 2357 “

89 2385 158 2413 Μία.
175 2386 256 2420 Quaai
277 2387 354 2426 colla.
374 2387 413 2415 lta
437 2387 518 2415 etiam
544 2388 591 2416 lib.
616 2396 660 2415 xtv
680 2389 844 2426 Etymotog„

40 2421 156 2482 “382⁹
168 2422 454 2485 gffbaghagaew.
483 2466 523 2485 res
537 2466 554 2485 a
573 2461 582 2485 t
794 2461 800 2467 '

55 2493 140 2517 mmm
153 2491 204 2518 vol.
308 2477 330 2512 ,⁹
390 2477 397 2485 .
461 2478 468 2491 ,
507 2498 509 2500 q
555 2467 570 2485 ιι
584 2467 623 2486 em
636 2459 743 2494 fallunt,
756 2461 847 2495 quibus

91 2539 126 2545 —
141 2524 160 2552 S
180 2525 240 2560 ecia,
253 2530 306 2555 etc.
321 2525 370 2560 F..
384 2529 479 2564 species
491 2530 568 2556 etiam
582 2529 677 2571 salla-nt
689 2535 728 2558 ut.

57 2633 68 2657 ι
91 2562 699 2658 iiix.“iiittffissitifli‘ffltifiu‘ffie'i'st
719 2601 779 2636 qus.
800 2609 849 2630 a...

56 2637 271 2736 μῖδὲιῗῖῖὲἔᾶεπι
281 2671 361 2723 sensu
370 2649 525 2719 §.gt-ento,
537 2673 566 2698 et
575 2669 693 2699 Scaurus
703 2671 738 2700 de
748 2671 850 2701 ortho-

147 2753 156 2763 .
170 2719 313 2772 agraetius,
327 2739 356 2764 et
366 2734 484 2771 Catium!
497 2738 555 2767 me
567 2712 672 2770 entssln.

91 2768 158 2798 88⁶.
166 2770 211 2799 1¹21
217 2771 593 2822 sarwsenwrexlprapngff
602 2774 671 2818 illud
679 2775 718 2817 ‘xit
727 2776 850 2812 AEnetd‘„
859 2797 863 2801 .

89 2804 167 2833 ιόιω
178 2806 286 2840 πρίω.

90 2836 156 2869 w.
170 2817 597 2880 Breviter-Frontonemexproeott
605 2853 613 2873 ι
621 2844 719 2876 tvnttua
727 2839 819 2878 tss'tn
828 2857 858 2878 re
868 2847 872 2851 '

906 919 971 947 vitio
998 919 1112 946 trahitur
1127 928 1133 945 ε
1159 923 1187 946 ut
1209 919 1298 954 Scipio
1319 918 1471 950 Africanus,
1499 925 1547 952 pro
1574 925 1606 944 eo
1635 917 1709 951 quod

905 966 1023 994 Africam
1037 967 1131 993 vicerit
1144 974 1151 993 z
1168 966 1209 993 vel
1222 965 1350 993 Lentulus
1364 965 1441 997 Sura,
1454 971 1503 999 pro
1515 971 1547 991 co
1559 963 1629 999 quod
1651 971 1707 990 ma-

902 1013 978 1047 jores
1005 1012 1134 1039 habuerat
1158 1020 1246 1040 suras.
1262 1011 1377 1039 Proinde
1403 1018 1500 1038 nomen
1514 1018 1530 1037 a
1544 1009 1709 1045 proprietate

904 1058 988 1091 venit,
1013 1065 1167 1092 praenomen
1190 1066 1205 1084 a
1226 1058 1365 1093 dignitate,
1379 1064 1527 1091 cognomen
1547 1056 1581 1084 ab
1593 1056 1707 1090 origine,

905 1111 1039 1138 agnomen
1055 1111 1123 1132 vero
1134 1112 1148 1131 a
1163 1104 1253 1138 specie
1269 1104 1310 1132 vel
1325 1104 1453 1131 actione.>

941 1150 1003 1178 589.
1028 1151 1100 1178 lnter
1116 1151 1240 1178 Nascitur
1257 1155 1284 1178 et
1304 1151 1445 1178 enascitur.
1470 1149 1613 1181 Nascitur,
1636 1149 1709 1183 quod

903 1197 938 1225 ab
959 1202 1034 1224 utero
1056 1197 1174 1230 decidit3
1191 1197 1337 1227 enascitur.
1349 1196 1419 1231 quod
1434 1203 1468 1222 ex
1482 1200 1563 1228 terra,
1576 1198 1622 1221 aut
1634 1201 1704 1228 aqua

903 1243 1034 1278 exsurgit.

938 1289 1001 1316 590.
1027 1288 1238 1320 InterNautam
1260 1291 1287 1314 ct
1312 1287 1434 1313 navitam.
1458 1286 1553 1313 Navita
1568 1285 1702 1320 poeticum

902 1339 954 1361 est.
970 1334 1034 1360 Nam
1051 1335 1136 1360 dictus
1150 1338 1192 1360 est
1205 1340 1220 1359 a
1231 1336 1322 1364 nauta,
1337 1332 1384 1359 sed
1399 1339 1480 1359 causa
1495 1332 1572 1359 metri
1589 1339 1604 1358 a
1619 1331 1707 1366 poetis

903 1388 954 1407 una
974 1380 1062 1406 littera
1077 1379 1166 1406 addita
1182 1382 1233 1405 est.

938 1427 1000 1453 591.
1019 1426 1091 1453 inter
1108 1425 1179 1452 Num
1203 1430 1229 1453 et
1244 1432 1323 1452 nunc.
1348 1424 1429 1458 Num,
1459 1423 1595 1459 nunquid;
1622 1430 1705 1458 nunc,

902 1473 995 1500 morlo.

935 1518 998 1546 592.
1015 1517 1084 1545 lnter
1101 1517 1141 1544 Ne
1165 1522 1193 1544 et
1220 1525 1270 1544 noe.
1286 1517 1341 1550 Nae,
1359 1517 1382 1544 si
1407 1516 1582 1552 praeponitur,
1609 1515 1707 1543 adver·

862 1566 885 1597 C
900 1564 973 1592 bium
996 1568 1038 1591 est
1060 1569 1092 1599 et
1101 1567 1180 1590 acuto
1195 1568 1305 1590 accentu
1332 1562 1531 1597 pronuntiatur,
1548 1568 1581 1588 ne
1603 1568 1667 1588 vero
1681 1561 1707 1589 si

903 1610 1089 1644 subjungatur,
1104 1609 1257 1644 conjunctio
1271 1613 1322 1642 est,
1338 1613 1366 1635 et
1381 1615 1476 1643 presso
1491 1611 1614 1634 accentu.

940 1656 1002 1682 593.
1033 1656 1105 1683 luter
1119 1655 1203 1691 Nigro
1226 1660 1254 1682 et
1278 1657 1370 1690 miqro.
1386 1655 1467 1690 Nigro
1493 1653 1598 1688 nigrum
1622 1651 1704 1686 facio,

902 1702 988 1737 migro
1002 1702 1149 1728 demutatio
1166 1701 1234 1737 [Al.,
1249 1701 1282 1728 de
1298 1701 1358 1728 loco
1379 1701 1501 1737 mutatio}
1518 1707 1568 1729 est.

938 1747 1000 1775 594.
1018 1747 1089 1775 lntet·
1103 1747 1233 1774 Neutrum
1247 1751 1274 1774 et
1283 1748 1435 1773 neutralem.
1447 1747 1577 1775 Neutrum
1592 1757 1704 1783 nomen,

901 1797 947 1820 aut
962 1800 1120 1828 pronomen,
1148 1792 1190 1820 vel
1216 1793 1407 1827 participium;
1433 1794 1551 1821 neutrale
1564 1790 1631 1822 'vero
1643 1802 1706 1822 ver-

899 1839 962 1866 bum
979 1843 1031 1866 est.
1267 1859 1269 1861 .

934 1884 997 1912 595.
1010 1884 1082 1911 luter
1095 1883 1179 1911 Notus
1197 1887 1225 1910 et
1237 1887 1313 1911 notus
1339 1883 1404 1919 [At.,
1423 1884 1508 1920 notu].
1523 1884 1618 1919 Notus,
1640 1893 1704 1921 cog-

899 1931 981 1963 nitus,
997 1935 1074 1957 notus
1083 1929 1184 1963 judicio
1198 1938 1204 1961 ;
1219 1929 1312 1962 Notus,
1327 1930 1434 1957 Auster.

937 1977 999 2003 596.
1013 1976 1085 2002 luter
1101 1975 1222 2002 Nobilem
1244 1979 1282 2002 et·
1297 1975 1416 2003 nobilem.
1444 1975 1545 2004 Nobilis
1557 1996 1565 2009 ,
1586 1984 1703 2011 genero-

900 2028 966 2052 sus;
983 2019 1089 2052 nobilis,
1115 2024 1194 2046 notus
1209 2019 1346 2047 omuibus.

887 2100 890 2103 ,
937 2065 998 2092 597.
1016 2065 1086 2092 lnter
1103 2065 1218 2092 Nomina
1231 2070 1258 2093 et
1274 2065 1401 2093 Numina.
1418 2066 1532 2095 Nomina
1547 2073 1609 2096 sunt
1621 2076 1703 2098 voea-

902 2111 973 2143 bula.
990 2111 1108 2143 numina,
1123 2115 1251 2144 potestas.

899 2187 977 2214 quam
990 2180 1016 2206 in
1029 2187 1155 2213 persona:
1168 2188 1241 2207 nemo
1254 2181 1281 2207 in
1296 2188 1405 2216 persona
1416 2181 1521 2217 dicitur,
1533 2187 1561 2210 ut
1577 2192 1649 2212 nemo
1660 2185 1706 2213 lto-

900 2224 950 2247 mo,
964 2215 995 2244 F.
1011 2224 1042 2242 ne
1054 2216 1141 2242 homo.

935 2251 996 2277 588.
1014 2251 1138 2278 'restibus
1155 2251 1304 2285 Sosipatro,
1314 2251 1427 2283 Donato.
1437 2253 1575 2287 mommio,
1588 2260 1615 2283 et
1625 2256 1700 2284 aliis:

900 2285 1002 2312 Nomen
1017 2291 1063 2319 est,
1085 2287 1154 2321 quod
1169 2286 1294 2322 oriqinem
1315 2288 1396 2323 gentis
1415 2287 1542 2321 declarat,
1567 2295 1594 2316 ut
1607 2290 1703 2318 Corne-

860 2337 888 2368 Β
900 2322 960 2348 lius.
976 2321 1138 2356 Praenomen,
1155 2322 1222 2356 quod
1238 2323 1333 2349 nomini
1349 2324 1474 2358 gentilitio
1490 2326 1661 2358 praeponitur,
1674 2331 1705 2354 at

901 2356 1021 2384 Publius.
1037 2356 1194 2391 Coonomen,
1204 2358 1273 2392 quod
1281 2359 1426 2385 nominibus
1439 2358 1579 2386 Gentilitit‘s
1593 2361 1702 2395 subjttnss

900 2393 978 2427 gitur,
994 2397 1021 2419 ut
1035 2391 1133 2426 Scipio.
1146 2392 1289 2427 Aqnomen,
1301 2394 1537 2428 quodem-insecus
1547 2394 1611 2421 addi
1625 2396 1702 2429 solet,

901 2428 990 2462 aliqua
1001 2428 1112 2460 ratione,
1128 2429 1166 2454 vet
1179 2433 1268 2454 eventu
1282 2428 1426 2462 quoesitum,
1450 2432 1477 2454 nt
1490 2428 1638 2464 Africanus.
1655 2431 1703 2458 ttic

904 2470 968 2489 vero
993 2463 1023 2490 in
1041 2467 1154 2496 utroque
1170 2462 1352 2495 Manuscripto
1363 2470 1511 2497 cognomen
1527 2463 1702 2500 etag'nomen

901 2498 979 2525 sedes
990 2501 1194 2531 permutat-anu
1221 2498 1378 2524 reduximus
1403 2503 1490 2525 tamen
1510 2498 1654 2534 utrumque
1674 2502 1700 2527 in

902 2541 978 2560 suum
996 2533 1095 2564 locum.
1113 2539 1165 2559 non
1180 2533 1260 2560 modo
1271 2532 1304 2560 iis
1320 2540 1387 2568 quos
1404 2533 1459 2560 dixi
1474 2535 1639 2570 auctoribus,
1651 2537 1700 2563 sed

902 2569 961 2609 ipso
986 2567 1067 2595 etiam
1090 2567 1191 2595 isidoro
1214 2567 1262 2595 lib.
1286 2575 1293 2594 ι
1312 2568 1476 2604 Etymoloss„
1503 2570 1620 2603 eapsde
1646 2569 1703 2598 No-

904 2610 985 2630 mme.
1574 2618 1577 2621 ⁴
1600 2611 1603 2617 ’

938 2637 1002 2665 589.
1024 2637 1062 2666 Ex
1074 2637 1192 2672 Agraetio

937 2673 1001 2701 590.
1017 2672 1103 2707 rest„
1119 2673 1146 2700 itt
1159 2673 1222 2701 dict.
1239 2672 1347 2702 Navita.

938 2708 1002 2736 5¹³6.
1017 2708 1056 2735 Ex
1070 2708 1153 2741 Non„
1166 2708 1229 2738 dict.
1247 2709 1352 2736 Nobile:
1374 2736 1377 2741 ,
1393 2739 1396 2742 ‚
1465 2733 1467 2737 ,

939 2759 973 2764 -
984 2743 1030 2772 Sic
1040 2742 1188 2776 Τίιὶηηίιιες
1202 2744 1355 2779 malefacti·
1367 2743 1542 2780 metatam,
1550 2746 1620 2782 quod
1633 2749 1701 2777 noti-

902 2780 1009 2815 ficarent
1027 2777 1105 2806 Non..
1122 2779 1239 2818 exponit.
1263 2803 1265 2806 ⁴
1289 2792 1292 2796 ·
1432 2799 1434 2803 ψ
1479 2795 1508 2802 ...
1533 2807 1537 2810 ,
1580 2791 1581 2795 ’
1613 2804 1618 2808 .

937 2814 1000 2856 597.
1019 2813 1058 2841 Ex
1079 2810 1169 2849 Serv„
1184 2811 1218 2852 *ad
1229 2813 1300 2856 illud
1313 2812 1404 2854 ωας.
1420 2816 1699 2855 instabili-fetant·

910 2857 1016 2882 numne
1028 2847 1129 2877 Parcae.
1213 2853 1218 2858 “
1250 2858 1254 2863 ’
1291 2862 1294 2865 ·
1387 2857 1395 2879 ’-.
1498 2859 1516 2867 ·’
1545 2856 1547 2858 “
1592 2855 1598 2868 ’·
