1832 3016
102 102 157 134 465

669 99 713 128 DE
731 98 823 127 onTtJ
846 97 891 125 m*
910 97 1014 125 omn]
1037 97 1190 126 PATttmt.

1692 101 1743 128 ΗΕ

106 164 152 192 ιιιιί
167 165 284 199 gentium
303 160 396 190 invidit
407 168 417 194 ς
429 157 529 194 gaudet
547 157 629 186 etiam
653 156 703 184 sub
722 155 828 183 hederae
854 155 895 182 vi-
909 158 933 186 Α
947 154 1066 183 Mortuus
1076 159 1117 184 est
1126 163 1191 190 ergo
1201 155 1601 204 AcltiaS,atquesepultusJuxta
1611 166 1740 196 quereum

105 211 188 239 tentis
203 208 366 239 umbraculo,
387 210 415 234 et
425 205 498 232 dolet
511 204 599 232 subito
609 207 760 231 arescente.
773 202 895 230 Tradunt

105 255 221 288 Hebraei,
233 254 302 282 hune
309 259 369 280 esse
377 250 462 278 viduae
475 250 556 277 lilium
567 257 645 284 quem
659 257 674 276 a
686 249 797 276 mortuis
808 249 893 276 susci-

105 302 168 328 tavit
182 301 261 328 Elias.
275 298 356 332 Cujus
369 297 521 332 sepulcrum
535 296 561 323 in
576 295 691 331 quodam
704 295 810 322 urbium
822 294 893 322 Geth

73 336 77 341 ⁴
103 347 190 374 viculo
203 345 412 376 demonstratur,
427 343 499 378 quod
513 346 556 370 est
569 342 595 369 in
611 341 729 369 secundo
742 341 867 369 milliario
876 349 893 368 a

103 391 240 427 Sephorim
254 388 280 417 in
296 389 390 417 itinere
402 396 455 423 quo
471 389 589 422 pergitur
603 387 783 415 Tiberiadem.

384 433 497 461 CAPUT
517 433 608 461 xLVt.

135 482 178 510 8⁶.
187 480 321 514 Michaeas,
328 480 362 508 de
373 479 443 508 tribu
458 479 573 515 Ephrem
582 479 608 507 in
618 479 745 507 Morastbi
755 485 830 508 ortus
838 484 890 507 est.

98 528 146 557 tite
159 528 285 563 quoniam
301 532 453 562 peccantem
468 526 563 555 Achab
577 527 675 562 satpius
687 526 826 561 urguebat,
840 527 892 554 sub

97 573 186 602 Joram
202 573 257 600 lilio
268 573 326 608 ejus
339 573 372 600 de
387 572 535 608 praecipitio
547 579 645 607 magno
662 572 795 606 proiectus
809 578 891 599 oecu-

96 620 163 648 buit.
180 620 306 655 Sepultus
327 625 368 648 est
389 621 416 647 in
432 623 502 648 terra
526 627 574 647 sua
594 619 670 654 juxta
696 618 888 655 Polyandrum,

94 666 166 701 quod
180 671 219 695 est
233 674 316 702 prope
331 666 418 693 Naim.

326 711 406 749 1¹7⁴.
423 711 535 740 CAPUT
554 711 658 740 xhvtt.

128 757 171 786 87.
183 758 296 790 Nabum.
306 759 339 786 de
351 760 419 787 tribu
430 758 550 792 Simeon,
559 760 585 786 in
597 757 701 786 llelcesi
710 762 782 785 trans
791 757 888 786 Betha-

93 805 143 833 rim
158 810 246 839 natuS,
261 805 350 840 ibique
365 810 495 837 mortuus,
513 811 563 832 suo
575 803 646 839 iacet
659 804 686 831 in
702 803 813 831 tumulo.

361 848 473 877 CAPUT
494 848 608 876 XLthl.

126 893 171 921 88.
187 894 320 927 Hahacuc,
334 894 367 923 de
382 895 451 922 tribu
466 894 585 927 Simeon,
599 894 626 922 in
638 902 702 930 agro
718 894 886 922 Bethsaehar

89 945 164 968 ortus
178 945 233 974 est;
250 940 292 968 hic
305 946 366 968 ante
381 940 514 968 biennium
526 940 701 975 regressionis
712 939 827 967 tiliorum
843 939 883 967 ls-

56 979 58 981 ’
90 986 145 1014 rael
158 986 192 1014 de
206 986 369 1021 captivitate,
384 986 410 1015 itt
423 994 486 1021 agro
498 985 632 1018 Sabaritlt,
645 986 690 1021 qui
705 990 745 1013 est
760 985 786 1013 in
799 985 883 1019 Ceila,

89 1039 105 1059 ι
119 1031 171 1059 vita
185 1031 310 1060 decessit.

371 1077 484 1106 CAPUT
505 1077 600 1105 xux.

126 1123 169 1151 89.
178 1123 338 1158 Sophonias,
349 1122 460 1150 detribu
468 1122 587 1155 Simeon,
597 1122 667 1150 filius
674 1121 767 1156 chusi,
781 1122 807 1150 in
818 1130 883 1158 agro

89 1168 220 1196 Sarabatb
234 1171 324 1202 ortus,
341 1173 367 1195 et
389 1168 503 1203 gloriosa
527 1168 656 1202 majorum
673 1175 781 1196 suornm
797 1169 881 1203 stirpe

89 1216 253 1250 progenitus,
268 1214 448 1249 prophetavit,
459 1219 631 1250 mortuusque
642 1219 683 1244 est
696 1219 776 1251 atque
789 1217 880 1251 sepul-

91 1265 133 1287 tus
147 1260 173 1287 in
190 1267 252 1295 agro
267 1266 325 1287 suo.

408 1304 520 1332 CAPUT
534 1305 565 1332 t..

116 1351 286 1386 90.Aggaeus,
295 1355 370 1378 natus
377 1351 403 1378 in
411 1351 564 1386 Babylonia,
569 1351 726 1387 juvenculus
732 1352 878 1380 Jerusalem

85 1398 168 1427 venit.
180 1397 381 1425 aedificationem
394 1398 484 1432 templi
495 1405 527 1426 ex
543 1402 616 1432 parte
630 1398 745 1433 aspexit,
758 1405 789 1425 :tc
801 1398 876 1432 juxta

85 1444 251 1472 sacerdotum
266 1449 437 1478 monumenta
459 1445 573 1479 gloriose
589 1445 708 1480 sepultus
723 1445 875 1482 requiescit.

387 1500 500 1528 CAPUT
521 1500 566 1529 Lt.

119 1546 162 1575 91.
178 1547 322 1575 Zacharias
333 1547 366 1575 de
381 1548 489 1581 regione
504 1549 691 1577 Chaldaeorum
703 1551 779 1578 vaide
792 1558 875 1579 senex
888 1542 913 1574 c

84 1591 110 1620 in
122 1598 218 1620 terram
230 1601 303 1620 suam
316 1601 438 1621 reversus
452 1600 502 1628 est,
519 1596 544 1622 in
559 1603 609 1630 qna
619 1601 646 1623 et
658 1602 779 1626 mortuus
789 1600 830 1627 est
844 1606 876 1626 ac

83 1639 201 1675 sepultus
212 1640 285 1675 jutta
301 1641 437 1675 Aggaenm‚
453 1642 564 1676 quiescit
581 1643 606 1670 in
622 1650 697 1678 pace.

386 1686 498 1715 CAPUT
519 1688 571 1716 hit.

120 1731 163 1759 9Ξ.
172 1731 311 1760 Malachias
321 1738 378 1767 post
386 1735 566 1769 egressionem
578 1736 678 1771 populi,
691 1737 716 1764 in
724 1736 822 1772 Sophia
832 1743 874 1767 est

83 1777 186 1812 genitus
198 1787 206 1811 3
220 1779 258 1807 vir
269 1779 356 1814 justus
369 1785 396 1808 et
415 1786 524 1815 aspectu
544 1781 667 1814 decorus,
683 1791 762 1818 quem
787 1784 873 1812 Judaei

84 1822 248 1857 Malachiam.
264 1825 289 1852 id
304 1830 345 1853 est
359 1826 481 1861 angelum
498 1827 601 1855 Domini
618 1828 678 1856 ideo
693 1835 816 1857 asserunt
827 1838 873 1858 vo-

82 1871 204 1905 citatum,
220 1873 281 1908 quia
296 1881 459 1909 quaecunque
477 1875 654 1909 praedicebat,
683 1877 759 1912 175
781 1878 872 1905 conte-

82 1918 157 1951 stim.
177 1918 272 1953 angelo
289 1918 323 1946 de
337 1919 413 1947 coelis
432 1920 553 1948 veniente
572 1922 806 1950 confirmabantur.
824 1923 872 1951 llic

83 1969 170 1991 autem
180 1963 323 1993 admodum
336 1965 440 2000 juvenis
455 1967 577 2002 moritur,
593 1971 672 2004 atque
686 1968 714 1996 in
728 1975 792 2003 agro
807 1976 870 2004 pro-

82 2009 140 2045 prio
149 2010 285 2045 sepelitur.

379 2056 491 2086 CAPUT
507 2058 570 2086 Llll.

116 2101 160 2130 93.
168 2101 271 2130 Nathan
284 2102 423 2138 propheta,
441 2111 475 2131 ex
486 2103 651 2137 Gabaonitis,
668 2103 712 2139 qui
726 2104 807 2132 David
827 2112 871 2133 re-

78 2156 139 2184 gem
151 2150 236 2184 legem
248 2149 294 2176 Dei
303 2149 402 2181 docuit,
408 2155 434 2177 et
441 2154 577 2185 peccatum
586 2150 656 2185 quod
667 2154 738 2179 esset
750 2150 776 2178 in
786 2150 868 2179 Betit-

79 2196 159 2224 sabee
170 2195 359 2231 praevaricatus
374 2196 562 2224 manifestavit.
574 2196 623 2224 llic
635 2197 715 2224 etiam
728 2197 799 2230 quod
814 2204 867 2225 non

946 202 974 229 in
988 201 1054 230 Silo.

1250 250 1364 279 CAPUT
1379 251 1435 279 LV.

980 295 1026 323 95.
1037 295 1114 323 Addo
1122 296 1149 324 in
1158 296 1278 324 Samaria
1290 297 1357 333 [At.
1367 297 1446 325 Sama
1454 297 1592 334 Samariae]
1604 303 1679 327 natus
1687 304 1738 328 est.

946 341 994 368 llic
1002 345 1043 368 est
1052 342 1097 376 qui
1108 341 1142 369 ad
1152 342 1294 370 Jeroboam
1309 343 1491 371 immolantem
1504 344 1615 372 vitulum
1627 346 1738 379 missus,

944 385 972 412 iu
979 393 1103 413 sermone
1114 386 1219 414 Domini
1229 388 1311 421 venit,
1324 395 1438 422 eumque
1445 388 1533 423 arguit
1544 389 1738 421 immolantem.

943 430 1022 459 llunc
1035 430 1069 457 ad
1085 432 1191 465 propria
1212 437 1391 461 revertentem
1407 439 1516 469 propter
1531 436 1738 465 inobedientiam

943 475 987 504 leo
1002 476 1028 504 in
1044 477 1085 503 via
1098 478 1294 512 strangulavit,
1310 479 1498 514 sepultumque
1514 485 1585 509 tenet
1602 481 1695 510 Betltel
1710 489 1739 512 et

944 522 1101 557 prophetam
1115 522 1188 551 illum
1200 524 1244 559 qni
1259 531 1320 552 eum
1337 525 1476 560 fefellerat.

1235 581 1348 610 CAPUT
1366 582 1434 610 Lvt.

979 626 1023 654 96.
1041 627 1153 654 Azarias
1171 628 1197 655 in
1214 632 1284 656 terra
1305 629 1389 657 oritur
1413 628 1540 664 Sabatha,
1564 636 1738 673 mortuusque

942 677 985 701 est
995 681 1027 702 ae
1036 675 1156 710 sepultus
1165 674 1192 703 in
1204 675 1290 711 agello
1303 683 1363 704 suo.

1231 722 1346 753 CAPUT
1366 723 1445 752 Lvll.

977 767 1022 795 97.
1030 767 1172 796 Zacharias
1180 769 1309 804 propbeta
1318 774 1397 806 atque
1407 773 1542 806 sacerdos,
1553 773 1622 801 lilius
1632 774 1736 802 Joladae

940 815 1099 849 sacerdotis,
1118 816 1197 854 176
1210 816 1254 851 qui
1268 821 1295 844 et
1309 817 1450 846 Baracltlas
1464 819 1666 854 cognominatus
1683 828 1734 854 est,

899 854 925 884 Β
937 870 1015 898 quem
1023 868 1198 898 congregatus
1205 864 1230 891 iu
1237 865 1305 892 atrio
1313 864 1408 893 domus
1415 865 1519 893 Domini
1528 867 1650 902 populus,
1659 867 1687 903 jn
1693 875 1704 898 x
1710 872 1735 893 tn

938 910 1001 938 Joas
1016 910 1088 945 regis
1101 910 1252 946 imperium,
1270 912 1360 940 missis
1376 913 1402 941 in
1415 920 1476 940 eum
1491 913 1623 948 lapidibus
1634 914 1735 941 exstin-

941 957 992 985 xit.
1007 956 1083 986 llunc
1097 957 1263 986 sublevatum
1286 959 1414 987 continuo
1428 960 1580 989 sacerdotes
1595 961 1671 996 juxta
1686 968 1732 997 pa-

937 1008 1005 1031 trem
1021 1010 1100 1031 suum
1115 1004 1279 1038 sepelierunt
1293 1006 1318 1033 in
1332 1005 1491 1035 Jerusalem.

1223 1061 1337 1090 CAPUT
1357 1063 1447 1092 Lvttt.

971 1108 1015 1135 98.
1026 1108 1123 1136 Tobias
1133 1108 1202 1136 lilius
1210 1110 1334 1143 Ananiel,
1343 1118 1374 1137 ex
1385 1111 1455 1138 tribu
1469 1110 1638 1146 Nephtltalim
1649 1112 1682 1140 de
1691 1113 1732 1141 ci-

934 1154 1015 1183 vitate
1030 1155 1118 1187 Cibel,
1131 1163 1190 1190 quae
1203 1160 1244 1184 est
1254 1157 1280 1184 in
1291 1157 1400 1192 regione
1413 1156 1540 1185 Galilaete.
1550 1157 1598 1186 llic
1607 1158 1730 1193 captivus

934 1202 1030 1229 ductus
1045 1206 1086 1229 est
1099 1210 1113 1230 a
1127 1202 1297 1230 salmanasar
1312 1210 1375 1238 rege
1388 1203 1559 1238 Assyriorum
1575 1204 1600 1231 in
1622 1203 1727 1231 Ninive.

933 1248 982 1275 Vir
996 1249 1022 1276 in
1038 1249 1133 1277 timore
1148 1249 1194 1277 Dei
1213 1257 1351 1283 summus,
1369 1250 1394 1277 in
1410 1257 1491 1284 opere
1513 1251 1685 1286 magnificus,
1702 1252 1730 1280 in

933 1295 1117 1323 misericordia
1127 1296 1268 1331 gloriosus.
1282 1297 1308 1324 in
1319 1297 1504 1332 exsequiarum
1517 1298 1589 1326 curis
1597 1298 1709 1327 devotus
1720 1309 1727 1333 ;

931 1341 976 1374 qui
992 1341 1056 1368 dum
1070 1345 1190 1369 mortuos
1203 1342 1341 1376 sepeliret,
1356 1347 1383 1370 et
1397 1343 1490 1378 inopes
1502 1350 1634 1379 pasceret,
1651 1347 1729 1373 emei-

932 1390 986 1413 tate
1001 1387 1101 1415 lumine
1115 1388 1209 1421 caruit,
1226 1393 1253 1416 et
1270 1394 1330 1424 post
1342 1389 1466 1418 tenebras
1488 1392 1613 1419 reseratis
1629 1393 1725 1427 oeulis,

929 1432 1021 1461 lumen
1036 1434 1164 1461 claritatis
1179 1435 1334 1469 promeruit.
1357 1435 1432 1464 Jacet
1447 1437 1475 1465 in
1498 1436 1593 1466 Ninive
1617 1438 1726 1469 civitate

927 1479 1047 1515 sepultus
1060 1480 1087 1509 in
1103 1488 1178 1516 paee.

1225 1527 1338 1556 CAPUT
1357 1528 1425 1556 le.

965 1582 1010 1610 99.
1019 1582 1086 1611 Tres
1097 1584 1219 1618 pueri‚ex
1229 1584 1312 1619 stirpe
1320 1585 1390 1619 regia
1402 1585 1478 1620 clari,
1488 1588 1617 1615 memoria
1623 1588 1723 1623 glorio-

929 1628 963 1661 si,
975 1628 1084 1656 scientia
1095 1629 1202 1661 eruditi,
1220 1629 1271 1657 lide
1283 1637 1370 1664 pareS,
1386 1630 1527 1659 devotione
1543 1633 1664 1668 stabiles,
1680 1636 1706 1662 in
1721 1654 1725 1658 -

928 1674 1046 1709 corrupti
1058 1676 1269 1710 corpore,sobrii
1284 1681 1385 1710 mente,
1395 1677 1500 1712 judices
1511 1680 1719 1715 provinciarum,

927 1723 954 1747 et
966 1720 1104 1754 regionum
1121 1721 1265 1756 principes,
1281 1727 1451 1757 paternarum
1467 1733 1572 1761 quoque
1587 1735 1720 1756 memores

926 1764 1026 1800 legum,
1041 1770 1069 1793 et
1082 1772 1098 1792 a
1109 1765 1175 1793 cibis
1187 1766 1325 1801 gentilium
1340 1769 1381 1795 vel
1396 1768 1536 1798 immolatis
1553 1779 1720 1808 nequaquam

926 1811 1031 1846 polluti,
1047 1811 1224 1846 leguminibus
1239 1812 1320 1840 vitam
1335 1813 1462 1849 degentes
1477 1820 1504 1843 et
1517 1816 1645 1846 oleribus.

952 1858 1014 1886 ¹00.
1022 1858 1054 1885 lli
1062 1858 1150 1892 vigore
1159 1858 1264 1886 virtutis
1270 1864 1621 1896 contempseruntmortem,
1630 1864 1718 1893 idolo-

924 1911 983 1931 rum
998 1912 1051 1931 non
1063 1904 1243 1932 adoraverunt
1254 1906 1344 1939 ritum,
1359 1915 1448 1942 regem
1459 1910 1636 1938 saevissimum
1656 1912 1718 1939 [idei

925 1949 1022 1976 virtute
1045 1950 1176 1983 vicerunt,
1192 1950 1375 1979 restinxerunt
1388 1959 1495 1988 quoque
1521 1955 1618 1982 camini
1640 1956 1718 1984 ssant-

924 1996 1021 2022 mantis
1040 1995 1173 2028 incendia,
1196 2002 1223 2023 et
1237 1997 1307 2024 inter
1328 1998 1476 2026 horrendas
1496 2000 1581 2030 spissa
1605 2001 1716 2037 caligine

925 2042 1044 2069 flammas
1059 2042 1187 2077 hymnum
1203 2044 1302 2078 apertis
1321 2044 1429 2072 vocibus
1442 2045 1608 2075 cecinerunt.
1623 2047 1716 2079 Jacent

923 2087 951 2116 in
965 2089 1110 2125 Babylonia
1124 2091 1224 2125 pariter
1246 2091 1296 2119 sub
1319 2100 1371 2120 uno
1394 2100 1475 2128 specu
1495 2094 1588 2129 positi,
1605 2099 1632 2122 et
1654 2103 1714 2123 cum

923 2142 1018 2171 magna
1029 2136 1200 2164 veneratione
1214 2138 1322 2171 sepulti.

1217 2193 1331 2222 CAPUT
1351 2194 1408 2222 Lx.

81 2240 224 2268 :edificaret
237 2241 319 2269 David
334 2241 446 2270 Domino
462 2242 587 2278 templum
604 2242 735 2277 praedixit.
752 2242 799 2270 llic
813 2243 868 2271 Sa·
881 2236 907 2267 1)
957 2237 1259 2267 ¹⁰¹·ss5d1'2582001'd05
1271 2239 1327 2273 ⁰03»
1337 2241 1381 2275 ¹1⁰5
1390 2241 1546 2277 ‘’Plerisque
1557 2242 1711 2276 Mammas,

80 2287 214 2316 iomanem
227 2295 338 2322 ungens,
354 2289 379 2316 in
391 2288 536 2324 principem
547 2289 726 2317 consecravit.
737 2289 808 2318 Obiit
820 2297 868 2317 au-

80 2335 132 2360 tem
141 2339 226 2362 senex
236 2333 264 2361 in
276 2337 345 2361 terra
355 2340 414 2368 sua,
423 2334 594 2370 sepultusque
604 2337 646 2363 est
656 2341 716 2362 cum
728 2334 866 2370 dignitate.

369 2380 482 2409 CAPUT
500 2380 567 2408 le.

114 2425 158 2454 96.
172 2426 269 2455 Aetna·
278 2426 404 2455 Silonites
415 2426 448 2454 de
458 2426 565 2455 civitate
578 2426 636 2454 ttett
650 2426 808 2461 sacerdotis,
819 2426 863 2455 ubi

80 2470 192 2506 primum
202 2471 399 2500 tabernaculum
412 2475 439 2500 ot
453 2479 514 2500 arca
524 2472 571 2500 Dei
582 2475 650 2506 erat,
661 2471 794 2500 Salomoni
808 2471 864 2507 regi

81 2517 212 2553 prodixit,
227 2518 298 2554 quod
312 2525 360 2555 per
373 2517 500 2547 mulieres
512 2519 631 2555 ‘entium
644 2526 660 2546 a
674 2518 808 2547 mandatis
817 2519 864 2548 Dei

79 2563 237 2598 declinaret,
251 2568 280 2592 et
290 2564 447 2594 divisionem
461 2565 553 2602 populi
566 2565 594 2594 in
608 2565 683 2602 prole
702 2573 757 2595 non
770 2566 862 2595 tacuit.

112 2660 158 2688 87.
173 2657 322 2686 Dorotheus
335 2665 343 2685 ι
357 2658 393 2686 ΕΙ
405 2660 433 2686 tit
446 2662 513 2687 terre
521 2667 568 2688 etta
576 2660 702 2695 upum.
716 2660 802 2688 Aesv.

112 2694 158 2723 91.
173 2693 230 2722 iloe
242 2696 322 2727 caput
335 2691 412 2720 deest
427 2693 455 2723 iu
467 2693 537 2722 aliie.
551 2693 629 2727 Vide,
643 2695 723 2728 infra.
736 2703 794 2730 ap.
811 2694 856 2723 97.

113 2729 158 2757 95.
175 2728 306 2763 Propheta
331 2735 345 2754 a
371 2726 449 2756 leone
471 2729 668 2764 atu-getam,
695 2730 730 2758 de
754 2739 808 2766 quo
829 2738 858 2758 m

44 2787 47 2791 .
77 2765 143 2801 neg.
159 2771 249 2797 xttt,·a
264 2762 397 2791 Dorotbco
410 2766 519 2790 voe-tur
527 2761 623 2797 'naun
638 2764 665 2792 in
685 2763 860 2795 Constitutio-

78 2801 156 2829 nihus
169 2797 338 2834 Apmtntieis,
349 2798 396 2826 lib.
412 2804 448 2832 ιν,
463 2804 524 2832 etp.
538 2797 573 2832 8,
593 2797 720 2832 Antoniae.
735 2807 814 2837 quem
825 2801 859 2829 ad

79 2836 167 2867 tectim
182 2833 312 2864 viden-tus
330 2832 488 2862 cotelerius.
504 2832 556 2862 Alii
715 2841 777 2864 eun
797 2843 860 2872 pro-

918 2283 946 2312 id
957 2289 998 2312 est
1011 2285 1122 2320 angelus
1137 2285 1183 2313 Dei
1200 2290 1320 2314 vocatur.
1331 2286 1378 2314 llic
1388 2294 1473 2315 sacrae
1484 2288 1599 2322 scriptor
1610 2290 1712 2316 exstitit

916 2331 1036 2360 ltistoriae
1046 2352 1054 2365 ,
1070 2337 1150 2366 atque
1163 2333 1231 2360 alter
1246 2333 1314 2360 lator
1328 2333 1395 2368 legis
1411 2333 1615 2369 postMoysem,
1631 2342 1709 2363 nam—

916 2387 967 2415 que
990 2384 1051 2415 post
1064 2380 1246 2415 captivitatem
1267 2380 1353 2415 legem
1377 2381 1512 2407 incensam
1535 2387 1569 2407 ex
1584 2382 1710 2415 gentibus

915 2426 1054 2455 renovavit
1066 2447 1074 2459 ,
1111 2425 1353 2460 nehmicarumque
1388 2426 1537 2454 litterarum
1573 2427 1708 2457 elementa

918 2471 994 2508 17⁷
1007 2471 1117 2499 invenit.
1131 2470 1180 2498 llic
1192 2471 1303 2499 reduxit
1320 2470 1412 2504 lsrael,
1427 2475 1455 2499 et
1469 2472 1632 2501 reaedificare
1643 2474 1708 2504 fecit

915 2517 1074 2546 Jerusalem.
1091 2517 1209 2545 Mortuus
1221 2521 1263 2545 est
1273 2522 1363 2546 autem
1373 2525 1405 2546 ac
1420 2518 1541 2555 sepultus
1550 2526 1612 2548 eum
1624 2519 1706 2555 patri-

915 2563 966 2593 bus
979 2564 1036 2593 suis
1049 2563 1174 2592 humatus
1187 2563 1215 2592 iu
1230 2563 1392 2593 Jerusalem.

929 2658 1018 2687 hetam
1042 2657 1189 2693 appellant,
1215 2656 1261 2685 alii
1281 2656 1415 2685 Jeamum.
1439 2655 1563 2686 Nonnulli
1587 2658 1700 2690 Aebiatn

910 2666 993 2722 fuisse
1006 2694 1186 2727 suspicantur.
1201 2691 1258 2720 Non
1273 2691 1351 2720 tacite
1365 2696 1417 2726 est,
1431 2699 1480 2720 nee
1491 2692 1585 2727 rel'ert,
1604 2698 1699 2725 verum

910 2736 1008 2758 nomen
1021 2728 1116 2756 investi
1135 2734 1192 2754 are.
1205 2727 1292 2755 Annv.

946 2763 1009 2792 ¹0¹.
1019 2763 1115 2791 Nonnn
1127 2763 1168 2790 tos
1180 2761 1351 2790 existimasse
1365 2761 1522 2791 Malachiam
1543 2763 1625 2793 tutuo
1647 2765 1699 2794 Es-

911 2800 998 2831 dram,
1013 2798 1109 2833 legitur
1123 2797 1206 2826 etiam
1219 2797 1247 2825 iu
1261 2797 1413 2833 Prooemiis,
1427 2798 1471 2829 ttbi
1491 2799 1614 2836 quodam
1636 2797 1697 2832 tta-

911 2835 986 2864 riatta
998 2834 1147 2863 aeneum.
1161 2833 1247 2862 Αιιν.

1763 714 1779 748 ²?
