1832 3016
44 138 52 165 ι
73 129 144 178 ,1169

73 185 202 220 agnoscit.
222 187 272 220 Qui
294 188 320 215 in
335 189 466 225 principio
486 192 636 221 haereditari
650 195 752 231 [Forte.
771 197 855 226 liacre-

73 220 168 256 ditare]
182 222 316 255 festinant,
336 228 436 252 sortem
463 226 514 253 sibi
531 229 558 254 in
582 230 724 258 novissima
746 233 855 261 benedi-

72 255 168 284 ctioiiis
181 261 330 290 amputant.
345 259 407 292 qtiia
429 260 492 287 dnm
516 270 564 296 per
578 265 696 291 avaritia:
711 268 854 300 nequitiam

73 289 116 318 bie
130 291 298 323 multiplicari
312 299 450 327 appetunt,
465 296 519 323 illic
530 298 563 324 ab
575 303 677 326 aeterno
693 304 854 334 patrimonio

72 325 227 353 exhaeredes
247 328 322 355 liunt.
344 329 480 364 Cupiditas
498 333 654 368 plerumque
675 336 786 363 latenter
802 339 855 364 ori-

71 361 153 388 turin
177 366 277 393 mente.
302 364 348 390 sed
364 366 523 399 punctiones
547 375 714 401 peccatorum
736 373 853 399 omnium

71 400 192 430 patenter
205 398 328 431 producit
344 399 370 425 in
393 408 485 434 opere,
500 409 565 436 quas
588 404 709 431 videlicet
732 408 854 439 punctio-

70 437 118 458 nes
132 431 166 458 ab
179 432 228 459 bac
247 433 337 460 radice
351 440 490 469 surgentes
501 439 590 465 statim
607 440 765 472 praedicator
779 448 855 475 egre-

69 466 128 501 gius
143 467 268 501 insinuat,
285 469 392 496 dicens:
412 471 495 503 Quam
509 473 613 507 quidam
626 480 770 509 appetentes
781 483 851 502 erra-

69 506 158 528 verunt
172 510 187 528 tt
198 502 258 536 fide,
272 508 295 530 et
308 505 467 532 inseruerunt
482 515 507 534 se
521 508 651 535 doloribus
668 510 764 536 multis.

105 535 169 564 Car.
194 545 257 565 xxii.
281 538 321 565 De
334 540 476 568 iracundia.
491 557 526 562 —
542 543 567 570 1.
588 544 655 570 Dum
679 546 854 578 tranquillita-

71 574 122 598 tem
146 574 242 599 mentis
263 575 421 610 plerumque
444 577 482 604 ira
508 577 672 611 diverberat,
698 580 850 607 dilaniatam

70 606 184 640 quodam
197 609 286 641 modo,
303 611 469 646 scissamque
487 614 635 647 perturbat,
652 619 680 641 ut
695 615 853 649 sibimetipsi

70 649 121 668 tion
136 649 274 677 congruat,
301 651 332 671 ac
345 647 398 672 vim
416 647 516 675 intimae
531 649 713 676 similitudinis
736 652 850 677 amittat.

68 675 120 703 Per
132 678 196 704 iram
213 680 342 712 sapientia
359 682 489 714 perditur,
507 689 534 710 ut
548 684 622 718 quid,
640 693 744 718 quoque
759 686 853 714 ordine

67 713 198 745 agendum
210 714 255 747 sit,
275 717 384 742 omnino
400 719 542 745 nesciatur.
564 719 639 746 Sicut
650 721 777 752 scriptum
790 726 850 747 est:

66 745 113 773 Ira
130 748 156 774 in
176 749 234 775 sinu
256 750 325 777 stulti
341 753 471 786 requiescit
485 754 582 788 (eccle.
599 762 646 786 vii,
666 756 719 789 ¹0),
736 757 796 789 quia
814 758 851 782 ni-

65 783 162 809 mirutn
183 783 365 819 intelligentiae
389 789 476 814 lutneii
500 790 643 821 subtrabit,
660 798 719 816 cuin
735 796 851 818 mentem

66 820 247 851 permovendo
262 821 411 850 coiil‘iindit.
425 823 476 850 Per
491 825 557 851 iram
571 826 623 851 vita
645 826 785 857 amittitur,
800 828 850 852 etsi

65 853 198 886 sapienter
224 856 307 882 teneri
325 858 456 889 videatur,
480 860 549 886 sicut
573 860 701 892 scriptum
729 866 770 886 est
787 861 850 888 :Ira
869 870 889 898 B

65 889 238 922 perdeletiam
252 892 387 925 prudentes
403 892 537 926 (Proverb.
557 903 599 927 xv,
619 895 655 929 i).
669 895 734 927 Quia
750 897 852 923 scilicet

64 924 190 950 confusus
211 927 315 953 aiiiiniis
334 935 499 961 nequaquam
520 930 619 963 explet,
643 931 722 956 eiiam
745 931 766 957 si
790 933 850 964 quid

64 958 213 994 intelligere
231 961 374 994 prudenter
390 963 468 990 valet.
487 964 537 991 Per
560 966 625 991 iram
640 965 742 998 justitia
769 968 851 993 relin-

63 994 161 1027 quitur,
177 995 246 1022 sicut
261 998 389 1030 scriptum
401 1005 440 1025 est
456 1008 462 1024 :
479 999 524 1026 Ira
539 1001 724 1035 virijustitiaiit
741 999 788 1026 Dei
800 1010 849 1028 tion

63 1033 183 1063 operatur
197 1031 265 1063 (lac.
282 1040 301 1063 i,
316 1032 373 1067 ⁵20).
391 1034 457 1066 Quia
473 1034 535 1061 duni
551 1037 704 1068 perturbata
719 1043 794 1063 mens
807 1037 850 1071 ju-

62 1063 160 1091 dicium
186 1073 241 1097 suae
265 1067 376 1095 rationis
400 1075 550 1102 exasperat,
577 1078 657 1097 omne
681 1071 751 1105 quod
778 1072 850 1098 furor

61 1100 180 1132 suggerit
195 1106 296 1128 rectum
320 1109 402 1136 putat.
423 1105 472 1131 Per
486 1105 551 1131 iram
566 1107 650 1138 gratia
666 1108 726 1132 viiie
740 1107 848 1133 socialis

61 1134 202 1170 annuitur,
218 1137 286 1163 sicut
301 1139 481 1171 scriptumest
494 1149 499 1166 ι
517 1140 578 1167 Noli
593 1149 646 1167 esse
660 1141 778 1167 assiduus
792 1150 848 1168 rum

61 1169 163 1196 homine
184 1172 319 1205 iracundo,
349 1183 379 1200 ne
403 1175 485 1202 discas
503 1177 604 1202 semitas
628 1178 692 1211 ejus,
715 1182 737 1203 et
763 1185 848 1204 sumas

62 1205 211 1232 scandalunt
227 1211 319 1235 animm
339 1214 389 1236 111oe
402 1210 537 1243 (Prorerb.
554 1219 622 1242 xxii,
638 1212 672 1237 :l'i
688 1213 764 1245 serp).
781 1214 847 1245 Quia

61 1240 149 1273 quise
163 1248 194 1268 ex
212 1242 326 1270 bumana
342 1245 444 1271 ratione
458 1254 509 1272 non
525 1251 664 1279 temperat,
682 1254 793 1274 neccsse
805 1253 846 1274 est

59 1274 208 1304 bestialiter
232 1278 303 1306 solus
318 1281 389 1307 vivat
413 1280 500 1315 (Titio,
517 1289 551 1313 iv,
571 1282 623 1314 16;
639 1282 728 1316 Greq„
751 1282 845 1309 Moral.

59 1317 86 1343 v,
103 1310 147 1343 45,
164 1320 190 1338 it.
206 1312 259 1344 78).

94 1344 120 1371 2.
143 1346 193 1373 Per
208 1348 274 1374 iram
295 1350 435 1377 concordia
458 1352 599 1385 rumpitur,
625 1353 692 1379 sicut
716 1353 845 1386 scriptum

59 1386 99 1407 est
115 1389 122 1407 :
143 1381 187 1407 Vir
201 1385 328 1411 animosus
344 1386 411 1418 parit
422 1387 503 1418 rixas,
519 1392 541 1413 et
559 1388 596 1413 vir
612 1387 751 1413 iracundus
763 1388 846 1421 effun-

60 1415 98 1442 dit
113 1422 215 1449 peccata
228 1418 363 1452 (Proverb.
381 1429 423 1453 xv,
444 1422 498 1456 18).
516 1422 660 1448 Iracundus
671 1423 769 1455 quippe
786 1430 845 1456 pec-

59 1455 117 1477 cata
144 1452 267 1487 effundit,
293 1456 354 1488 quia
371 1456 450 1482 etiam
473 1457 570 1488 malos,
596 1465 661 1489 quos
688 1458 793 1484 incaute
813 1458 845 1483 ad

60 1486 221 1514 discordiam
239 1495 376 1522 provocat,
393 1491 498 1525 pejores
513 1492 584 1518 facit.
602 1493 650 1519 Per
662 1492 729 1518 irato
743 1492 787 1518 lux
798 1499 845 1519 ve-

59 1521 145 1548 ritatis
160 1524 299 1557 amittitur,
315 1525 385 1553 sicut
403 1527 531 1560 scriptum
550 1532 592 1554 cst
603 1537 609 1554 :
620 1528 668 1554 Sol
680 1535 730 1553 non
745 1528 843 1553 occidat

59 1564 135 1590 super
150 1558 311 1586 iracundiam
322 1566 431 1587 vestram
444 1562 554 1596 (Ephes.
580 1571 615 1595 iv,
627 1562 684 1597 26).
702 1563 767 1595 Quia
783 1570 843 1589 cum

59 1593 142 1618 iiieiiti
163 1594 299 1621 iracundia
322 1596 486 1624 confusionis
511 1598 633 1624 tenebras
656 1599 760 1629 incutit,
785 1598 846 1624 lmic

59 1627 131 1654 neus
145 1628 247 1655 radium
275 1638 330 1657 suae
353 1633 512 1665 cognitionis
539 1633 691 1660 abscondit.
708 1633 759 1659 Pei·
779 1634 845 1659 iram

59 1663 143 1689 sancti
163 1664 279 1697 Spiritus
299 1666 424 1698 splendor
447 1668 607 1700 excluditur,
629 1668 747 1702 utjuxta
771 1673 847 1698 vetu->

59 1699 127 1724 stam
142 1701 341 1728 translationem
357 1703 483 1736 scriptum
495 1709 551 1730 est:
567 1704 650 1737 Super
661 1712 734 1738 quem
747 1703 845 1736 requie—

59 1733 106 1759 scit
121 1735 225 1769 spiritus
247 1744 328 1770 meus,
344 1737 393 1763 nisi
407 1746 481 1773 supet·
498 1739 630 1769 bannilem,
647 1743 670 1764 et
682 1739 843 1778 (sitientum-et

61 1772 205 1796 trementem
218 1778 347 1799 sei-mones
361 1781 428 1800 meos
443 1773 521 1808 (lsai.
544 1782 613 1806 cxvi,
627 1773 677 1808 ΟΞΠ
693 1774 759 1800 Cum
773 1781 844 1800 enim

61 1802 182 1831 humilem
196 1805 307 1839 diceret,
322 1809 435 1841 quietum
450 1810 570 1843 protinus
586 1809 715 1842 adjunxit.
731 1809 758 1835 Si
773 1810 843 1848 euim

60 1838 175 1872 quietem
191 1844 287 1869 mentis
297 1843 530 1875 siibiraliatsuam,
545 1845 628 1871 sancti
640 1844 753 1878 Spiritus
771 1844 844 1870 liabi-

62 1874 188 1902 tationein
203 1877 312 1905 claudit.
333 1878 448 1913 Spiritus
464 1880 549 1906 sancti
569 1886 720 1906 recessione
739 1879 844 1918 animus

59 1915 108 1942 per
129 1910 292 1939 iracundiam
308 1921 406 1940 vacuus
429 1915 461 1940 ad
488 1919 607 1948 apertam
632 1922 692 1941 mox
714 1915 843 1952 insaniam

59 1944 174 1977 ducitur,
191 1951 218 1972 et
232 1954 316 1981 usque
327 1949 360 1975 ad
374 1949 542 1982 superficiem
554 1950 587 1976 ab
603 1950 695 1976 intimo
707 1949 844 1988 cogitatio-

61 1986 123 2006 nuiu
138 1979 312 2009 fundamento
327 1984 488 2017 dissipatum
513 1993 574 2011 nam
589 1985 635 2011 ira:
659 1991 715 2011 suae
729 1983 844 2010 stimulis

63 2021 206 2042 accensum
230 2025 277 2044 cor
304 2019 424 2053 palpitat,
452 2027 549 2053 corpus
576 2020 676 2053 tremit,
704 2020 790 2053 lingua
815 2025 844 2045 se

62 2051 202 2085 praepedit,
219 2052 300 2079 l’acies
316 2054 440 2087 ignescit,
454 2060 645 2087 exasperantur
660 2055 740 2087 oculi,
757 2058 783 2079 et
797 2060 843 2079 ne-

61 2092 192 2119 quaquam
219 2093 446 2122 recognoscuntur
469 2090 549 2116 noti:
571 2091 649 2125 251
666 2097 712 2116 ore
737 2089 842 2122 quidem

63 2119 208 2147 clamorem
224 2121 331 2154 format,
348 2124 394 2149 sed
410 2131 504 2151 sensus
518 2126 579 2159 quid
599 2125 714 2158 loquitur
729 2124 842 2164 ignorat3

96 2155 124 2182 ὅ.
145 2156 172 2182 ln
189 2157 266 2183 nullis
286 2157 375 2192 itaque
396 2160 444 2186 istc
465 2160 611 2193 abreptitiis
636 2163 713 2193 longe
731 2164 782 2190 est,
798 2166 843 2192 qui

60 2191 172 2219 actionis
186 2199 242 2218 suae
257 2193 381 2220 conscius
397 2202 449 2220 itou
462 2200 513 2222 est.
531 2195 677 2228 Aliquando
696 2194 780 2233 lioi'no-
795 2201 842 2233 per

60 2226 222 2254 iracundiam
238 2234 333 2255 manus
346 2236 399 2255 non
413 2230 507 2262 exerit,
534 2229 581 2256 sed
602 2230 628 2256 iit
648 2228 841 2268 maledictionis

60 2261 175 2296 jaculum
199 2262 315 2296 linguam
345 2265 434 2290 vertit.
461 2263 563 2291 Fratris
578 2270 692 2298 namque
708 2264 842 2303 interitum

61 2296 185 2332 precibus
208 2299 338 2332 exposcit,
354 2302 381 2325 et
401 2301 450 2326 boc
467 2300 549 2326 Deum
563 2304 717 2334 perpetrare
744 2302 844 2333 expetit

62 2331 132 2366 quod
146 2331 201 2365 ipse
213 2340 354 2366 perversus
366 2334 446 2361 homo
459 2334 548 2361 facere
558 2334 600 2361 vel
613 2335 716 2366 metuit,
733 2334 771 2360 vel
783 2341 843 2360 eru-

62 2365 163 2399 bescit,
191 2367 270 2402 fitque
294 2372 324 2395 ut
341 2374 404 2396 voto
418 2374 444 2396 et
458 2377 524 2396 voce
545 2369 716 2396 homicidium
738 2373 845 2409 peragat

62 2401 142 2429 etiam
158 2408 218 2429 cum
234 2410 248 2429 a
264 2403 373 2431 laesione
389 2405 502 2439 proximi
522 2404 644 2431 manibus
663 2409 775 2444 cessat..
788 2404 844 2444 Ali-

63 2436 169 2470 quando
188 2437 238 2470 ira,
265 2439 418 2472 perturbato
440 2440 538 2471 animo,
561 2441 635 2473 quasi
651 2447 683 2467 ex
696 2438 795 2473 judicio
807 2446 845 2465 st-

63 2470 174 2499 lentium
189 2473 292 2506 indicit,
306 2478 333 2501 et
345 2475 415 2509 quod
435 2475 505 2502 toras
521 2482 568 2509 pei·
583 2474 700 2509 linguam
723 2482 777 2515 nott
795 2481 843 2500 ex-

63 2507 166 2542 primit,
191 2509 261 2535 intus
284 2509 402 2537 deterius
425 2511 553 2545 ignescit3
578 2515 606 2536 ut
625 2511 707 2537 iratus
734 2515 845 2549 quisque

65 2541 270 2571 collocutionem
294 2551 368 2572 suam
394 2546 520 2580 proximo
539 2545 678 2572 subtrahat
689 2567 697 2579 ,
727 2549 753 2571 ct
780 2544 844 2570 nibil

65 2575 178 2605 dicendo
199 2585 278 2614 quam
301 2580 337 2607 sit
358 2587 467 2607 aversus
486 2580 568 2607 dicat.
596 2579 629 2607 Et
653 2585 844 2613 nonnunquam

39 2618 43 2627 ’
65 2611 164 2640 silentii
183 2614 311 2643 severitas
330 2622 377 2649 per
391 2614 540 2649 disciplinae
553 2614 779 2655 dispensationem
800 2619 845 2648 ge-

36 2647 53 2679 ·2,
65 2645 145 2682 ritur,
159 2648 181 2676 si
193 2653 282 2678 tamen
294 2650 407 2678 sollicite
418 2651 444 2678 in
459 2649 559 2677 intimis
575 2649 745 2690 discretionis
757 2647 844 2689 soi-rna

59 2686 198 2712 servetur.
222 2685 364 2713 Sciendum
379 2689 422 2713 est
439 2685 509 2720 quod
533 2683 683 2724 nonnullos·
695 2690 742 2710 ora
766 2686 845 2710 citius

63 2718 198 2752 modii,
225 2719 329 2749 facilius
343 2721 454 2748 deserit.
471 2718 618 2747 Nonnullos
639 2717 747 2758 quidem
771 2717 846 2758 tarde

65 2756 227 2788 eorummet,
252 2756 299 2784 sed
318 2756 417 2784 diutius
434 2758 515 2783 tenet.
529 2753 691 2787 Plerumque
708 2751 845 2792 iracundia

85 2790 173 2818 fluns!
183 2790 258 2826 ignes
272 2813 280 2826 ,
293 2790 461 2826 gravioribus
477 2789 682 2826 durioribusque
694 2794 748 2814 uon
760 2787 846 2820 dispa-

98 2819 330 2858 '..tccensionem
350 2825 426 2854 tarde
449 2823 606 2864 suscipiunt·
626 2822 674 2850 ⁸⁶⁶
693 2825 783 2862 umet·
799 2827 846 2848 *θ’

165 2861 248 2890 nauel
273 2860 409 2890 difficilius
431 2860 653 2894 exstinguuntur;
679 2859 708 2885 0²
729 2862 794 2891 ¹{¹¹¹⁸
814 2861 846 2884 ¹⁰

501 135 646 166 ᾹΡΡΕΝΙ),
668 139 714 168 lx.
733 154 767 161 —
787 140 1051 177 SENTENTtARuit
1071 150 1171 180 Lmen
1190 153 1232 182 lv.

1626 162 1692 190 ¹¹⁷0

869 201 893 230 A
908 204 1008 231 tardius
1021 206 1046 233 in
1063 210 1233 241 asperitatem
1247 213 1389 246 concitant,
1407 214 1503 242 tui-oris
1522 216 1565 244 atii
1593 217 1692 248 diutius

907 238 996 280 ignem
1005 248 1122 282 seryaiit.
1139 244 1260 284 Plerique
1272 247 1406 276 hominum
1419 250 1502 284 (quod
1513 257 1555 278 est
1565 253 1691 289 nequius>

906 278 933 299 et
953 280 1030 302 citius
1052 279 1196 306 iracundia!
1219 282 1338 310 llammas
1363 286 1507 318 accipiunt,
1534 291 1560 312 et
1585 288 1690 315 tardius

906 307 1059 351 deponunt..
1076 312 1199 341 Nonnulli
1224 325 1286 342 vero
1307 326 1320 343 a
1343 326 1372 345 se
1393 321 1467 347 tarde
1485 322 1643 355 suscipiunt,
1661 328 1690 351 et

906 346 983 383 citius
1008 351 1140 375 amittunt.
1158 350 1184 375 ln
1208 352 1302 383 quibus
1324 353 1446 381 nimirum
1465 360 1576 388 quatuor
1599 358 1687 386 inodis

906 376 1007 409 liquido
1022 380 1105 419 lector
1117 390 1242 415 agnoscet
1253 388 1313 420 quia
1331 392 1356 413 ct
1371 388 1403 414 ail
1424 390 1622 422 tranquillitatis
1638 393 1687 420 bo-

906 417 968 436 num
984 413 1090 442 ultimus
1107 418 1242 451 plusquam
1271 422 1370 452 primus
1390 425 1595 458 appropinquat,
1621 427 1690 455 etin

906 446 976 470 inalo
986 449 1131 476 secundum
1148 454 1242 479 tertius
1257 460 1374 489 superat.

941 479 1007 506 Car.
1020 489 1096 511 xxiii.
1114 485 1230 516 Qualiter
1243 489 1283 514 ira
1295 490 1398 522 reprimi
1418 490 1515 518 debeat.
1527 507 1562 511 —
1576 493 1600 519 1.
1621 494 1690 522 Duo-

905 513 957 554 bus
982 517 1067 543 modis
1088 518 1169 546 fracta
1192 523 1330 553 possidere
1352 525 1467 551 :inimum
1492 526 1530 552 ira
1545 527 1687 556 desuescit.

905 548 1009 576 Primus
1025 552 1122 586 quippe
1133 559 1172 580 est
1188 560 1217 581 nt
1232 564 1305 583 niens
1317 558 1439 590 sollicita,
1456 565 1596 594 antequam
1611 570 1690 595 agere

905 585 1042 616 quodlibet
1057 587 1175 622 incipiat,
1191 598 1284 618 omnes
1299 593 1347 618 sibi
1361 601 1425 626 quas
1441 594 1495 627 pati
1518 600 1604 628 potest
1624 604 1688 624 con—

906 620 1029 647 tumelias
1045 629 1184 657 proponat,
1200 632 1340 659 quatenus,
1364 627 1549 662 Redeinptoris
1569 632 1608 657 sui
1630 639 1692 665 pro-

905 653 950 680 bra
965 657 1092 689 cogitans,
1110 659 1142 685 ad
1159 660 1269 687 adversa
1286 669 1314 688 se
1329 668 1471 696 przeparet,
1489 672 1547 697 qiiae
1563 666 1689 694 nimirum

906 691 1037 718 venientia
1062 698 1136 720 tanto
1151 694 1244 722 fortior
1258 697 1367 731 excipit,
1384 703 1483 731 quanto
1497 707 1526 725 sc
1541 702 1642 727 cautius
1657 709 1689 729 ex

905 727 1071 756 prznscientia
1088 732 1210 756 armavit.
1226 732 1276 763 Qui
1298 732 1463 764 improvidus
1478 735 1511 760 ali
1528 735 1691 764 adversitate

903 760 1125 795 deprehenditur,
1147 766 1222 797 quasi
1238 767 1271 793 ab
1287 768 1363 794 lioste
1387 769 1523 795 dormiens
1547 771 1689 804 invenitur,

903 802 1016 834 euinque
1031 798 1110 824 citius
1123 800 1244 826 inimicus
1257 807 1341 831 necat.
1355 804 1413 837 quia
1429 811 1480 829 iton
1497 811 1689 839 repugnantem

903 831 997 869 acci-pit
1014 832 1065 867 [At.
1084 833 1220 870 pei-l'or:ii].
1236 837 1300 863 Nam
1318 840 1360 870 qui
1381 839 1448 864 mala
1462 840 1626 867 imminentia
1642 849 1691 874 per

905 865 1110 894 sollicitudinem
1133 872 1274 903 praevenit,
1297 873 1388 904 sicque
1411 879 1558 906 pernoctat,
1580 875 1690 903 hostiles

905 899 1026 927 iiicuisiis
1040 904 1114 936 quasi
1132 905 1156 930 in
1174 906 1278 933 insidiis
1294 908 1404 940 vigilans
1418 914 1571 942 exspectan
1588 916 1614 936 et
1629 911 1690 939 inde

902 935 935 960 ad
957 936 1096 964 victoriani
1122 941 1242 968 valenter
1263 943 1419 976 accingitur,
1445 945 1514 969 unde
1538 946 1614 971 valilc
1640 953 1688 972 tie-

902 971 989 996 sci'ens
1011 972 1174 1006 deprehendi
1202 977 1349 1010 putabatur.
1371 979 1488 1005 Solerter
1507 979 1611 1006 animus
1628 986 1689 1008 :inte

902 1006 1014 1032 actionis
1029 1016 1083 1034 sure
1106 1010 1249 1041 primordia
1265 1017 1359 1038 cuncta
1376 1014 1456 1040 debet
1469 1014 1580 1040 adversa
1599 1016 1689 1042 incdi-

902 1041 961 1072 tai·i‚
989 1047 1015 1067 ut
1037 1050 1142 1076 semper
1165 1046 1214 1072 lioc
1237 1047 1372 1081 cogitatis,
1396 1055 1502 1080 semper
1524 1054 1616 1076 contra
1632 1053 1688 1078 liaec

901 1074 1008 1102 thoi-:irc
1032 1080 1164 1111 patientiae
1188 1082 1314 1111 iiiiiiiitus,
1335 1087 1362 1109 et
1376 1084 1502 1116 quidquid
1527 1086 1684 1117 accesserit,

900 1111 1025 1142 providus
1037 1120 1152 1146 superet,
1170 1121 1194 1141 ct
1206 1116 1332 1151 quidquid
1350 1125 1401 1144 nou
1414 1119 1566 1149 accesserit,
1582 1121 1685 1146 lucruiu

901 1150 981 1177 putei.
999 1148 1136 1175 Secundus
1149 1152 1290 1178 servandae
1303 1153 1512 1179 mansuetndinis
1527 1154 1621 1180 modiis
1632 1160 1683 1187 est,

900 1183 928 1206 nt
942 1189 1000 1207 cum
1022 1183 1122 1210 alienus
1144 1193 1270 1213 excessus
1292 1188 1444 1220 aspicimus,
1471 1193 1572 1220 nostra,
1589 1189 1687 1223 quilius

899 1214 924 1240 iii
938 1216 996 1242 aliis
1011 1220 1184 1251 excessimus,
1204 1222 1299 1248 delicta
1315 1223 1460 1256 cogitemus
1478 1222 1563 1257 (Taio,
1583 1232 1618 1256 iv,
1633 1225 1686 1256 t7;

898 1249 987 1286 Greq.,
1006 1252 1100 1279 Mor-iil.
1115 1262 1138 1285 v,
1161 1256 1201 1286 13,
1219 1265 1243 1282 n.
1258 1257 1316 1290 81).

932 1285 959 1312 2.
980 1286 1152 1316 Considerata
1167 1290 1307 1317 inlirmitas
1327 1293 1431 1326 propria
1455 1293 1523 1319 mata
1547 1295 1623 1322 nobis
1637 1302 1687 1322 ex-

897 1326 972 1347 cusat
1000 1323 1095 1350 aliena.
1124 1326 1258 1352 Paitieiitci·
1288 1334 1403 1361 namque
1432 1328 1530 1354 illatam
1560 1330 1686 1363 iujuriam

898 1356 1002 1388 tolerat,
1016 1359 1059 1391 qui
1076 1359 1116 1389 piu
1130 1362 1247 1387 meminit
1260 1362 1328 1395 quod
1348 1362 1462 1389 sortasse
1484 1363 1570 1390 adbuc
1590 1366 1687 1391 babeat

897 1390 922 1416 in
939 1399 991 1424 quo
1004 1393 1100 1419 debeat
1114 1395 1168 1427 ipse
1186 1396 1303 1422 tolerari.
1320 1397 1401 1429 Quasi
1420 1405 1486 1431 aqua
1502 1399 1569 1431 iguis
1586 1400 1687 1426 exstin-

896 1428 993 1458 guitur,
1017 1436 1087 1458 cuin,
1110 1435 1234 1463 surgente
1258 1431 1347 1458 inrorc
1369 1432 1462 1464 animi,
1479 1433 1573 1467 cuique
1587 1441 1635 1460 sua
1652 1435 1686 1461 ad

896 1465 1013 1488 tiicuteiit
1028 1463 1102 1496 culpa
1118 1470 1266 1495 revocatur,
1282 1467 1342 1499 quia
1356 1467 1491 1494 erubescit
1507 1474 1614 1501 peccata
1629 1477 1682 1496 noti

897 1503 1016 1528 parcere,
1039 1499 1082 1532 qui
1106 1500 1146 1524 vel
1174 1500 1228 1526 Deo
1244 1501 1283 1527 vel
1301 1502 1422 1535 proximo
1445 1509 1516 1536 saepe
1537 1511 1566 1530 se
1592 1505 1687 1531 recolit

858 1539 881 1570 C
897 1532 1028 1564 parcenda
1047 1541 1182 1567 peccasse.
1198 1535 1315 1563 Soloi-ter
1329 1537 1466 1563 sciendum
1478 1542 1519 1564 est
1536 1539 1605 1572 quod
1629 1539 1684 1566 alia

897 1571 937 1591 cst
966 1567 1004 1592 ira
1031 1576 1109 1602 quam
1133 1571 1297 1601 impatientia
1324 1572 1431 1603 excitat,
1449 1572 1501 1599 alia
1518 1581 1596 1606 qoam
1611 1574 1686 1601 zelus

897 1600 1003 1628 foi-mat.
1024 1603 1068 1629 llla
1088 1611 1119 1629 ex
1140 1604 1216 1636 vitio,
1244 1605 1300 1632 lizi-c
1316 1613 1349 1632 ex
1364 1606 1461 1633 virtute
1481 1612 1633 1640 generatur.
1656 1609 1686 1636 Si

896 1636 968 1662 nulla
990 1638 1027 1663 ira
1044 1645 1075 1664 ex
1093 1638 1190 1665 vii-tute
1206 1646 1338 1674 surgeret,
1355 1641 1453 1667 divinae
1474 1643 1684 1671 animadversio-

896 1671 936 1697 nis
960 1672 1039 1707 252
1067 1673 1195 1705 impetum
1220 1675 1333 1702 l'liinees
1358 1683 1403 1709 per
1422 1675 1538 1709 gladium
1556 1685 1608 1704 nou
1625 1678 1683 1712 pla-

895 1712 991 1732 casset.
1009 1708 1081 1734 lianc
1104 1708 1182 1741 iram,
1207 1710 1268 1742 quia
1294 1711 1352 1736 Heli
1377 1718 1429 1736 non
1456 1710 1557 1744 habuit,
1582 1718 1683 1740 motum

895 1746 989 1768 contra
1005 1750 1034 1769 se
1050 1743 1254 1777 implacabiliter
1269 1752 1392 1779 supernae
1413 1746 1520 1774 ultionis
1543 1748 1682 1775 excitavit.

895 1775 959 1802 Naiii
977 1785 1029 1810 quo
1053 1785 1146 1805 contra
1168 1780 1332 1806 subditorum
1355 1781 1419 1807 vitia
1432 1782 1526 1814 tepuit,
1542 1790 1574 1808 eo
1589 1787 1682 1809 contra

895 1811 969 1837 illum
982 1813 1021 1839 ira
1035 1813 1147 1840 districti
1161 1816 1253 1840 a‘tcrni
1268 1816 1378 1842 rectoris
1390 1817 1502 1842 exarsit.
1520 1816 1679 1848 Irascimini,

894 1846 981 1879 inquit
995 1848 1144 1879 Psalmista,
1160 1853 1184 1874 et
1200 1850 1277 1876 nolite
1290 1858 1394 1884 peccare
1410 1851 1496 1883 (t’sat.
1509 1859 1545 1884 tv,
1561 1851 1598 1886 5).

930 1882 956 1908 3.
977 1883 1052 1915 Quod
1068 1883 1193 1910 nimirum
1210 1892 1260 1911 nou
1275 1890 1346 1912 recte
1362 1886 1521 1920 intelligunt,
1538 1887 1582 1920 qui
1599 1887 1679 1913 irasci

895 1924 945 1942 nos
959 1918 1036 1943 uobis
1055 1919 1247 1951 tantummodo,
1272 1927 1322 1946 iioii
1346 1922 1426 1947 etiain
1447 1921 1574 1954 proximis
1595 1922 1679 1948 deliu-

894 1953 1038 1985 queiitibus
1056 1954 1156 1979 volunt.
1182 1953 1227 1980 Sic
1246 1955 1316 1982 enim
1335 1955 1468 1990 proximos
1484 1963 1574 1982 amare
1590 1957 1681 1989 pratoi-

895 1986 992 2019 pimur,
1008 1991 1037 2013 ut
1052 1989 1083 2014 iis
1105 1990 1267 2022 errantibus,
1284 1991 1352 2016 sicut
1368 1994 1465 2016 nostris
1480 1991 1562 2022 vitiis,
1581 1991 1679 2017 irasca-

894 2028 963 2048 mur.
992 2021 1065 2049 Unde
1082 2030 1128 2056 pcr
1143 2023 1313 2051 Salomonem
1335 2025 1433 2051 ‹li-:itur
1451 2034 1456 2050 :
1473 2024 1564 2051 Melior
1583 2030 1618 2051 est
1641 2026 1680 2051 i‘ru

894 2064 969 2091 quant
984 2057 1049 2083 risus
1064 2057 1162 2090 (Eccle.
1179 2066 1225 2091 vii,
1242 2060 1281 2093 4),
1303 2061 1363 2092 quia
1381 2067 1428 2093 per
1443 2059 1575 2085 tristitiam
1592 2060 1682 2086 vultus

893 2090 1034 2124 corrigitur
1047 2094 1151 2119 animus
1167 2093 1354 2128 delinquentis.
1371 2095 1442 2121 ldem
1462 2094 1602 2121 Psalinista
1624 2096 1661 2121 ait
1675 2103 1681 2120 z

894 2126 1020 2152 Turbatus
1041 2132 1076 2154 est
1097 2136 1149 2162 proe
1172 2129 1211 2154 ira
1235 2129 1324 2155 oculus
1342 2137 1410 2155 meus
1425 2129 1512 2164 (Psat.
1527 2136 1562 2160 vt,
1579 2129 1618 2163 8).
1640 2129 1681 2155 {ra

894 2163 991 2195 quippe
1003 2169 1049 2195 per
1062 2163 1153 2189 vitiuut
1165 2165 1262 2191 inentis
1276 2164 1380 2190 oculiii‘ii
1394 2168 1520 2190 exerceat.
1539 2164 1577 2189 lra
1591 2169 1679 2190 autem

896 2203 942 2229 pei·
955 2197 1041 2223 zelum
1058 2198 1156 2228 turbat,
1173 2199 1232 2232 quisi
1247 2199 1291 2233 qui
1307 2199 1400 2226 saltem
1416 2198 1584 2225 rectitudinis
1598 2206 1681 2225 :einu-

895 2232 994 2258 latione
1016 2234 1186 2265 concutitur,
1211 2241 1253 2265 ca,
1277 2241 1335 2267 qitzc
1357 2234 1407 2260 uisi
1432 2233 1574 2267 tranquillo
1599 2233 1680 2260 corde

896 2267 993 2300 percipi
1019 2274 1071 2294 non
1092 2272 1189 2302 potest,
1219 2269 1407 2303 contemplatio
1436 2268 1591 2301 dissipatur.
1618 2267 1679 2300 ipsa

895 2302 944 2328 zeli
961 2309 1006 2335 per
1019 2304 1249 2329 mansuetudinem
1266 2308 1336 2330 recta
1354 2302 1489 2329 :emulatio
1506 2307 1605 2328 aeterna
1618 2306 1679 2342 post

895 2337 1031 2370 paululum
1059 2338 1084 2364 iii
1111 2338 1302 2371 tranquillitate
1324 2339 1420 2364 mentis
1444 2336 1551 2363 oculum
1579 2335 1678 2376 largius

895 2371 991 2404 aperit.
1006 2379 1066 2406 quae
1081 2373 1137 2400 liaec
1152 2373 1255 2399 interim
1274 2381 1318 2405 pcr
1333 2372 1535 2398 commotionem
1558 2370 1676 2412 claiidit3

895 2412 922 2433 ct
937 2407 1006 2433 unde
1020 2415 1094 2433 niens
1109 2408 1237 2439 turbatur,
1256 2414 1288 2433 ne
1303 2406 1400 2438 videat,
1423 2406 1483 2432 inde
1506 2407 1622 2439 prolicit,
1647 2410 1679 2433 ut

895 2441 927 2468 ad
946 2441 1087 2468 videntium
1103 2442 1191 2468 verius
1205 2442 1341 2468 clarescat.

930 2476 992 2503 Car.
1007 2483 1078 2502 xxiv.
1103 2475 1140 2501 De
1172 2476 1277 2501 invidia.
1289 2489 1323 2495 —-
1335 2475 1360 2500 t.
1381 2474 1498 2502 lnvidere
1512 2481 1563 2501 non
1580 2480 1676 2508 possu-

895 2518 955 2538 mus
968 2511 1017 2537 itisi
1030 2510 1068 2537 eis
1083 2517 1148 2544 quos
1168 2510 1193 2536 in
1211 2510 1300 2543 aliquo
1319 2510 1441 2536 meliores
1456 2513 1589 2548 putamus.
1607 2508 1675 2550 Par-

895 2546 971 2572 vitlus
984 2551 1047 2578 ergo
1063 2549 1104 2571 est
1119 2543 1164 2578 qui
1178 2544 1273 2570 invidia
1293 2544 1438 2575 occiduum
1454 2551 1515 2583 quia
1530 2544 1586 2584 ipse
1599 2547 1675 2584 test-t-

895 2579 1013 2607 monium
1034 2579 1165 2613 perbibet,
1180 2578 1250 2613 quod
1265 2586 1298 2606 eo
1313 2579 1399 2606 minor
1413 2578 1458 2611 sit,
1473 2585 1548 2612 cujus
1572 2578 1673 2606 ιιινιάιι

896 2618 1042 2648 torquetur.
1067 2613 1196 2640 Parvulus
1210 2615 1308 2647 estqui
1328 2613 1410 2640 livore
1429 2613 1570 2653 occiditur,
1595 2613 1672 2647 quia,

896 2649 947 2675 nisi
967 2648 1076 2675 interior
1093 2648 1230 2680 existeret,
1242 2648 1276 2675 de
1289 2649 1358 2675 bono
1370 2647 1480 2675 alterius
1489 2654 1543 2687 non
1558 2646 1674 2686 doleret.

895 2683 1036 2711 Sciendum
1056 2689 1224 2716 summopere
1246 2686 1288 2710 est
1309 2683 1369 2717 quia
1391 2689 1574 2721 (luamus-per
1593 2688 1677 2710 omne

895 2719 997 2750 vitium,
1013 2718 1082 2752 quod
1099 2721 1274 2752 perpetratur,
1286 2718 1401 2744 bumano
1411 2717 1484 2757 cordi
1498 2724 1571 2744 virus
1584 2715 1677 2744 intun-

895 2753 975 2784 ditur,
987 2753 1013 2780 in
1025 2753 1073 2779 liae
1087 2756 1174 2779 tamen
1189 2753 1304 2787 nequitia
1319 2755 1372 2778 tota
1387 2758 1435 2779 sua
1447 2757 1550 2778 viscera
1560 2757 1676 2792 serpens

895 2788 1022 2819 concutit,
1036 2791 1064 2814 et
1077 2786 1258 2820 itnpriinendae
1274 2786 1381 2814 malitiae
1396 2791 1495 2820 pestem
1511 2790 1621 2820 evomit.
1636 2785 1677 2814 De

895 2829 948 2858 quo
962 2823 1085 2850 iiiitilrttm
1106 2821 1234 2856 scriptum
1249 2826 1290 2848 est
1303 2831 1311 2856 ς
1327 2820 1429 2848 Invidia
1442 2820 1537 2848 aiaton·
1550 2827 1621 2847 titan
1633 2820 1677 2847 iii-

895 2857 970 2885 travit
980 2857 1103 2887 iiiorbem
1119 2859 1244 2887 unarum
1256 2855 1335 2891 (Sap.
1349 2863 1380 2891 u,
1392 2854 1450 2892 ΨΑ).
1466 2852 1532 2883 Nam
1547 2861 1609 2884 cutu
1623 2855 1675 2883 de-
