1832 3016
91 152 143 181 8¹5

584 147 631 177 mi
653 146 928 175 tzcanslASthts
947 149 1094 180 otwinus
1111 148 1177 178 Lm.
1197 148 1231 179 ΙΙ.

1679 146 1732 179 'U

91 206 208 239 curtato,
225 205 261 233 ita
282 210 308 234 et
327 210 420 233 uxore
435 202 492 231 viro
504 201 614 238 (ephes.
627 201 665 238 v).
685 201 762 235 Quod
777 203 879 238 ergoin
893 205 921 234 A
933 204 1110 234 descendenti
1141 202 1196 234 Deo
1232 204 1259 232 in
1294 209 1385 234 monte
1414 204 1541 235 aui-tere
1575 211 1733 254 meruerunt

91 251 196 278 Christo
220 255 247 278 et
272 251 298 279 in
323 248 439 277 Ecclesia
452 269 460 280 ,
477 248 528 276 hoc
552 247 579 275 in
604 247 715 282 singulis
730 248 880 283 quibusque

92 299 154 325 viris
170 303 251 332 atque
270 295 395 324 uxoribus
419 294 615 329 conjunctionis
642 294 823 327 inseparabile
837 302 881 322 sa-

90 347 254 369 cramentum
277 345 327 367 est.
351 338 425 366 Unde
439 343 467 366 ει
479 338 622 373 Apostolus
654 346 662 365 :
681 337 821 374 Praecipio‚
837 339 879 365 in-

90 398 114 421 q.
128 390 157 419 it.
175 396 225 414 mm
237 395 291 421 equ,
307 385 352 412 sed
365 386 499 417 Dominus,
515 393 621 412 uxorem
635 393 651 411 a
662 385 715 411 tn'ro
727 393 779 412 non
791 386 880 412 disce-

89 435 147 461 dere
163 433 189 469 (1
204 432 263 461 Cor.
280 432 340 467 vu).
361 432 487 459 Prohibet
506 431 578 459 enim
599 431 697 458 dimitti
723 439 880 466 quacunque

88 487 119 505 cx
137 485 215 505 causa
229 497 236 508 ‚
252 484 284 504 ue
298 477 359 504 aliis
374 476 552 510 conjungatur
565 477 712 503 secundum
735 482 879 505 consuetu-

88 525 175 549 dinem
191 522 356 555 strumosum,
372 529 451 555 quam
466 522 593 549 Dominus
605 522 751 554 interdixit,
768 523 877 550 dicens:

89 567 241 601 Quicunque
253 566 379 592 diun'serit
391 574 495 592 uxorem
508 574 592 598 auom,
615 571 719 600 excepta
730 566 880 601 fornicatio-

86 611 124 636 nis
136 618 213 637 cauea
225 631 232 643 ,
262 614 284 636 el
309 610 386 636 aliam
400 609 500 636 duxerit
512 630 518 641 ,
531 609 671 637 moecltalur
686 610 793 644 (Manli.
812 609 878 646 xlx).

86 653 178 680 Solum
209 653 251 688 (ut
277 654 315 681 ait
341 654 527 690 Hieronymus)
554 653 714 681 adulterium
731 660 771 681 est
785 677 792 689 ‚
808 655 878 690 quod

87 700 179 726 uxoris
192 701 279 727 vincat
292 699 416 726 affectum
431 719 438 732 ,
463 701 516 726 imo
540 708 599 727 cum
619 700 661 728 illa
679 709 756 727 unum
772 708 878 729 carnem

87 745 113 773 in
129 745 206 772 aliam
221 745 354 776 diviserit,
381 750 408 772 et
432 753 460 772 sc
480 746 655 773 fornicatione
671 746 844 780 separaverit,
864 755 880 774 a

86 793 183 819 marito
199 800 250 819 uon
266 791 346 818 dcbct
369 791 452 818 teneri
466 812 472 823 ‚
488 799 522 818 ne
535 793 619 819 virum
637 799 742 826 quoque
757 792 806 818 sub
824 801 879 819 mn-

86 835 185 865 ledicto
204 835 294 867 iaciat,
311 835 418 863 dicente
430 835 566 870 Scriptura
581 844 586 862 :
613 836 662 868 Qui
677 836 820 863 adulteram
844 841 881 862 te-

934 250 1033 285 (Ezod.
1050 252 1119 287 xlx).

971 297 1015 324 tt.
1029 297 1094 325 ltem
1107 297 1229 325 hortatur
1241 297 1312 325 idem
1325 297 1462 333 apostolus
1472 297 1601 327 mulieres
1611 294 1732 328 subditas

933 350 995 370 esse
1009 343 1075 371 viris
1092 344 1148 371 suis
1164 344 1274 379 (coloss.
1292 343 1351 380 ιιι);
1368 351 1429 371 nam
1445 342 1538 372 multae
1552 353 1614 382 erga
1627 345 1732 382 simpli-

934 389 1021 416 ciores
1036 389 1120 422 viros,
1137 390 1238 418 divitiis
1259 395 1285 417 et
1310 390 1452 418 nobilitate
1465 390 1594 425 perflatae,
1611 388 1655 420 Dei
1672 400 1733 420 seu-

934 435 1026 461 tentiae
1050 442 1103 462 uon
1128 435 1326 469 recordantur,
1351 443 1398 470 per
1421 444 1501 471 quam
1521 436 1650 472 subjectae
1671 444 1734 465 sunt

933 478 997 506 illis.
1015 478 1059 505 Ait
1081 478 1179 513 quippe
1195 478 1324 505 Dominus
1349 479 1382 506 ad
1407 480 1548 507 mulierem
1570 488 1578 507 ι
1598 479 1733 508 Conversio

934 528 979 550 tua
991 523 1024 550 ad
1040 524 1122 550 virum
1137 530 1218 556 tuum,
1245 530 1268 551 et
1288 524 1342 557 ipse
1358 524 1395 551 tui
1416 525 1588 552 dominabitur
1601 525 1675 561 (Gen.
1695 535 1731 558 ιιι,

934 568 993 603 16).
1014 568 1203 596 Ohediendum
1224 574 1264 595 cst
1289 567 1377 604 itaque
1397 578 1480 598 sacrae
1505 569 1648 607 Scripturae
1668 580 1734 605 prm-

934 615 1030 648 ceptis,
1049 619 1075 641 et
1096 614 1270 642 serviendum
1290 615 1346 642 viro
1361 615 1476 650 quadam
1499 617 1628 644 servitute
1649 617 1732 646 libera

935 665 962 687 ct
977 660 1120 688 dilectione
1134 661 1223 695 plena.
1241 661 1346 688 Etenim
1370 669 1420 688 non
1438 666 1479 688 est
1492 667 1598 689 creatus
1613 663 1654 690 vir
1670 671 1732 698 pro-

934 710 994 740 pter
1008 707 1160 741 mulierem,
1185 707 1232 734 sed
1260 708 1356 734 mulier
1372 712 1479 742 propter
1494 709 1599 742 virum;
1621 714 1648 737 et
1673 718 1731 738 cum

934 756 1016 785 caput
1043 752 1161 779 mulieris
1186 754 1226 779 vir
1247 753 1291 786 sit,
1311 758 1390 786 caput
1413 758 1501 780 autem
1525 753 1573 781 viri
1599 754 1731 789 Christus,

936 804 1106 831 quaecunque
1120 804 1187 824 uxor
1203 805 1255 824 non
1271 797 1412 832 subjicitur
1425 798 1493 829 viro.
1513 797 1565 826 hoc
1580 803 1630 832 εει,
1653 800 1733 835 capiti

935 849 994 876 suo,
1011 842 1131 876 ejusdem
1155 843 1276 870 criminis
1296 851 1340 870 rea
1357 848 1410 876 est,
1429 843 1506 878 cujus
1526 849 1553 872 et
1571 845 1620 878 vir,
1642 846 1664 872 si
1680 854 1732 873 non

86 886 138 915 nec,
155 881 249 907 stultus
267 886 292 907 ει
307 881 402 916 impius
413 886 448 907 est
463 880 597 916 (l’roverb.
615 882 701 915 xviii).
723 880 881 916 Ubicunque
898 890 921 919 Β
935 890 1074 924 subjicitur
1089 891 1197 917 Christo
1215 891 1294 925 capiti
1308 898 1367 918 suo.

87 925 168 961 igitur
183 926 325 952 tornicatio
338 930 395 959 est,
412 930 438 953 ει
452 925 634 954 fornicationis
647 927 778 961 suspicio,
796 927 880 955 libere

86 979 152 999 uxor
165 971 317 999 dimittitur.

123 1017 167 1044 12.
189 1017 256 1050 Quid
268 1025 342 1052 ergo,
359 1017 380 1045 si
394 1017 495 1045 sterilis
508 1022 559 1051 est,
576 1018 597 1044 si
610 1017 748 1051 deformis,
765 1020 787 1046 si
803 1024 880 1046 aetate

87 1063 188 1095 vetula,
203 1064 224 1089 si
242 1063 320 1089 leuda
332 1083 340 1096 ‚
362 1063 384 1090 si
400 1064 545 1090 temulenta
556 1084 562 1096 ,
578 1064 599 1090 si
611 1064 749 1096 iracunda,
766 1065 787 1091 si
803 1065 880 1092 malis

85 1108 220 1140 moribus,
246 1109 268 1135 si
296 1109 446 1141 luxuriosa,
468 1109 490 1135 si
507 1108 588 1139 fatua,
605 1110 625 1135 si
643 1111 746 1145 gulosa,
764 1111 786 1137 si
802 1118 879 1144 vaga,

87 1154 109 1181 εἰ
124 1155 256 1189 jurgatrix
283 1160 309 1181 ει
334 1155 480 1181 maledica?
498 1155 610 1182 tenenda
627 1161 665 1182 cst
680 1175 686 1186 ‚
708 1156 788 1191 457
804 1156 879 1190 velis,

87 1201 156 1227 nolis
169 1221 176 1233 ,
202 1205 227 1227 et
254 1200 446 1237 qualiscunque
461 1206 568 1236 accepta
581 1222 588 1234 ,
606 1205 645 1228 est
661 1201 793 1228 habenda.
814 1202 879 1228 Cum

86 1246 158 1273 enim
175 1254 249 1273 esses
266 1246 343 1280 liber,
357 1250 451 1280 sponte
465 1251 490 1273 tc
505 1247 627 1273 servituti
642 1247 788 1280 snlqecisti.
804 1247 880 1273 Curn-

85 1299 138 1325 quc
163 1290 242 1318 habet
266 1291 326 1325 quis
349 1298 459 1318 uxorem
474 1291 514 1326 (ut
532 1291 569 1317 ait
584 1291 738 1318 Lactantius
754 1294 774 1326 ).
792 1300 878 1327 neque

85 1343 206 1367 servam,
222 1342 308 1370 neque
324 1334 436 1362 liberam
452 1335 551 1362 habere
562 1336 670 1370 poterit,
689 1341 718 1362 ut
739 1338 877 1364 matrimo-

84 1382 122 1408 nii
138 1381 215 1408 lidem
231 1385 330 1407 servet.
352 1380 444 1415 Neque
458 1381 530 1408 euim
544 1401 551 1414 ‚
569 1385 597 1408 ut
610 1381 680 1416 juris
696 1382 793 1416 publici
810 1383 877 1410 ratio

85 1430 137 1457 est,
153 1424 210 1451 sola
227 1424 324 1451 mulier
338 1424 457 1451 adultera
474 1430 517 1451 est
532 1432 602 1459 quae,
618 1426 703 1452 virum
719 1426 830 1460 habens,
845 1429 878 1454 ab

84 1469 169 1497 altero
186 1470 322 1505 polluitur,
351 1475 378 1497 et
404 1471 535 1505 maritus,
566 1471 588 1498 si
610 1472 721 1499 alteram
737 1474 844 1507 habeat,
863 1483 878 1502 a

83 1516 198 1544 crimine
213 1516 335 1544 adulterii
353 1517 458 1544 alienus
477 1517 618 1552 habeatur,
642 1518 704 1545 dum
730 1520 818 1547 divina
835 1521 878 1548 lex

969 936 1109 972 45815.
1143 937 1257 963 Verbum
1281 943 1369 965 auti-m
1392 938 1496 965 Domini
1521 939 1731 974 blasphematur,

934 981 975 1008 vel
990 982 1172 1008 conterituitut·
1190 983 1235 1009 Dei
1260 983 1343 1017 prima
1370 985 1514 1017 sententia,
1538 989 1565 1011 et
1586 986 1733 1020 pronihilo

934 1026 1056 1060 ducitur;
1086 1028 1128 1054 vel
1158 1027 1257 1054 Christi
1283 1027 1430 1055 infamatur
1458 1030 1644 1065 Evangeliutn,
1670 1032 1732 1059 dum

934 1077 1028 1098 contra
1053 1073 1139 1108 legem
1161 1073 1295 1107 [idemque
1325 1078 1426 1100 natmae
1449 1082 1479 1101 ea
1503 1083 1562 1109 quae
1584 1076 1732 1104 Christiana

934 1122 986 1149 est,
1001 1122 1072 1145 etex
1089 1118 1132 1145 bei
1148 1118 1206 1153 lege
1222 1118 1354 1152 subjecta,
1381 1127 1499 1153 praeesse
1513 1121 1571 1147 viro
1585 1121 1732 1156 desiderat,

933 1171 993 1190 cum
1009 1164 1089 1191 etiam
1114 1165 1226 1199 gentiles
1247 1165 1353 1192 lomina>
1376 1168 1494 1194 serviant
1507 1167 1572 1195 viris
1588 1169 1645 1195 suis
1660 1177 1731 1196 com-

933 1210 1007 1236 muni
1024 1211 1082 1245 lege
1097 1215 1209 1237 uaturoe.
1225 1211 1354 1239 Servatur
1370 1220 1433 1247 ergo
1450 1214 1491 1240 lex
1507 1219 1618 1245 naturae.
1634 1215 1658 1243 si
1674 1224 1732 1243 mu-

932 1255 981 1282 licr
997 1256 1051 1282 Deo
1066 1256 1143 1283 simul
1167 1260 1193 1283 et
1207 1257 1303 1283 marito
1319 1257 1439 1290 subjecta
1466 1263 1517 1286 est.
1540 1259 1575 1287 At
1598 1266 1690 1288 contra
1708 1262 1730 1289 si

932 1301 976 1327 illa
1009 1301 1065 1328 viro
1102 1302 1234 1335 imperare
1267 1302 1425 1334 desiderat,
1467 1308 1494 1331 et
1527 1305 1594 1332 ordo
1627 1312 1731 1335 natura}

932 1347 1126 1380 corrumpitur,
1144 1351 1170 1373 et
1185 1347 1282 1373 domus
1303 1345 1346 1374 illa
1368 1348 1467 1376 misera
1488 1354 1515 1377 et
1537 1358 1662 1385 perversa
1684 1361 1730 1381 vo-

931 1391 1045 1418 cabitur.

1229 1439 1343 1467 CAPUT
1365 1439 1437 1469 xxl.

1047 1483 1086 1510 De
1102 1485 1301 1519 catechumenis,
1319 1487 1350 1514 de
1363 1488 1503 1515 exorcismo
1515 1493 1539 1516 et
1548 1489 1612 1517 sale.

968 1530 993 1557 1.
1012 1530 1070 1558 Jam
1087 1539 1160 1559 nunc
1181 1533 1311 1560 rationem
1328 1540 1568 1569 sacramentorum,
1584 1537 1641 1565 sive
1656 1539 1729 1567 ordi-

84 1562 152 1589 duos
168 1563 203 1590 ita
217 1563 243 1589 in
258 1571 338 1590 tntum
354 1565 519 1591 matrimonii
533 1572 630 1600 corpus
647 1566 826 1601 conjunxerit,
850 1573 879 1596 ut
893 1578 916 1610 C
934 1583 995 1603 nem
1023 1577 1056 1604 ad
1086 1578 1166 1605 fidem
1195 1579 1356 1606 venientium
1386 1588 1587 1615 prosequamur.
1611 1583 1728 1616 Quorum

85 1608 191 1635 adulter
211 1604 246 1635 si't
272 1610 391 1645 quisquis
416 1617 570 1646 compagem
586 1613 710 1647 'corporis
730 1614 755 1640 in
770 1614 876 1642 diversa

85 1653 252 1682 distraxerit.
284 1655 422 1683 Servanda
444 1658 523 1692 igitur
547 1658 614 1685 fides
628 1659 662 1686 ab
676 1663 787 1695 utroque
799 1662 876 1690 alteri

84 1704 136 1727 esi.

121 1744 165 1771 15.
183 1745 311 1781 Exemplo
321 1747 493 1775 continentioe
509 1749 629 1776 docenda
646 1756 687 1778 est
702 1759 769 1779 uxor
779 1761 792 1779 a
806 1753 874 1787 viro,

86 1795 114 1817 ut
125 1797 154 1817 sc
165 1796 238 1819 caste
249 1797 333 1825 gerat.
349 1792 467 1828 iniquum
482 1799 525 1821 est
538 1795 608 1822 enim
621 1799 649 1822 ut
664 1796 689 1822 id
704 1797 794 1833 exigas
805 1800 876 1833 quod

84 1840 212 1873 praestare
233 1844 285 1863 non
309 1837 412 1871 possis;
431 1844 510 1873 caput
530 1845 570 1866 cst
592 1841 662 1867 enim
679 1842 799 1869 mulieris
816 1845 875 1876 vir;

83 1882 129 1909 ubi
145 1886 233 1909 autem
249 1882 343 1910 melius
359 1883 424 1910 vivit
445 1885 541 1911 mulier
555 1893 634 1920 quam
655 1886 705 1919 vir,
729 1889 816 1920 canite
831 1889 877 1916 de-

84 1935 175 1955 orsum
189 1928 286 1963 pendet
301 1928 406 1956 domus.
432 1930 548 1965 ideoque
572 1932 726 1966 praecedere
741 1934 820 1961 debet
836 1934 877 1961 vir

85 1974 112 2001 in
135 1973 257 2001 omnibus
280 1974 359 2002 bonis
381 1975 456 2003 factis
479 1984 588 2004 uxorem
615 1985 701 2010 suam,
723 1980 784 2014 quia
799 1984 877 2014 caput

84 2024 136 2052 est,
161 2024 188 2048 ut
210 2020 256 2047 illa
283 2021 401 2048 imitetur
427 2022 524 2055 virum,
550 2027 577 2050 et
602 2030 731 2059 sequatur
753 2033 825 2057 vere,
849 2031 877 2052 ut

84 2072 182 2100 corpus
191 2070 272 2100 caput
286 2073 374 2098 suum,
386 2067 456 2093 sicut
469 2067 587 2096 Ecclesia
597 2069 719 2104 sequitur
730 2068 876 2098 Christum.

83 2109 212 2138 llortatur
236 2110 380 2147 Apostolus
403 2111 531 2147 conjuges
549 2118 577 2139 ut
603 2119 712 2148 propter
729 2116 877 2143 orationem

84 2155 246 2189 abstineant,
262 2160 341 2191 atque
356 2163 389 2184 ex
404 2164 537 2184 consensu
554 2163 672 2192 tempora
687 2160 878 2187 sanctificatio·

84 2201 127 2228 nis
141 2200 296 2234 observent,
312 2205 339 2228 et
354 2202 413 2229 sine
429 2202 622 2236 impedimento
637 2204 735 2231 carnali
749 2206 878 2232 orationi-

932 1621 1032 1656 gradus
1049 1622 1149 1656 primus
1164 1628 1205 1650 est
1219 1624 1483 1657 catechumenorum,
1508 1627 1641 1655 secundus
1655 1636 1729 1657 com-

931 1668 1088 1700 petentium,
1107 1669 1200 1695 tertius
1216 1669 1422 1703 baptizatorum.
1441 1671 1631 1700 catechumeni
1653 1680 1727 1708 sunt,

930 1712 977 1746 qui
993 1713 1107 1746 primum
1125 1713 1158 1740 de
1174 1714 1323 1748 gentilitate
1340 1715 1459 1749 veniunt,
1485 1715 1614 1745 habentes
1635 1720 1727 1747 volun-

934 1760 1016 1784 tatem
1033 1759 1159 1785 credendi
1177 1760 1202 1785 in
1218 1759 1364 1793 Christum,
1384 1764 1411 1788 et
1425 1762 1485 1795 quia
1501 1762 1615 1797 primum
1631 1764 1727 1792 exhor-

930 1803 1036 1829 tationis
1055 1809 1217 1838 praeeeptum
1239 1809 1280 1831 est
1300 1805 1326 1831 in
1354 1806 1411 1839 lege
1430 1805 1476 1833 Dei
1501 1815 1508 1832 ε
1532 1808 1609 1841 Audi,
1631 1807 1725 1844 Israel,

930 1847 1058 1875 Dominus
1072 1848 1143 1876 Deus
1158 1854 1227 1882 iuna,
1243 1850 1311 1877 Deus
1320 1859 1386 1878 unus
1394 1855 1429 1878 est
1442 1852 1532 1886 (Deut-
1545 1855 1593 1889 vr),
1608 1854 1670 1883 inde
1684 1861 1727 1884 est

931 1899 959 1921 ut
981 1894 1002 1921 is
1026 1895 1069 1922 cui
1092 1903 1139 1930 per
1159 1896 1338 1929 sacerdotem,
1353 1898 1430 1932 quasi
1450 1906 1497 1932 per
1512 1899 1630 1936 Moysen,
1655 1902 1725 1930 Deus

930 1940 1046 1974 primum
1075 1940 1203 1975 loquitur,
1228 1942 1451 1975 catechumenus,
1477 1944 1504 1971 id
1527 1949 1579 1979 est,
1601 1946 1723 1980 audiens,

930 1987 1093 2020 nominetur,
1109 1987 1225 2021 scilicet,
1244 1994 1288 2022 ut,
1307 1997 1387 2016 unum
1402 1997 1550 2025 agnoscens
1565 1991 1721 2026 Dominum,

930 2030 1064 2065 relinquat
1078 2039 1185 2059 errores
1201 2033 1290 2060 varios
1306 2034 1448 2062 idolorum.

965 2076 992 2103 Ξ.
1009 2077 1074 2103 Ριιιο
1089 2082 1177 2105 autem
1191 2083 1218 2106 ει
1230 2086 1324 2107 omnes
1337 2087 1352 2106 a
1367 2079 1470 2108 Joanne
1491 2080 1518 2108 in
1540 2083 1722 2116 poenitent‘iam

930 2122 1078 2156 baptizatos
1092 2124 1346 2151 catechumenorum
1361 2124 1510 2160 praetulisse
1531 2126 1653 2162 figuram.
1670 2129 1723 2156 Ex-

930 2170 1084 2196 orcizantur
1099 2175 1186 2197 autem
1204 2170 1230 2197 hi
1249 2171 1374 2205 primum,
1390 2172 1486 2200 deinde
1497 2173 1567 2202 sales
1577 2175 1721 2210 accipiunt,

930 2220 957 2242 ει
972 2220 1116 2250 unguntur.
1134 2216 1304 2245 Exorcismus
1320 2223 1411 2246 autem
1425 2227 1514 2247 sermo
1529 2220 1721 2254 increpationis

83 2243 134 2273 ΜΒ
144 2249 238 2274 ”cem
251 2245 277 2282 (¹
290 2245 350 2273 0οΓ-
365 2246 423 2282 Ἦ1)·
439 2246 504 2274 Nam
519 2251 546 2274 0⁸
561 2249 587 2275 5¹¹
600 2247 688 2276 veleri
705 2249 876 2278 Tesmmenw
889 2257 917 2289 D
931 2265 972 2288 est
988 2266 1080 2288 contra
1095 2262 1261 2290 immundum
1276 2263 1400 2298 spiritum
1414 2266 1440 2292 ln
1456 2266 1652 2300 energumenis,
1662 2267 1720 2295 sive

84 2295 148 2320 ame
171 2293 328 2320 sanctificati
352 2296 414 2321 sunt
438 2300 532 2322 omnes
557 2302 571 2321 a
593 2295 760 2329 mulieribus,
785 2302 812 2324 et
837 2297 876 2325 sic

82 2361 117 2384 ut
129 2357 275 2385 divortiu-
297 2358 355 2386 fleri
371 2360 474 2394 possit,
494 2369 547 2388 non
563 2362 599 2389 ita
615 2366 644 2389 ut
664 2363 707 2390 vel
723 2363 870 2399 dimittens,

85 2391 128 2418 vel
142 2391 251 2431 dimissa
265 2392 331 2423 alias
353 2395 458 2427 nuptias
475 2396 542 2424 inire
562 2398 662 2429 valeat,
687 2399 758 2433 quod
778 2406 869 2428 contra

84 2425 230 2466 hereticos
243 2428 348 2467 egregie
374 2430 470 2463 prohat
489 2431 655 2459 nantonatus
675 2433 702 2459 in
717 2434 870 2462 Matthaeum

84 2466 167 2489 ettam
178 2467 212 2489 ex
225 2461 283 2501 ¹¹⁰9.
293 2461 387 2491 isidori
405 2464 475 2492 loco.
501 2467 626 2494 Nonnulli
643 2468 723 2495 etiam
739 2471 871 2498 recentio-

85 2502 130 2523 res
146 2495 262 2528 theologi
277 2496 346 2525 idem
361 2503 546 2533 argumentum
558 2507 732 2535 pertractant.
747 2504 832 2532 Annv.

114 2530 169 2570 112.
192 2528 260 2561 Quid
271 2538 329 2592 “ff
342 2532 364 2558 a*
376 2533 470 2560 :teritis
481 2542 564 2570 usque
575 2537 608 2564 ad
623 2537 750 2571 lenienda,
767 2547 800 2567 ex
809 2541 869 2568 eod.

87 2564 199 2592 ilict-ou.
213 2565 284 2593 loco.
323 2573 394 2595 ιιΑι..

123 2597 192 2626 rma.
209 2598 241 2626 Ut
253 2599 289 2627 oe't
300 2600 456 2631 Lactantius.
473 2603 532 2633 hin.
547 2612 587 2638 vt.
597 2612 623 2634 c.
633 2605 680 2634 23.
693 2607 789 2636 Gmu„

123 2633 193 2661 Ibid.
208 2633 340 2663 Servanda
349 2635 428 2671 initur
441 2634 518 2672 fidu.
530 2646 612 2675 usque
624 2640 659 2668 nd
673 2644 872 2678 nequitur-curr-

71 2686 75 2687 γ
84 2674 167 2740 Ruga,
173 2676 216 2731 ἢ
217 2670 361 2734 ,5⁸:3¹2ssst
362 2671 459 2734 ³51st
462 2673 559 2736 genem
577 2674 682 2708 mord..
697 2679 831 2713 citat-⁷22
844 2688 872 2715 q.

86 2736 105 2779 ..¹
122 2723 194 2770 [fid.
212 2738 338 2778 Gmfius,
361 2725 469 2782 mquam
489 2715 604 2777 ῒῒιῖιιαιπ,
621 2741 691 2774 lom*
711 2750 760 2781 pm·
779 2754 874 2787 mqua-

78 2778 164 2800 mm
176 2781 283 2801 acroam.
294 2773 379 2803 Anav-

123 2807 169 2837 ⁴5.
185 2808 218 2836 Ea
229 2810 294 2836 eine.
306 2810 360 2843 At„
375 2815 403 2838 ut
415 2811 479 2838 aine.
495 2813 580 2840 Αιιιιν.

124 2842 169 2871 u.
182 2842 309 2872 Hortatur
322 2845 391 2873 idem
403 2847 544 2882 apostotus,
558 2853 622 2881 ete„
638 2857 722 2885 usquo
738 2851 771 2878 ad
783 2852 870 2888 finem,

929 2307 1128 2334 catechumenis
1152 2307 1246 2341 lactus,
1272 2317 1319 2343 per
1332 2318 1410 2344 quem
1433 2311 1466 2337 ab
1484 2311 1536 2338 illis
1551 2311 1651 2339 diaboli
1669 2318 1719 2340 ne-

926 2373 1006 2400 verba
1021 2379 1083 2400 sunt
1098 2374 1252 2409 Hieronymi
1268 2376 1300 2401 ad
1315 2375 1403 2402 Titum
1419 2383 1448 2402 ιι.
1460 2375 1556 2403 Gaui..

961 2408 1029 2435 Ibid.
1045 2409 1165 2443 Yuigata,
1178 2409 1224 2435 :ub
1240 2410 1287 2435 viri
1302 2415 1425 2443 potestate
1438 2412 1497 2442 erin.
1523 2415 1546 2438 el
1567 2412 1622 2446 ipse
1637 2413 1718 2440 domn·-

924 2443 1026 2469 naln'tur
1051 2445 1099 2470 lui.
1122 2444 1237 2470 isidorus
1262 2444 1312 2470 hoc
1342 2446 1400 2470 loco
1426 2447 1546 2479 sequitur
1568 2448 1717 2475 versionem

924 2479 1061 2513 antiquam
1078 2486 1137 2505 cum
1152 2478 1326 2511 Tertulliano,
1349 2479 1493 2514 Cypriauo,
1518 2481 1676 2516 Augustino,
1691 2488 1719 2511 et

924 2514 993 2540 aliis.
1011 2515 1097 2540 Αιιεν.

960 2548 1026 2576 un.
1038 2555 1093 2575 xxi,
1107 2547 1140 2574 N.
1153 2548 1178 2574 l.
1193 2547 1301 2575 Eri-oren
1311 2549 1404 2577 marios⁴
1418 2549 1477 2583 At,
1485 2558 1584 2579 errores
1636 2553 1717 2582 arios.

924 2583 964 2611 De
986 2584 1036 2610 hoc
1053 2583 1138 2616 capite
1157 2582 1217 2610 vide
1243 2582 1398 2617 isidoriana,
1420 2592 1481 2619 cap.
1501 2585 1551 2620 551,
1569 2588 1596 2614 in
1662 2589 1718 2617 eri-

924 2619 1015 2654 ptione
1030 2617 1134 2645 Codicis
1152 2617 1269 2646 Vnum-oi
1285 2616 1362 2649 15⁴3.
1379 2627 1411 2648 u..-
1423 2620 1574 2653 29.Auv.

960 2652 987 2680 Ξ.
1004 2653 1163 2685 ildefonsus,
1179 2652 1213 2680 de
1226 2651 1332 2687 Cognit.
1352 2653 1487 2689 baptismi,
1504 2664 1563 2691 cap.
1584 2656 1657 2686 ἔδει
1669 2655 1715 2691 Ξϊὶ.

924 2695 959 2717 ex
978 2689 1028 2714 hoc
1044 2688 1136 2715 isidori
1154 2688 1243 2721 eapite
1264 2689 1349 2716 mulla
1364 2690 1507 2720 exserunt,
1527 2693 1602 2726 Quod
1619 2695 1715 2727 *aunem

922 2727 986 2759 post
999 2724 1101 2758 {uqetur
1115 2722 1224 2757 expulsa
1237 2721 1390 2762 ildefonsus
1402 2727 1496 2761 pergit,
1512 2734 1572 2763 cup.
1586 2727 1622 2757 24
1639 2737 1646 2755 2
1659 2723 1714 2758 Eri:

925 2759 1058 2786 mrcimu'
1082 2765 1164 2785 sermo
1182 2762 1314 2787 nonturno
1331 2759 1475 2794 naitonum,
1490 2761 1506 2798 vl
1558 2762 1639 2793 udum
1659 2769 1711 2794 est.

924 2801 978 2821 non
1005 2797 1078 2820 torno
1104 2793 1247 2822 verborum.
1270 2790 1395 2824 B'aluziue
1419 2791 1521 2832 cordiae
1557 2801 1568 2827 t
1591 2802 1714 2828 meanto

924 2828 1064 2854 verborum.
1079 2829 1165 2855 Anzv.
