<?xml version="1.0" encoding="UTF-8"?>
<!DOCTYPE html PUBLIC "-//W3C//DTD XHTML 1.0 Transitional//EN"
    "http://www.w3.org/TR/xhtml1/DTD/xhtml1-transitional.dtd">
<html xmlns="http://www.w3.org/1999/xhtml" xml:lang="en" lang="en">
 <head>
  <title>
</title>
<meta http-equiv="Content-Type" content="text/html;charset=utf-8" />
  <meta name='ocr-system' content='tesseract 3.04.00' />
  <meta name='ocr-capabilities' content='ocr_page ocr_carea ocr_par ocr_line ocrx_word'/>
</head>
<body>
  <div class='ocr_page' id='page_1' title='image "./patrologiae83unknuoft_0306.png"; bbox 0 0 1832 3016; ppageno 0'>
   <div class='ocr_carea' id='block_1_1' title="bbox 155 102 987 790">
    <p class='ocr_par' dir='ltr' id='par_1_1' title="bbox 155 102 987 700">
     <span class='ocr_line' id='line_1_1' title="bbox 161 102 214 131; baseline 0.038 -2"><span class='ocrx_word' id='word_1_1' title='bbox 161 102 214 131; x_wconf 79' lang='grc'>599</span> 
     </span>
     <span class='ocr_line' id='line_1_2' title="bbox 160 156 987 194; baseline -0.007 -3"><span class='ocrx_word' id='word_1_2' title='bbox 160 172 217 191; x_wconf 74' lang='lat' dir='ltr'>sum</span> <span class='ocrx_word' id='word_1_3' title='bbox 230 163 346 194; x_wconf 68' lang='lat' dir='ltr'>prauam,</span> <span class='ocrx_word' id='word_1_4' title='bbox 369 164 391 187; x_wconf 83' lang='lat' dir='ltr'>et</span> <span class='ocrx_word' id='word_1_5' title='bbox 409 158 521 187; x_wconf 80' lang='lat' dir='ltr'>comedet</span> <span class='ocrx_word' id='word_1_6' title='bbox 542 161 640 193; x_wconf 85' lang='lat' dir='ltr'>partem</span> <span class='ocrx_word' id='word_1_7' title='bbox 654 157 757 184; x_wconf 81' lang='lat' dir='ltr'>domus.</span> <span class='ocrx_word' id='word_1_8' title='bbox 773 156 839 184; x_wconf 81' lang='lat' dir='ltr'>Pars</span> <span class='ocrx_word' id='word_1_9' title='bbox 852 157 949 191; x_wconf 80' lang='lat' dir='ltr'>quippe</span> <span class='ocrx_word' id='word_1_10' title='bbox 962 159 987 188; x_wconf 78' lang='grc' dir='ltr'><strong>Α</strong></span> 
     </span>
     <span class='ocr_line' id='line_1_3' title="bbox 160 201 949 239; baseline -0.01 -2"><span class='ocrx_word' id='word_1_11' title='bbox 160 210 254 236; x_wconf 88' lang='lat' dir='ltr'>domus</span> <span class='ocrx_word' id='word_1_12' title='bbox 274 205 454 237; x_wconf 85' lang='lat' dir='ltr'>devorabitur,</span> <span class='ocrx_word' id='word_1_13' title='bbox 465 204 527 239; x_wconf 82' lang='lat' dir='ltr'>quia</span> <span class='ocrx_word' id='word_1_14' title='bbox 548 203 608 230; x_wconf 87' lang='lat' dir='ltr'>illos</span> <span class='ocrx_word' id='word_1_15' title='bbox 627 202 706 230; x_wconf 84' lang='lat' dir='ltr'>etiam</span> <span class='ocrx_word' id='word_1_16' title='bbox 723 201 842 228; x_wconf 76' lang='lat' dir='ltr'>internus</span> <span class='ocrx_word' id='word_1_17' title='bbox 857 201 949 229; x_wconf 86' lang='lat' dir='ltr'>absor-</span> 
     </span>
     <span class='ocr_line' id='line_1_4' title="bbox 158 247 950 286; baseline -0.01 -5"><span class='ocrx_word' id='word_1_18' title='bbox 158 254 242 284; x_wconf 84' lang='lat' dir='ltr'>bebit.</span> <span class='ocrx_word' id='word_1_19' title='bbox 264 252 308 286; x_wconf 84' lang='lat' dir='ltr'>qui</span> <span class='ocrx_word' id='word_1_20' title='bbox 323 257 393 278; x_wconf 89' lang='lat' dir='ltr'>nunc</span> <span class='ocrx_word' id='word_1_21' title='bbox 407 257 436 277; x_wconf 88' lang='lat' dir='ltr'>se</span> <span class='ocrx_word' id='word_1_22' title='bbox 450 256 509 277; x_wconf 86' lang='lat' dir='ltr'>esse</span> <span class='ocrx_word' id='word_1_23' title='bbox 531 248 558 276; x_wconf 86' lang='lat' dir='ltr'>in</span> <span class='ocrx_word' id='word_1_24' title='bbox 576 249 718 283; x_wconf 77' lang='lat' dir='ltr'>praeceptis</span> <span class='ocrx_word' id='word_1_25' title='bbox 728 247 880 275; x_wconf 85' lang='lat' dir='ltr'>coelestihus</span> <span class='ocrx_word' id='word_1_26' title='bbox 893 247 950 282; x_wconf 79' lang='lat' dir='ltr'>glo-</span> 
     </span>
     <span class='ocr_line' id='line_1_5' title="bbox 157 292 950 330; baseline -0.006 -6"><span class='ocrx_word' id='word_1_27' title='bbox 157 299 274 330; x_wconf 75' lang='lat' dir='ltr'>riantur3</span> <span class='ocrx_word' id='word_1_28' title='bbox 301 295 334 323; x_wconf 85' lang='lat' dir='ltr'>de</span> <span class='ocrx_word' id='word_1_29' title='bbox 354 295 450 330; x_wconf 88' lang='lat' dir='ltr'>quibus</span> <span class='ocrx_word' id='word_1_30' title='bbox 471 294 598 321; x_wconf 81' lang='lat' dir='ltr'>Dominus</span> <span class='ocrx_word' id='word_1_31' title='bbox 621 294 709 320; x_wconf 85' lang='lat' dir='ltr'>dicit:</span> <span class='ocrx_word' id='word_1_32' title='bbox 730 302 741 319; x_wconf 71' lang='grc' dir='ltr'>ε</span> <span class='ocrx_word' id='word_1_33' title='bbox 769 292 842 319; x_wconf 86' lang='lat' dir='ltr'>Multi</span> <span class='ocrx_word' id='word_1_34' title='bbox 860 292 950 320; x_wconf 87' lang='lat' dir='ltr'>dicent</span> 
     </span>
     <span class='ocr_line' id='line_1_6' title="bbox 157 338 949 374; baseline -0.006 -4"><span class='ocrx_word' id='word_1_35' title='bbox 157 342 222 370; x_wconf 91' lang='lat' dir='ltr'>mihi</span> <span class='ocrx_word' id='word_1_36' title='bbox 237 342 264 369; x_wconf 89' lang='lat' dir='ltr'>in</span> <span class='ocrx_word' id='word_1_37' title='bbox 279 341 323 368; x_wconf 87' lang='lat' dir='ltr'>illa</span> <span class='ocrx_word' id='word_1_38' title='bbox 338 341 382 369; x_wconf 87' lang='lat' dir='ltr'>die</span> <span class='ocrx_word' id='word_1_39' title='bbox 398 351 404 368; x_wconf 93' lang='lat'>:</span> <span class='ocrx_word' id='word_1_40' title='bbox 421 340 550 372; x_wconf 79' lang='lat' dir='ltr'>Domine,</span> <span class='ocrx_word' id='word_1_41' title='bbox 571 339 694 371; x_wconf 82' lang='lat' dir='ltr'>Domine,</span> <span class='ocrx_word' id='word_1_42' title='bbox 715 339 794 374; x_wconf 71' lang='lat'>189</span> <span class='ocrx_word' id='word_1_43' title='bbox 814 345 902 366; x_wconf 89' lang='lat' dir='ltr'>nonne</span> <span class='ocrx_word' id='word_1_44' title='bbox 922 338 949 366; x_wconf 90' lang='lat' dir='ltr'>in</span> 
     </span>
     <span class='ocr_line' id='line_1_7' title="bbox 158 385 950 422; baseline -0.005 -6"><span class='ocrx_word' id='word_1_45' title='bbox 158 394 205 417; x_wconf 93' lang='lat' dir='ltr'>tuo</span> <span class='ocrx_word' id='word_1_46' title='bbox 225 389 332 416; x_wconf 89' lang='lat' dir='ltr'>nomine</span> <span class='ocrx_word' id='word_1_47' title='bbox 349 387 575 422; x_wconf 76' lang='lat' dir='ltr'><strong>prophetavimus,</strong></span> <span class='ocrx_word' id='word_1_48' title='bbox 589 390 617 413; x_wconf 90' lang='lat' dir='ltr'>et</span> <span class='ocrx_word' id='word_1_49' title='bbox 630 386 656 413; x_wconf 93' lang='lat' dir='ltr'>in</span> <span class='ocrx_word' id='word_1_50' title='bbox 672 390 718 413; x_wconf 84' lang='lat' dir='ltr'>tuo</span> <span class='ocrx_word' id='word_1_51' title='bbox 731 385 839 412; x_wconf 85' lang='lat' dir='ltr'>nomine</span> <span class='ocrx_word' id='word_1_52' title='bbox 850 385 950 412; x_wconf 75' lang='lat' dir='ltr'>daemo-</span> 
     </span>
     <span class='ocr_line' id='line_1_8' title="bbox 155 430 950 469; baseline -0.009 -6"><span class='ocrx_word' id='word_1_53' title='bbox 155 435 201 462; x_wconf 84' lang='lat' dir='ltr'>nia</span> <span class='ocrx_word' id='word_1_54' title='bbox 211 434 351 469; x_wconf 82' lang='lat' dir='ltr'>eiecimus,</span> <span class='ocrx_word' id='word_1_55' title='bbox 366 438 394 461; x_wconf 89' lang='lat' dir='ltr'>et</span> <span class='ocrx_word' id='word_1_56' title='bbox 403 433 516 460; x_wconf 86' lang='lat' dir='ltr'>virtutes</span> <span class='ocrx_word' id='word_1_57' title='bbox 527 432 625 459; x_wconf 88' lang='lat' dir='ltr'>multas</span> <span class='ocrx_word' id='word_1_58' title='bbox 638 431 767 459; x_wconf 75' lang='lat' dir='ltr'><strong>fecimus?</strong></span> <span class='ocrx_word' id='word_1_59' title='bbox 779 430 852 458; x_wconf 86' lang='lat' dir='ltr'>Tunc</span> <span class='ocrx_word' id='word_1_60' title='bbox 865 430 950 457; x_wconf 83' lang='lat' dir='ltr'>conti-</span> 
     </span>
     <span class='ocr_line' id='line_1_9' title="bbox 158 477 948 514; baseline -0.006 -6"><span class='ocrx_word' id='word_1_61' title='bbox 158 481 234 508; x_wconf 88' lang='lat' dir='ltr'>tebor</span> <span class='ocrx_word' id='word_1_62' title='bbox 249 480 302 508; x_wconf 87' lang='lat' dir='ltr'>illis</span> <span class='ocrx_word' id='word_1_63' title='bbox 315 479 376 514; x_wconf 87' lang='lat' dir='ltr'>quia</span> <span class='ocrx_word' id='word_1_64' title='bbox 387 485 521 514; x_wconf 86' lang='lat' dir='ltr'>nunquam</span> <span class='ocrx_word' id='word_1_65' title='bbox 543 478 604 506; x_wconf 86' lang='lat' dir='ltr'>novi</span> <span class='ocrx_word' id='word_1_66' title='bbox 628 485 686 505; x_wconf 85' lang='lat' dir='ltr'>vos.</span> <span class='ocrx_word' id='word_1_67' title='bbox 713 477 847 504; x_wconf 82' lang='lat' dir='ltr'>Discedite</span> <span class='ocrx_word' id='word_1_68' title='bbox 867 484 882 503; x_wconf 90' lang='lat' dir='ltr'>a</span> <span class='ocrx_word' id='word_1_69' title='bbox 895 483 948 509; x_wconf 85' lang='lat' dir='ltr'>me,</span> 
     </span>
     <span class='ocr_line' id='line_1_10' title="bbox 158 571 486 607; baseline -0.003 -9"><span class='ocrx_word' id='word_1_70' title='bbox 158 572 262 607; x_wconf 71' lang='lat' dir='ltr'>(nauh.</span> <span class='ocrx_word' id='word_1_71' title='bbox 278 579 324 605; x_wconf 82' lang='lat' dir='ltr'>vn,</span> <span class='ocrx_word' id='word_1_72' title='bbox 340 571 385 605; x_wconf 76' lang='lat'>22,</span> <span class='ocrx_word' id='word_1_73' title='bbox 398 571 457 606; x_wconf 78' lang='lat'><strong>25).</strong></span> <span class='ocrx_word' id='word_1_74' title='bbox 477 580 486 597; x_wconf 73' lang='grc' dir='ltr'>ι</span> 
     </span>
     <span class='ocr_line' id='line_1_11' title="bbox 446 617 662 646; baseline 0 -2"><span class='ocrx_word' id='word_1_75' title='bbox 446 617 561 646; x_wconf 80' lang='lat' dir='ltr'>CAPUT</span> <span class='ocrx_word' id='word_1_76' title='bbox 574 618 662 645; x_wconf 76' lang='lat' dir='ltr'><strong>XXX.</strong></span> 
     </span>
     <span class='ocr_line' id='line_1_12' title="bbox 393 664 709 700; baseline 0.003 -9"><span class='ocrx_word' id='word_1_77' title='bbox 393 664 432 692; x_wconf 84' lang='lat' dir='ltr'>De</span> <span class='ocrx_word' id='word_1_78' title='bbox 451 665 534 700; x_wconf 65' lang='lat' dir='ltr'>gloria</span> <span class='ocrx_word' id='word_1_79' title='bbox 553 669 709 692; x_wconf 72' lang='lat' dir='ltr'>sanctorum.</span> 
     </span>
    </p>

    <p class='ocr_par' dir='ltr' id='par_1_2' title="bbox 190 709 951 744">
     <span class='ocr_line' id='line_1_13' title="bbox 190 709 951 744; baseline -0.001 -7"><span class='ocrx_word' id='word_1_80' title='bbox 190 711 217 737; x_wconf 82' lang='lat'><strong>1.</strong></span> <span class='ocrx_word' id='word_1_81' title='bbox 239 709 297 738; x_wconf 89' lang='lat' dir='ltr'>Non</span> <span class='ocrx_word' id='word_1_82' title='bbox 320 710 398 738; x_wconf 81' lang='lat' dir='ltr'>saciet</span> <span class='ocrx_word' id='word_1_83' title='bbox 422 711 450 738; x_wconf 90' lang='lat' dir='ltr'>in</span> <span class='ocrx_word' id='word_1_84' title='bbox 473 711 591 738; x_wconf 76' lang='lat' dir='ltr'>futurum</span> <span class='ocrx_word' id='word_1_85' title='bbox 608 718 655 738; x_wconf 91' lang='lat' dir='ltr'>cor</span> <span class='ocrx_word' id='word_1_86' title='bbox 674 711 800 738; x_wconf 89' lang='lat' dir='ltr'>miserum</span> <span class='ocrx_word' id='word_1_87' title='bbox 819 709 951 744; x_wconf 83' lang='lat' dir='ltr'>justorum</span> 
     </span>
    </p>

    <p class='ocr_par' dir='ltr' id='par_1_3' title="bbox 155 755 953 790">
     <span class='ocr_line' id='line_1_14' title="bbox 155 755 953 790; baseline 0 -8"><span class='ocrx_word' id='word_1_88' title='bbox 155 756 342 790; x_wconf 77' lang='lat' dir='ltr'>compassione</span> <span class='ocrx_word' id='word_1_89' title='bbox 366 757 554 785; x_wconf 89' lang='lat' dir='ltr'>damnatorum</span> <span class='ocrx_word' id='word_1_90' title='bbox 575 757 734 784; x_wconf 83' lang='lat' dir='ltr'>condolendi</span> <span class='ocrx_word' id='word_1_91' title='bbox 758 756 882 789; x_wconf 77' lang='lat' dir='ltr'>affectio,</span> <span class='ocrx_word' id='word_1_92' title='bbox 908 755 953 782; x_wconf 91' lang='lat' dir='ltr'>ubi</span> 
     </span>
    </p>
   </div>
   <div class='ocr_carea' id='block_1_2' title="bbox 674 97 1261 128">
    <p class='ocr_par' dir='ltr' id='par_1_4' title="bbox 674 97 1261 128">
     <span class='ocr_line' id='line_1_15' title="bbox 674 97 1261 128; baseline 0 -1"><span class='ocrx_word' id='word_1_93' title='bbox 674 99 702 127; x_wconf 89' lang='lat' dir='ltr'>S.</span> <span class='ocrx_word' id='word_1_94' title='bbox 723 98 846 127; x_wconf 79' lang='lat' dir='ltr'>tsluom</span> <span class='ocrx_word' id='word_1_95' title='bbox 868 97 1087 128; x_wconf 74' lang='lat' dir='ltr'>tttSPALENSts</span> <span class='ocrx_word' id='word_1_96' title='bbox 1109 99 1261 128; x_wconf 73' lang='lat' dir='ltr'>Episcopi</span> 
     </span>
    </p>
   </div>
   <div class='ocr_carea' id='block_1_3' title="bbox 998 97 1832 782">
    <p class='ocr_par' dir='ltr' id='par_1_5' title="bbox 1000 97 1794 238">
     <span class='ocr_line' id='line_1_16' title="bbox 1736 97 1794 127; baseline 0.017 -1"><span class='ocrx_word' id='word_1_97' title='bbox 1736 97 1794 127; x_wconf 61' lang='grc' dir='ltr'>ὥθ’</span> 
     </span>
     <span class='ocr_line' id='line_1_17' title="bbox 1002 155 1788 191; baseline 0 -7"><span class='ocrx_word' id='word_1_98' title='bbox 1002 161 1103 185; x_wconf 81' lang='lat' dir='ltr'>tantum</span> <span class='ocrx_word' id='word_1_99' title='bbox 1118 157 1169 186; x_wconf 87' lang='lat' dir='ltr'>erit</span> <span class='ocrx_word' id='word_1_100' title='bbox 1187 160 1340 185; x_wconf 87' lang='lat' dir='ltr'>sanctorum</span> <span class='ocrx_word' id='word_1_101' title='bbox 1362 157 1396 184; x_wconf 87' lang='lat' dir='ltr'>de</span> <span class='ocrx_word' id='word_1_102' title='bbox 1420 155 1466 183; x_wconf 82' lang='lat' dir='ltr'>Dei</span> <span class='ocrx_word' id='word_1_103' title='bbox 1481 155 1706 190; x_wconf 68' lang='lat' dir='ltr'>contemplatione</span> <span class='ocrx_word' id='word_1_104' title='bbox 1720 163 1788 191; x_wconf 73' lang='lat' dir='ltr'>gau·</span> 
     </span>
     <span class='ocr_line' id='line_1_18' title="bbox 1000 202 1652 238; baseline 0 -8"><span class='ocrx_word' id='word_1_105' title='bbox 1000 202 1084 238; x_wconf 83' lang='lat' dir='ltr'>dium,</span> <span class='ocrx_word' id='word_1_106' title='bbox 1100 207 1129 230; x_wconf 91' lang='lat' dir='ltr'>ut</span> <span class='ocrx_word' id='word_1_107' title='bbox 1143 203 1256 230; x_wconf 70' lang='lat' dir='ltr'>tristitiae</span> <span class='ocrx_word' id='word_1_108' title='bbox 1269 203 1358 230; x_wconf 88' lang='lat' dir='ltr'>nullus</span> <span class='ocrx_word' id='word_1_109' title='bbox 1371 202 1501 230; x_wconf 72' lang='lat' dir='ltr'>tribuatur</span> <span class='ocrx_word' id='word_1_110' title='bbox 1517 202 1652 230; x_wconf 77' lang='lat' dir='ltr'>introitus.</span> 
     </span>
    </p>

    <p class='ocr_par' dir='ltr' id='par_1_6' title="bbox 998 247 1790 375">
     <span class='ocr_line' id='line_1_19' title="bbox 1034 247 1789 284; baseline 0 -8"><span class='ocrx_word' id='word_1_111' title='bbox 1034 249 1062 276; x_wconf 75' lang='grc' dir='ltr'>Ξ.</span> <span class='ocrx_word' id='word_1_112' title='bbox 1087 249 1159 276; x_wconf 83' lang='lat' dir='ltr'>Sicut</span> <span class='ocrx_word' id='word_1_113' title='bbox 1179 253 1350 284; x_wconf 83' lang='lat' dir='ltr'>comparatus</span> <span class='ocrx_word' id='word_1_114' title='bbox 1371 248 1446 276; x_wconf 88' lang='lat' dir='ltr'>color</span> <span class='ocrx_word' id='word_1_115' title='bbox 1465 248 1594 276; x_wconf 85' lang='lat' dir='ltr'>candidus</span> <span class='ocrx_word' id='word_1_116' title='bbox 1612 247 1688 283; x_wconf 74' lang='lat' dir='ltr'>nigro</span> <span class='ocrx_word' id='word_1_117' title='bbox 1705 247 1789 276; x_wconf 81' lang='lat' dir='ltr'>colori</span> 
     </span>
     <span class='ocr_line' id='line_1_20' title="bbox 998 293 1790 328; baseline 0.003 -8"><span class='ocrx_word' id='word_1_118' title='bbox 998 293 1031 321; x_wconf 83' lang='lat' dir='ltr'>fit</span> <span class='ocrx_word' id='word_1_119' title='bbox 1053 293 1199 328; x_wconf 85' lang='lat' dir='ltr'>pulchrior,</span> <span class='ocrx_word' id='word_1_120' title='bbox 1224 295 1260 321; x_wconf 84' lang='lat' dir='ltr'>ita</span> <span class='ocrx_word' id='word_1_121' title='bbox 1283 299 1310 321; x_wconf 89' lang='lat' dir='ltr'>et</span> <span class='ocrx_word' id='word_1_122' title='bbox 1332 298 1484 322; x_wconf 85' lang='lat' dir='ltr'>sanctorum</span> <span class='ocrx_word' id='word_1_123' title='bbox 1507 293 1612 328; x_wconf 82' lang='lat' dir='ltr'>requies</span> <span class='ocrx_word' id='word_1_124' title='bbox 1637 297 1790 328; x_wconf 77' lang='lat' dir='ltr'>comparata</span> 
     </span>
     <span class='ocr_line' id='line_1_21' title="bbox 1001 339 1537 375; baseline 0 -9"><span class='ocrx_word' id='word_1_125' title='bbox 1001 339 1165 367; x_wconf 80' lang='lat' dir='ltr'>damnationi</span> <span class='ocrx_word' id='word_1_126' title='bbox 1179 339 1309 367; x_wconf 86' lang='lat' dir='ltr'>malorum</span> <span class='ocrx_word' id='word_1_127' title='bbox 1322 340 1464 375; x_wconf 76' lang='lat' dir='ltr'>gloriosior</span> <span class='ocrx_word' id='word_1_128' title='bbox 1475 339 1537 366; x_wconf 90' lang='lat' dir='ltr'>erit.</span> 
     </span>
    </p>

    <p class='ocr_par' dir='ltr' id='par_1_7' title="bbox 1002 385 1832 513">
     <span class='ocr_line' id='line_1_22' title="bbox 1036 385 1790 421; baseline -0.001 -8"><span class='ocrx_word' id='word_1_129' title='bbox 1036 385 1063 412; x_wconf 89' lang='grc'>’5.</span> <span class='ocrx_word' id='word_1_130' title='bbox 1087 385 1132 413; x_wconf 88' lang='lat' dir='ltr'>Sic</span> <span class='ocrx_word' id='word_1_131' title='bbox 1148 386 1251 420; x_wconf 85' lang='lat' dir='ltr'>justitia</span> <span class='ocrx_word' id='word_1_132' title='bbox 1273 386 1419 421; x_wconf 67' lang='lat' dir='ltr'>injustitiae,</span> <span class='ocrx_word' id='word_1_133' title='bbox 1439 386 1478 413; x_wconf 83' lang='lat' dir='ltr'>sic</span> <span class='ocrx_word' id='word_1_134' title='bbox 1492 385 1579 412; x_wconf 82' lang='lat' dir='ltr'>virtus</span> <span class='ocrx_word' id='word_1_135' title='bbox 1594 385 1661 413; x_wconf 85' lang='lat' dir='ltr'>vitio</span> <span class='ocrx_word' id='word_1_136' title='bbox 1683 385 1790 413; x_wconf 78' lang='lat' dir='ltr'>crescit.</span> 
     </span>
     <span class='ocr_line' id='line_1_23' title="bbox 1002 431 1793 467; baseline 0.001 -8"><span class='ocrx_word' id='word_1_137' title='bbox 1002 431 1074 467; x_wconf 77' lang='lat' dir='ltr'>Ergo</span> <span class='ocrx_word' id='word_1_138' title='bbox 1089 437 1244 460; x_wconf 72' lang='lat' dir='ltr'>sanctorum</span> <span class='ocrx_word' id='word_1_139' title='bbox 1259 436 1364 460; x_wconf 80' lang='lat' dir='ltr'>crescet</span> <span class='ocrx_word' id='word_1_140' title='bbox 1375 432 1470 467; x_wconf 80' lang='lat' dir='ltr'>gloria,</span> <span class='ocrx_word' id='word_1_141' title='bbox 1483 432 1546 459; x_wconf 87' lang='lat' dir='ltr'>dum</span> <span class='ocrx_word' id='word_1_142' title='bbox 1560 431 1649 459; x_wconf 84' lang='lat' dir='ltr'>debita</span> <span class='ocrx_word' id='word_1_143' title='bbox 1663 432 1793 460; x_wconf 84' lang='lat' dir='ltr'>damnan-</span> 
     </span>
     <span class='ocr_line' id='line_1_24' title="bbox 1004 474 1832 513; baseline -0.001 -8"><span class='ocrx_word' id='word_1_144' title='bbox 1004 483 1047 506; x_wconf 90' lang='lat' dir='ltr'>tur</span> <span class='ocrx_word' id='word_1_145' title='bbox 1059 478 1133 512; x_wconf 90' lang='lat' dir='ltr'>impii</span> <span class='ocrx_word' id='word_1_146' title='bbox 1146 486 1234 513; x_wconf 85' lang='lat' dir='ltr'>poena.</span> <span class='ocrx_word' id='word_1_147' title='bbox 1821 474 1832 496; x_wconf 68' lang='grc' dir='ltr'>ἲ</span> 
     </span>
    </p>

    <p class='ocr_par' dir='ltr' id='par_1_8' title="bbox 1002 498 1832 782">
     <span class='ocr_line' id='line_1_25' title="bbox 1040 498 1832 591; baseline -0.003 -40"><span class='ocrx_word' id='word_1_148' title='bbox 1040 524 1067 552; x_wconf 75' lang='grc'>4.</span> <span class='ocrx_word' id='word_1_149' title='bbox 1083 524 1148 552; x_wconf 86' lang='lat' dir='ltr'>Post</span> <span class='ocrx_word' id='word_1_150' title='bbox 1161 526 1386 553; x_wconf 83' lang='lat' dir='ltr'>resurrectionem</span> <span class='ocrx_word' id='word_1_151' title='bbox 1401 525 1501 552; x_wconf 87' lang='lat' dir='ltr'>sanctis</span> <span class='ocrx_word' id='word_1_152' title='bbox 1522 525 1550 552; x_wconf 93' lang='lat' dir='ltr'>in</span> <span class='ocrx_word' id='word_1_153' title='bbox 1568 531 1649 552; x_wconf 75' lang='lat' dir='ltr'>carne</span> <span class='ocrx_word' id='word_1_154' title='bbox 1663 523 1793 558; x_wconf 73' lang='lat' dir='ltr'>promissa</span> <span class='ocrx_word' id='word_1_155' title='bbox 1815 498 1832 591; x_wconf 60' lang='lat' dir='ltr'>*i</span> 
     </span>
     <span class='ocr_line' id='line_1_26' title="bbox 1002 567 1792 602; baseline -0.004 -5"><span class='ocrx_word' id='word_1_156' title='bbox 1002 574 1044 597; x_wconf 82' lang='lat' dir='ltr'>cst</span> <span class='ocrx_word' id='word_1_157' title='bbox 1062 569 1192 597; x_wconf 87' lang='lat' dir='ltr'>coelorum</span> <span class='ocrx_word' id='word_1_158' title='bbox 1205 570 1339 602; x_wconf 82' lang='lat' dir='ltr'>ascensio,</span> <span class='ocrx_word' id='word_1_159' title='bbox 1352 569 1459 596; x_wconf 82' lang='lat' dir='ltr'>dicente</span> <span class='ocrx_word' id='word_1_160' title='bbox 1478 568 1512 595; x_wconf 90' lang='lat' dir='ltr'>ad</span> <span class='ocrx_word' id='word_1_161' title='bbox 1533 568 1638 595; x_wconf 86' lang='lat' dir='ltr'>Patrem</span> <span class='ocrx_word' id='word_1_162' title='bbox 1659 567 1765 595; x_wconf 84' lang='lat' dir='ltr'>Christo</span> <span class='ocrx_word' id='word_1_163' title='bbox 1786 575 1792 593; x_wconf 91' lang='lat'>:</span> 
     </span>
     <span class='ocr_line' id='line_1_27' title="bbox 1005 593 1832 650; baseline -0.001 -8"><span class='ocrx_word' id='word_1_164' title='bbox 1005 615 1071 642; x_wconf 87' lang='lat' dir='ltr'>Volo</span> <span class='ocrx_word' id='word_1_165' title='bbox 1086 619 1114 642; x_wconf 82' lang='lat' dir='ltr'>ut</span> <span class='ocrx_word' id='word_1_166' title='bbox 1126 615 1169 641; x_wconf 78' lang='lat' dir='ltr'>abi</span> <span class='ocrx_word' id='word_1_167' title='bbox 1191 623 1248 642; x_wconf 74' lang='lat' dir='ltr'>sum</span> <span class='ocrx_word' id='word_1_168' title='bbox 1260 623 1317 650; x_wconf 72' lang='lat' dir='ltr'>eqo,</span> <span class='ocrx_word' id='word_1_169' title='bbox 1332 619 1354 642; x_wconf 85' lang='lat' dir='ltr'>et</span> <span class='ocrx_word' id='word_1_170' title='bbox 1371 614 1421 649; x_wconf 75' lang='lat' dir='ltr'>ipsi</span> <span class='ocrx_word' id='word_1_171' title='bbox 1443 614 1493 641; x_wconf 80' lang='lat' dir='ltr'>sint</span> <span class='ocrx_word' id='word_1_172' title='bbox 1506 620 1605 640; x_wconf 78' lang='lat' dir='ltr'>mecum</span> <span class='ocrx_word' id='word_1_173' title='bbox 1622 611 1712 647; x_wconf 78' lang='lat' dir='ltr'>(toan.</span> <span class='ocrx_word' id='word_1_174' title='bbox 1729 619 1793 645; x_wconf 81' lang='lat' dir='ltr'>xvii,</span> <span class='ocrx_word' id='word_1_175' title='bbox 1821 593 1832 641; x_wconf 55' lang='grc' dir='ltr'><strong>ς</strong></span> 
     </span>
     <span class='ocr_line' id='line_1_28' title="bbox 1002 659 1832 696; baseline -0.006 -6"><span class='ocrx_word' id='word_1_176' title='bbox 1002 662 1059 696; x_wconf 69' lang='grc'>24).</span> <span class='ocrx_word' id='word_1_177' title='bbox 1076 662 1105 690; x_wconf 88' lang='lat' dir='ltr'>Si</span> <span class='ocrx_word' id='word_1_178' title='bbox 1120 663 1190 690; x_wconf 87' lang='lat' dir='ltr'>enim</span> <span class='ocrx_word' id='word_1_179' title='bbox 1204 662 1323 690; x_wconf 84' lang='lat' dir='ltr'>membra</span> <span class='ocrx_word' id='word_1_180' title='bbox 1333 661 1427 696; x_wconf 86' lang='lat' dir='ltr'>capitis</span> <span class='ocrx_word' id='word_1_181' title='bbox 1438 666 1542 694; x_wconf 84' lang='lat' dir='ltr'>sumus,</span> <span class='ocrx_word' id='word_1_182' title='bbox 1555 663 1582 687; x_wconf 86' lang='lat' dir='ltr'>et</span> <span class='ocrx_word' id='word_1_183' title='bbox 1594 665 1662 686; x_wconf 91' lang='lat' dir='ltr'>unus</span> <span class='ocrx_word' id='word_1_184' title='bbox 1675 659 1700 686; x_wconf 84' lang='lat' dir='ltr'>in</span> <span class='ocrx_word' id='word_1_185' title='bbox 1712 666 1752 690; x_wconf 85' lang='lat' dir='ltr'>sc,</span> <span class='ocrx_word' id='word_1_186' title='bbox 1768 662 1795 686; x_wconf 84' lang='lat' dir='ltr'>et</span> <span class='ocrx_word' id='word_1_187' title='bbox 1825 678 1832 684; x_wconf 85' lang='lat'><strong>.</strong></span> 
     </span>
     <span class='ocr_line' id='line_1_29' title="bbox 1004 705 1794 742; baseline -0.006 -6"><span class='ocrx_word' id='word_1_188' title='bbox 1004 709 1033 736; x_wconf 92' lang='lat' dir='ltr'>in</span> <span class='ocrx_word' id='word_1_189' title='bbox 1048 709 1126 736; x_wconf 87' lang='lat' dir='ltr'>nobis</span> <span class='ocrx_word' id='word_1_190' title='bbox 1140 713 1180 736; x_wconf 89' lang='lat' dir='ltr'>est</span> <span class='ocrx_word' id='word_1_191' title='bbox 1190 708 1323 742; x_wconf 80' lang='lat' dir='ltr'>Christus,</span> <span class='ocrx_word' id='word_1_192' title='bbox 1336 708 1428 742; x_wconf 86' lang='lat' dir='ltr'>utique</span> <span class='ocrx_word' id='word_1_193' title='bbox 1438 706 1483 734; x_wconf 91' lang='lat' dir='ltr'>ubi</span> <span class='ocrx_word' id='word_1_194' title='bbox 1498 706 1556 742; x_wconf 87' lang='lat' dir='ltr'>ipse</span> <span class='ocrx_word' id='word_1_195' title='bbox 1566 705 1694 738; x_wconf 85' lang='lat' dir='ltr'>ascendit,</span> <span class='ocrx_word' id='word_1_196' title='bbox 1709 709 1736 732; x_wconf 87' lang='lat' dir='ltr'>et</span> <span class='ocrx_word' id='word_1_197' title='bbox 1746 711 1794 732; x_wconf 77' lang='lat' dir='ltr'>nos</span> 
     </span>
     <span class='ocr_line' id='line_1_30' title="bbox 1006 754 1261 782; baseline -0.004 -1"><span class='ocrx_word' id='word_1_198' title='bbox 1006 754 1143 782; x_wconf 86' lang='lat' dir='ltr'>ascensuri</span> <span class='ocrx_word' id='word_1_199' title='bbox 1159 761 1261 781; x_wconf 88' lang='lat' dir='ltr'>sumus.</span> 
     </span>
    </p>
   </div>
   <div class='ocr_carea' id='block_1_4' title="bbox 153 830 1832 872">
    <p class='ocr_par' dir='ltr' id='par_1_9' title="bbox 153 830 1832 872">
     <span class='ocr_line' id='line_1_31' title="bbox 153 830 1832 872; baseline -0.002 -9"><span class='ocrx_word' id='word_1_200' title='bbox 153 836 238 871; x_wconf 63' lang='lat' dir='ltr'>ianam</span> <span class='ocrx_word' id='word_1_201' title='bbox 254 836 377 863; x_wconf 78' lang='lat' dir='ltr'>Dominus</span> <span class='ocrx_word' id='word_1_202' title='bbox 392 835 472 868; x_wconf 75' lang='lat' dir='ltr'>Deus,</span> <span class='ocrx_word' id='word_1_203' title='bbox 486 841 510 863; x_wconf 85' lang='lat' dir='ltr'>et</span> <span class='ocrx_word' id='word_1_204' title='bbox 525 836 656 863; x_wconf 79' lang='lat' dir='ltr'>devorabit</span> <span class='ocrx_word' id='word_1_205' title='bbox 670 835 788 868; x_wconf 72' lang='lat' dir='ltr'>abassum</span> <span class='ocrx_word' id='word_1_206' title='bbox 799 835 916 867; x_wconf 83' lang='lat' dir='ltr'>mattam,</span> <span class='ocrx_word' id='word_1_207' title='bbox 929 839 952 862; x_wconf 83' lang='lat' dir='ltr'>et</span> <span class='ocrx_word' id='word_1_208' title='bbox 968 841 993 872; x_wconf 75' lang='lat' dir='ltr'>B</span> <span class='ocrx_word' id='word_1_209' title='bbox 1008 834 1041 862; x_wconf 86' lang='lat' dir='ltr'>Et</span> <span class='ocrx_word' id='word_1_210' title='bbox 1055 836 1123 869; x_wconf 76' lang='lat' dir='ltr'>[acta</span> <span class='ocrx_word' id='word_1_211' title='bbox 1140 838 1176 861; x_wconf 73' lang='lat' dir='ltr'>est</span> <span class='ocrx_word' id='word_1_212' title='bbox 1191 841 1250 868; x_wconf 82' lang='lat' dir='ltr'>pars</span> <span class='ocrx_word' id='word_1_213' title='bbox 1262 833 1365 860; x_wconf 82' lang='lat' dir='ltr'>Dommt</span> <span class='ocrx_word' id='word_1_214' title='bbox 1380 833 1490 868; x_wconf 82' lang='lat' dir='ltr'>populns</span> <span class='ocrx_word' id='word_1_215' title='bbox 1510 832 1565 868; x_wconf 78' lang='lat' dir='ltr'>ejtts</span> <span class='ocrx_word' id='word_1_216' title='bbox 1580 831 1671 858; x_wconf 81' lang='lat' dir='ltr'>Jacob.</span> <span class='ocrx_word' id='word_1_217' title='bbox 1684 830 1794 859; x_wconf 65' lang='lat' dir='ltr'>Lottsta</span> <span class='ocrx_word' id='word_1_218' title='bbox 1827 831 1832 849; x_wconf 70' lang='lat' dir='ltr'>t</span> 
     </span>
    </p>
   </div>
   <div class='ocr_carea' id='block_1_5' title="bbox 150 871 948 1154">
    <p class='ocr_par' dir='ltr' id='par_1_10' title="bbox 150 871 948 1154">
     <span class='ocr_line' id='line_1_32' title="bbox 153 871 946 905; baseline 0 -7"><span class='ocrx_word' id='word_1_219' title='bbox 153 873 266 899; x_wconf 82' lang='lat' dir='ltr'>comedet</span> <span class='ocrx_word' id='word_1_220' title='bbox 285 873 362 899; x_wconf 79' lang='lat' dir='ltr'>simut</span> <span class='ocrx_word' id='word_1_221' title='bbox 378 876 486 905; x_wconf 80' lang='lat' dir='ltr'>partem.</span> <span class='ocrx_word' id='word_1_222' title='bbox 508 871 564 898; x_wconf 85' lang='lat' dir='ltr'>Vox</span> <span class='ocrx_word' id='word_1_223' title='bbox 580 877 667 898; x_wconf 67' lang='lat' dir='ltr'>autem</span> <span class='ocrx_word' id='word_1_224' title='bbox 684 872 784 902; x_wconf 77' lang='lat' dir='ltr'>domus..</span> <span class='ocrx_word' id='word_1_225' title='bbox 803 878 861 904; x_wconf 81' lang='lat' dir='ltr'>quae</span> <span class='ocrx_word' id='word_1_226' title='bbox 876 871 946 904; x_wconf 86' lang='lat' dir='ltr'>apud</span> 
     </span>
     <span class='ocr_line' id='line_1_33' title="bbox 153 906 945 940; baseline -0.004 -6"><span class='ocrx_word' id='word_1_227' title='bbox 153 907 284 934; x_wconf 84' lang='lat' dir='ltr'>isidorum</span> <span class='ocrx_word' id='word_1_228' title='bbox 299 913 349 940; x_wconf 82' lang='lat' dir='ltr'>cst,</span> <span class='ocrx_word' id='word_1_229' title='bbox 373 907 399 934; x_wconf 92' lang='lat' dir='ltr'>in</span> <span class='ocrx_word' id='word_1_230' title='bbox 425 908 497 934; x_wconf 83' lang='lat' dir='ltr'>nullo</span> <span class='ocrx_word' id='word_1_231' title='bbox 512 906 656 934; x_wconf 78' lang='lat' dir='ltr'>Bibliorum</span> <span class='ocrx_word' id='word_1_232' title='bbox 679 907 823 940; x_wconf 83' lang='lat' dir='ltr'>exemplari</span> <span class='ocrx_word' id='word_1_233' title='bbox 840 907 945 939; x_wconf 76' lang='lat' dir='ltr'>legitur,</span> 
     </span>
     <span class='ocr_line' id='line_1_34' title="bbox 152 941 947 975; baseline -0.001 -6"><span class='ocrx_word' id='word_1_234' title='bbox 152 950 239 975; x_wconf 79' lang='lat' dir='ltr'>neque</span> <span class='ocrx_word' id='word_1_235' title='bbox 254 943 279 969; x_wconf 84' lang='lat' dir='ltr'>in</span> <span class='ocrx_word' id='word_1_236' title='bbox 296 943 419 970; x_wconf 81' lang='lat' dir='ltr'>versione</span> <span class='ocrx_word' id='word_1_237' title='bbox 435 943 516 974; x_wconf 79' lang='lat' dir='ltr'>Lxx,</span> <span class='ocrx_word' id='word_1_238' title='bbox 538 943 613 975; x_wconf 79' lang='lat' dir='ltr'>cujus</span> <span class='ocrx_word' id='word_1_239' title='bbox 631 943 686 968; x_wconf 68' lang='lat' dir='ltr'>brec</span> <span class='ocrx_word' id='word_1_240' title='bbox 708 946 769 968; x_wconf 90' lang='lat' dir='ltr'>sunt</span> <span class='ocrx_word' id='word_1_241' title='bbox 782 941 862 969; x_wconf 74' lang='lat' dir='ltr'>,verba</span> <span class='ocrx_word' id='word_1_242' title='bbox 881 944 947 968; x_wconf 71' lang='lat' dir='ltr'>:nezi</span> 
     </span>
     <span class='ocr_line' id='line_1_35' title="bbox 150 976 943 1015; baseline 0 -11"><span class='ocrx_word' id='word_1_243' title='bbox 150 978 267 1006; x_wconf 70' lang='grc' dir='ltr'>κ’κάλεσεν</span> <span class='ocrx_word' id='word_1_244' title='bbox 284 982 328 1007; x_wconf 73' lang='grc' dir='ltr'>τήν</span> <span class='ocrx_word' id='word_1_245' title='bbox 346 978 414 1007; x_wconf 78' lang='grc' dir='ltr'>δίκην</span> <span class='ocrx_word' id='word_1_246' title='bbox 430 979 454 1004; x_wconf 80' lang='grc' dir='ltr'>ἐν</span> <span class='ocrx_word' id='word_1_247' title='bbox 473 979 537 1015; x_wconf 80' lang='grc' dir='ltr'>πυρὶ</span> <span class='ocrx_word' id='word_1_248' title='bbox 556 980 597 1004; x_wconf 80' lang='grc' dir='ltr'>καὶ</span> <span class='ocrx_word' id='word_1_249' title='bbox 616 978 753 1012; x_wconf 60' lang='grc' dir='ltr'>κατέφαγεν</span> <span class='ocrx_word' id='word_1_250' title='bbox 772 980 817 1005; x_wconf 80' lang='grc' dir='ltr'>τήν</span> <span class='ocrx_word' id='word_1_251' title='bbox 832 976 943 1013; x_wconf 77' lang='grc' dir='ltr'>μερίδια,</span> 
     </span>
     <span class='ocr_line' id='line_1_36' title="bbox 152 1012 945 1048; baseline -0.003 -9"><span class='ocrx_word' id='word_1_252' title='bbox 152 1014 196 1040; x_wconf 88' lang='lat' dir='ltr'>ubi</span> <span class='ocrx_word' id='word_1_253' title='bbox 211 1014 387 1048; x_wconf 77' lang='lat' dir='ltr'>Hieronymus</span> <span class='ocrx_word' id='word_1_254' title='bbox 404 1022 410 1039; x_wconf 90' lang='lat'>:</span> <span class='ocrx_word' id='word_1_255' title='bbox 428 1013 542 1040; x_wconf 84' lang='lat' dir='ltr'>Comedit</span> <span class='ocrx_word' id='word_1_256' title='bbox 558 1018 666 1048; x_wconf 85' lang='lat' dir='ltr'>partem,</span> <span class='ocrx_word' id='word_1_257' title='bbox 683 1013 776 1045; x_wconf 73' lang='lat' dir='ltr'>inquit,</span> <span class='ocrx_word' id='word_1_258' title='bbox 793 1012 840 1038; x_wconf 78' lang='lat' dir='ltr'>hoc</span> <span class='ocrx_word' id='word_1_259' title='bbox 852 1017 898 1042; x_wconf 73' lang='grc' dir='ltr'>εει,</span> <span class='ocrx_word' id='word_1_260' title='bbox 911 1012 945 1037; x_wconf 84' lang='lat' dir='ltr'>ad</span> 
     </span>
     <span class='ocr_line' id='line_1_37' title="bbox 150 1047 946 1083; baseline -0.004 -8"><span class='ocrx_word' id='word_1_261' title='bbox 150 1054 251 1075; x_wconf 74' lang='lat' dir='ltr'>sanctos</span> <span class='ocrx_word' id='word_1_262' title='bbox 265 1050 334 1075; x_wconf 73' lang='lat' dir='ltr'>illius</span> <span class='ocrx_word' id='word_1_263' title='bbox 347 1050 469 1082; x_wconf 81' lang='lat' dir='ltr'>pervenit,</span> <span class='ocrx_word' id='word_1_264' title='bbox 482 1049 524 1083; x_wconf 82' lang='lat' dir='ltr'>qui</span> <span class='ocrx_word' id='word_1_265' title='bbox 536 1049 563 1074; x_wconf 85' lang='lat' dir='ltr'>in</span> <span class='ocrx_word' id='word_1_266' title='bbox 577 1049 674 1083; x_wconf 73' lang='lat' dir='ltr'>peculio</span> <span class='ocrx_word' id='word_1_267' title='bbox 687 1047 800 1078; x_wconf 77' lang='lat' dir='ltr'>Domini,</span> <span class='ocrx_word' id='word_1_268' title='bbox 812 1052 835 1073; x_wconf 88' lang='lat' dir='ltr'>et</span> <span class='ocrx_word' id='word_1_269' title='bbox 850 1048 875 1072; x_wconf 84' lang='lat' dir='ltr'>in</span> <span class='ocrx_word' id='word_1_270' title='bbox 890 1047 946 1081; x_wconf 73' lang='lat' dir='ltr'>ejus</span> 
     </span>
     <span class='ocr_line' id='line_1_38' title="bbox 151 1081 946 1118; baseline -0.004 -8"><span class='ocrx_word' id='word_1_271' title='bbox 151 1089 225 1118; x_wconf 78' lang='lat' dir='ltr'>parte</span> <span class='ocrx_word' id='word_1_272' title='bbox 236 1089 396 1117; x_wconf 80' lang='lat' dir='ltr'>reputantur.</span> <span class='ocrx_word' id='word_1_273' title='bbox 409 1084 594 1110; x_wconf 77' lang='lat' dir='ltr'>Theodoretus</span> <span class='ocrx_word' id='word_1_274' title='bbox 603 1083 627 1109; x_wconf 91' lang='lat' dir='ltr'>in</span> <span class='ocrx_word' id='word_1_275' title='bbox 637 1085 758 1110; x_wconf 82' lang='lat' dir='ltr'>eumdem</span> <span class='ocrx_word' id='word_1_276' title='bbox 768 1083 853 1108; x_wconf 88' lang='lat' dir='ltr'>locum</span> <span class='ocrx_word' id='word_1_277' title='bbox 865 1081 946 1107; x_wconf 86' lang='lat' dir='ltr'>:Par-</span> 
     </span>
     <span class='ocr_line' id='line_1_39' title="bbox 151 1117 948 1154; baseline -0.004 -8"><span class='ocrx_word' id='word_1_278' title='bbox 151 1124 210 1153; x_wconf 84' lang='lat' dir='ltr'>tem,</span> <span class='ocrx_word' id='word_1_279' title='bbox 221 1119 316 1154; x_wconf 85' lang='lat' dir='ltr'>inquit,</span> <span class='ocrx_word' id='word_1_280' title='bbox 331 1119 443 1154; x_wconf 70' lang='lat' dir='ltr'>appellat</span> <span class='ocrx_word' id='word_1_281' title='bbox 453 1118 595 1146; x_wconf 73' lang='lat' dir='ltr'>Israel.Sic</span> <span class='ocrx_word' id='word_1_282' title='bbox 602 1119 668 1145; x_wconf 80' lang='lat' dir='ltr'>enim</span> <span class='ocrx_word' id='word_1_283' title='bbox 675 1119 750 1144; x_wconf 86' lang='lat' dir='ltr'>etiam</span> <span class='ocrx_word' id='word_1_284' title='bbox 758 1117 930 1152; x_wconf 78' lang='lat' dir='ltr'>Mosesinquit</span> <span class='ocrx_word' id='word_1_285' title='bbox 938 1123 948 1143; x_wconf 90' lang='grc'>.·</span> 
     </span>
    </p>
   </div>
   <div class='ocr_carea' id='block_1_6' title="bbox 996 866 1795 1113">
    <p class='ocr_par' dir='ltr' id='par_1_11' title="bbox 999 866 1795 940">
     <span class='ocr_line' id='line_1_40' title="bbox 1040 866 1795 901; baseline -0.005 -4"><span class='ocrx_word' id='word_1_286' title='bbox 1040 870 1104 897; x_wconf 63' lang='lat' dir='ltr'>cto.</span> <span class='ocrx_word' id='word_1_287' title='bbox 1131 878 1195 896; x_wconf 81' lang='lat' dir='ltr'><strong>xxx.</strong></span> <span class='ocrx_word' id='word_1_288' title='bbox 1219 869 1251 895; x_wconf 89' lang='lat' dir='ltr'>N.</span> <span class='ocrx_word' id='word_1_289' title='bbox 1277 869 1303 896; x_wconf 77' lang='lat' dir='ltr'>i.</span> <span class='ocrx_word' id='word_1_290' title='bbox 1332 869 1369 894; x_wconf 87' lang='lat' dir='ltr'>Ex</span> <span class='ocrx_word' id='word_1_291' title='bbox 1395 867 1533 901; x_wconf 80' lang='lat' dir='ltr'>Gregorio,</span> <span class='ocrx_word' id='word_1_292' title='bbox 1559 867 1664 894; x_wconf 83' lang='lat' dir='ltr'>homilia</span> <span class='ocrx_word' id='word_1_293' title='bbox 1686 866 1729 893; x_wconf 75' lang='lat'><strong>40.</strong></span> <span class='ocrx_word' id='word_1_294' title='bbox 1746 866 1795 893; x_wconf 80' lang='lat' dir='ltr'>Est</span> 
     </span>
     <span class='ocr_line' id='line_1_41' title="bbox 999 903 1597 940; baseline -0.007 -7"><span class='ocrx_word' id='word_1_295' title='bbox 999 906 1067 940; x_wconf 89' lang='lat' dir='ltr'>apud</span> <span class='ocrx_word' id='word_1_296' title='bbox 1085 906 1247 939; x_wconf 78' lang='lat' dir='ltr'>Magistrum,</span> <span class='ocrx_word' id='word_1_297' title='bbox 1262 904 1288 930; x_wconf 94' lang='lat' dir='ltr'>in</span> <span class='ocrx_word' id='word_1_298' title='bbox 1301 911 1335 936; x_wconf 88' lang='lat' dir='ltr'>tv,</span> <span class='ocrx_word' id='word_1_299' title='bbox 1353 903 1415 930; x_wconf 53' lang='lat' dir='ltr'>din.</span> <span class='ocrx_word' id='word_1_300' title='bbox 1432 903 1475 930; x_wconf 80' lang='lat'>50.</span> <span class='ocrx_word' id='word_1_301' title='bbox 1489 903 1597 929; x_wconf 66' lang='lat' dir='ltr'>homst.</span> 
     </span>
    </p>

    <p class='ocr_par' dir='ltr' id='par_1_12' title="bbox 996 936 1794 1074">
     <span class='ocr_line' id='line_1_42' title="bbox 1035 936 1794 971; baseline -0.004 -5"><span class='ocrx_word' id='word_1_302' title='bbox 1035 941 1060 966; x_wconf 85' lang='lat'><strong>5.</strong></span> <span class='ocrx_word' id='word_1_303' title='bbox 1079 941 1105 967; x_wconf 92' lang='lat' dir='ltr'>in</span> <span class='ocrx_word' id='word_1_304' title='bbox 1124 941 1228 966; x_wconf 79' lang='lat' dir='ltr'>Excuso</span> <span class='ocrx_word' id='word_1_305' title='bbox 1242 944 1299 966; x_wconf 87' lang='lat' dir='ltr'>erat</span> <span class='ocrx_word' id='word_1_306' title='bbox 1313 940 1398 970; x_wconf 78' lang='lat' dir='ltr'>sieut;</span> <span class='ocrx_word' id='word_1_307' title='bbox 1413 945 1504 964; x_wconf 83' lang='lat' dir='ltr'>verum</span> <span class='ocrx_word' id='word_1_308' title='bbox 1525 937 1630 964; x_wconf 82' lang='lat' dir='ltr'>Gothus</span> <span class='ocrx_word' id='word_1_309' title='bbox 1648 936 1712 971; x_wconf 78' lang='lat' dir='ltr'>legit</span> <span class='ocrx_word' id='word_1_310' title='bbox 1728 946 1735 964; x_wconf 91' lang='lat'>:</span> <span class='ocrx_word' id='word_1_311' title='bbox 1750 936 1794 963; x_wconf 81' lang='lat' dir='ltr'>Sic</span> 
     </span>
     <span class='ocr_line' id='line_1_43' title="bbox 996 972 1794 1013; baseline -0.005 -11"><span class='ocrx_word' id='word_1_312' title='bbox 996 975 1241 1013; x_wconf 78' lang='lat' dir='ltr'>justitiainjustitia,</span> <span class='ocrx_word' id='word_1_313' title='bbox 1250 975 1286 1000; x_wconf 80' lang='lat' dir='ltr'>sit:</span> <span class='ocrx_word' id='word_1_314' title='bbox 1300 973 1447 1000; x_wconf 72' lang='lat' dir='ltr'>virtusoitio</span> <span class='ocrx_word' id='word_1_315' title='bbox 1456 974 1556 1000; x_wconf 75' lang='lat' dir='ltr'>crescit.</span> <span class='ocrx_word' id='word_1_316' title='bbox 1568 972 1636 1006; x_wconf 76' lang='lat' dir='ltr'>Erqo</span> <span class='ocrx_word' id='word_1_317' title='bbox 1648 977 1794 998; x_wconf 75' lang='lat' dir='ltr'>sanctorum</span> 
     </span>
     <span class='ocr_line' id='line_1_44' title="bbox 999 1007 1792 1044; baseline -0.006 -6"><span class='ocrx_word' id='word_1_318' title='bbox 999 1011 1121 1038; x_wconf 73' lang='lat' dir='ltr'>excrescit</span> <span class='ocrx_word' id='word_1_319' title='bbox 1136 1011 1229 1044; x_wconf 70' lang='lat' dir='ltr'>ylario,</span> <span class='ocrx_word' id='word_1_320' title='bbox 1252 1014 1278 1035; x_wconf 89' lang='lat' dir='ltr'>ut</span> <span class='ocrx_word' id='word_1_321' title='bbox 1293 1009 1328 1035; x_wconf 88' lang='lat' dir='ltr'>sit</span> <span class='ocrx_word' id='word_1_322' title='bbox 1343 1009 1488 1040; x_wconf 82' lang='lat' dir='ltr'>superioris</span> <span class='ocrx_word' id='word_1_323' title='bbox 1507 1008 1646 1035; x_wconf 69' lang='lat' dir='ltr'>sententiae</span> <span class='ocrx_word' id='word_1_324' title='bbox 1661 1007 1792 1039; x_wconf 83' lang='lat' dir='ltr'>redditio;</span> 
     </span>
     <span class='ocr_line' id='line_1_45' title="bbox 1000 1042 1696 1074; baseline -0.007 -1"><span class='ocrx_word' id='word_1_325' title='bbox 1000 1046 1122 1074; x_wconf 88' lang='lat' dir='ltr'>similiter</span> <span class='ocrx_word' id='word_1_326' title='bbox 1136 1050 1178 1072; x_wconf 88' lang='lat' dir='ltr'>est</span> <span class='ocrx_word' id='word_1_327' title='bbox 1192 1046 1216 1071; x_wconf 93' lang='lat' dir='ltr'>in</span> <span class='ocrx_word' id='word_1_328' title='bbox 1231 1044 1354 1071; x_wconf 86' lang='lat' dir='ltr'>omnibus</span> <span class='ocrx_word' id='word_1_329' title='bbox 1367 1044 1422 1070; x_wconf 80' lang='lat' dir='ltr'>sere</span> <span class='ocrx_word' id='word_1_330' title='bbox 1435 1047 1488 1069; x_wconf 87' lang='lat' dir='ltr'>vet.</span> <span class='ocrx_word' id='word_1_331' title='bbox 1501 1043 1567 1069; x_wconf 88' lang='lat' dir='ltr'>Cod.</span> <span class='ocrx_word' id='word_1_332' title='bbox 1590 1042 1696 1069; x_wconf 68' lang='lat' dir='ltr'>Lousa.</span> 
     </span>
    </p>

    <p class='ocr_par' dir='ltr' id='par_1_13' title="bbox 1038 1077 1795 1113">
     <span class='ocr_line' id='line_1_46' title="bbox 1038 1077 1795 1113; baseline -0.005 -6"><span class='ocrx_word' id='word_1_333' title='bbox 1038 1082 1106 1107; x_wconf 81' lang='lat' dir='ltr'>Ibid.</span> <span class='ocrx_word' id='word_1_334' title='bbox 1128 1080 1190 1112; x_wconf 79' lang='lat' dir='ltr'>Atii,</span> <span class='ocrx_word' id='word_1_335' title='bbox 1213 1081 1248 1106; x_wconf 78' lang='lat' dir='ltr'>sic</span> <span class='ocrx_word' id='word_1_336' title='bbox 1263 1080 1342 1105; x_wconf 74' lang='lat' dir='ltr'>virtus</span> <span class='ocrx_word' id='word_1_337' title='bbox 1361 1079 1432 1105; x_wconf 84' lang='lat' dir='ltr'>vitio.</span> <span class='ocrx_word' id='word_1_338' title='bbox 1451 1077 1545 1104; x_wconf 79' lang='lat' dir='ltr'>Crescit</span> <span class='ocrx_word' id='word_1_339' title='bbox 1566 1085 1626 1113; x_wconf 74' lang='lat' dir='ltr'>erqo</span> <span class='ocrx_word' id='word_1_340' title='bbox 1649 1081 1795 1103; x_wconf 81' lang='lat' dir='ltr'>sanctorum</span> 
     </span>
    </p>
   </div>
   <div class='ocr_carea' id='block_1_7' title="bbox 1002 1115 1285 1152">
    <p class='ocr_par' dir='ltr' id='par_1_14' title="bbox 1002 1115 1285 1152">
     <span class='ocr_line' id='line_1_47' title="bbox 1002 1115 1285 1152; baseline -0.007 -9"><span class='ocrx_word' id='word_1_341' title='bbox 1002 1117 1096 1152; x_wconf 61' lang='lat' dir='ltr'>(floria,</span> <span class='ocrx_word' id='word_1_342' title='bbox 1113 1117 1184 1142; x_wconf 82' lang='lat' dir='ltr'>dam.</span> <span class='ocrx_word' id='word_1_343' title='bbox 1201 1115 1285 1142; x_wconf 72' lang='lat' dir='ltr'>Annv.</span> 
     </span>
    </p>
   </div>
   <div class='ocr_carea' id='block_1_8' title="bbox 152 1194 1784 1212">
    <p class='ocr_par' dir='ltr' id='par_1_15' title="bbox 152 1194 1784 1212">
     <span class='ocr_line' id='line_1_48' title="bbox 152 1194 1784 1212; baseline 0 1804"><span class='ocrx_word' id='word_1_344' title='bbox 152 1194 1784 1212; x_wconf 95' lang='lat' dir='ltr'> </span> 
     </span>
    </p>
   </div>
   <div class='ocr_carea' id='block_1_9' title="bbox 702 1256 1251 1304">
    <p class='ocr_par' dir='ltr' id='par_1_16' title="bbox 702 1256 1251 1304">
     <span class='ocr_line' id='line_1_49' title="bbox 702 1256 1251 1304; baseline -0.005 0"><span class='ocrx_word' id='word_1_345' title='bbox 702 1262 877 1304; x_wconf 85' lang='lat' dir='ltr'>LIBER</span> <span class='ocrx_word' id='word_1_346' title='bbox 915 1256 1251 1303; x_wconf 88' lang='lat' dir='ltr'>SECUNDUS.</span> 
     </span>
    </p>
   </div>
   <div class='ocr_carea' id='block_1_10' title="bbox 400 1351 694 1444">
    <p class='ocr_par' dir='ltr' id='par_1_17' title="bbox 400 1351 694 1444">
     <span class='ocr_line' id='line_1_50' title="bbox 400 1351 694 1388; baseline -0.003 -9"><span class='ocrx_word' id='word_1_347' title='bbox 400 1353 478 1388; x_wconf 75' lang='lat'>190</span> <span class='ocrx_word' id='word_1_348' title='bbox 509 1351 642 1379; x_wconf 83' lang='lat' dir='ltr'><strong>CAPUT</strong></span> <span class='ocrx_word' id='word_1_349' title='bbox 675 1351 694 1378; x_wconf 91' lang='lat' dir='ltr'>l.</span> 
     </span>
     <span class='ocr_line' id='line_1_51' title="bbox 453 1408 639 1444; baseline -0.005 -9"><span class='ocrx_word' id='word_1_350' title='bbox 453 1408 492 1435; x_wconf 87' lang='lat' dir='ltr'>De</span> <span class='ocrx_word' id='word_1_351' title='bbox 503 1409 639 1444; x_wconf 70' lang='lat' dir='ltr'>sapientia.</span> 
     </span>
    </p>
   </div>
   <div class='ocr_carea' id='block_1_11' title="bbox 149 1465 982 1631">
    <p class='ocr_par' dir='ltr' id='par_1_18' title="bbox 149 1465 982 1631">
     <span class='ocr_line' id='line_1_52' title="bbox 187 1465 946 1501; baseline -0.003 -7"><span class='ocrx_word' id='word_1_352' title='bbox 187 1468 213 1494; x_wconf 76' lang='lat' dir='ltr'>l.</span> <span class='ocrx_word' id='word_1_353' title='bbox 225 1467 318 1494; x_wconf 89' lang='lat' dir='ltr'>Omnis</span> <span class='ocrx_word' id='word_1_354' title='bbox 333 1466 377 1501; x_wconf 80' lang='lat' dir='ltr'>qui</span> <span class='ocrx_word' id='word_1_355' title='bbox 404 1465 550 1492; x_wconf 84' lang='lat' dir='ltr'>secundum</span> <span class='ocrx_word' id='word_1_356' title='bbox 567 1466 650 1492; x_wconf 79' lang='lat' dir='ltr'>Deum</span> <span class='ocrx_word' id='word_1_357' title='bbox 674 1466 780 1500; x_wconf 87' lang='lat' dir='ltr'>sapiens</span> <span class='ocrx_word' id='word_1_358' title='bbox 800 1469 840 1492; x_wconf 83' lang='lat' dir='ltr'>cst</span> <span class='ocrx_word' id='word_1_359' title='bbox 854 1465 946 1493; x_wconf 79' lang='lat' dir='ltr'>beatus</span> 
     </span>
     <span class='ocr_line' id='line_1_53' title="bbox 149 1512 947 1548; baseline -0.003 -7"><span class='ocrx_word' id='word_1_360' title='bbox 149 1519 199 1542; x_wconf 89' lang='lat' dir='ltr'>est.</span> <span class='ocrx_word' id='word_1_361' title='bbox 215 1514 294 1541; x_wconf 88' lang='lat' dir='ltr'>Beata</span> <span class='ocrx_word' id='word_1_362' title='bbox 311 1514 362 1540; x_wconf 86' lang='lat' dir='ltr'>vita</span> <span class='ocrx_word' id='word_1_363' title='bbox 379 1513 495 1548; x_wconf 85' lang='lat' dir='ltr'>cognitio</span> <span class='ocrx_word' id='word_1_364' title='bbox 514 1513 661 1539; x_wconf 84' lang='lat' dir='ltr'>divinitatis</span> <span class='ocrx_word' id='word_1_365' title='bbox 677 1517 726 1539; x_wconf 85' lang='lat' dir='ltr'>est.</span> <span class='ocrx_word' id='word_1_366' title='bbox 745 1512 866 1547; x_wconf 84' lang='lat' dir='ltr'>Cognitio</span> <span class='ocrx_word' id='word_1_367' title='bbox 882 1512 947 1539; x_wconf 83' lang='lat' dir='ltr'>divi-</span> 
     </span>
     <span class='ocr_line' id='line_1_54' title="bbox 151 1558 982 1592; baseline -0.002 -6"><span class='ocrx_word' id='word_1_368' title='bbox 151 1560 242 1587; x_wconf 88' lang='lat' dir='ltr'>nitatis</span> <span class='ocrx_word' id='word_1_369' title='bbox 255 1560 341 1586; x_wconf 82' lang='lat' dir='ltr'>virtus</span> <span class='ocrx_word' id='word_1_370' title='bbox 356 1558 417 1585; x_wconf 80' lang='lat' dir='ltr'>boni</span> <span class='ocrx_word' id='word_1_371' title='bbox 433 1559 521 1592; x_wconf 72' lang='lat' dir='ltr'>operis</span> <span class='ocrx_word' id='word_1_372' title='bbox 537 1562 588 1585; x_wconf 88' lang='lat' dir='ltr'>est.</span> <span class='ocrx_word' id='word_1_373' title='bbox 605 1558 696 1585; x_wconf 82' lang='lat' dir='ltr'>Virtus</span> <span class='ocrx_word' id='word_1_374' title='bbox 711 1559 772 1585; x_wconf 85' lang='lat' dir='ltr'>boni</span> <span class='ocrx_word' id='word_1_375' title='bbox 787 1558 875 1591; x_wconf 87' lang='lat' dir='ltr'>operis</span> <span class='ocrx_word' id='word_1_376' title='bbox 891 1558 946 1585; x_wconf 88' lang='lat' dir='ltr'>t&#39;ru-</span> <span class='ocrx_word' id='word_1_377' title='bbox 959 1561 982 1592; x_wconf 83' lang='lat' dir='ltr'>C</span> 
     </span>
     <span class='ocr_line' id='line_1_55' title="bbox 151 1604 442 1631; baseline -0.007 0"><span class='ocrx_word' id='word_1_378' title='bbox 151 1610 210 1631; x_wconf 87' lang='lat' dir='ltr'>ctus</span> <span class='ocrx_word' id='word_1_379' title='bbox 223 1604 380 1631; x_wconf 85' lang='lat' dir='ltr'>aeternitatis</span> <span class='ocrx_word' id='word_1_380' title='bbox 393 1608 442 1630; x_wconf 88' lang='lat' dir='ltr'>est.</span> 
     </span>
    </p>
   </div>
   <div class='ocr_carea' id='block_1_12' title="bbox 151 1658 947 1785">
    <p class='ocr_par' dir='ltr' id='par_1_19' title="bbox 151 1658 947 1785">
     <span class='ocr_line' id='line_1_56' title="bbox 186 1658 947 1693; baseline 0 -7"><span class='ocrx_word' id='word_1_381' title='bbox 186 1660 213 1686; x_wconf 73' lang='lat'><strong>2.</strong></span> <span class='ocrx_word' id='word_1_382' title='bbox 231 1659 280 1692; x_wconf 89' lang='lat' dir='ltr'>Qui</span> <span class='ocrx_word' id='word_1_383' title='bbox 299 1659 445 1685; x_wconf 88' lang='lat' dir='ltr'>secundnm</span> <span class='ocrx_word' id='word_1_384' title='bbox 464 1658 590 1685; x_wconf 80' lang='lat' dir='ltr'>saeculnm</span> <span class='ocrx_word' id='word_1_385' title='bbox 611 1658 718 1693; x_wconf 88' lang='lat' dir='ltr'>sapiens</span> <span class='ocrx_word' id='word_1_386' title='bbox 733 1663 785 1690; x_wconf 89' lang='lat' dir='ltr'>est,</span> <span class='ocrx_word' id='word_1_387' title='bbox 801 1658 947 1686; x_wconf 88' lang='lat' dir='ltr'>secundum</span> 
     </span>
     <span class='ocr_line' id='line_1_57' title="bbox 151 1704 944 1740; baseline 0.001 -9"><span class='ocrx_word' id='word_1_388' title='bbox 151 1705 235 1732; x_wconf 84' lang='lat' dir='ltr'>Deum</span> <span class='ocrx_word' id='word_1_389' title='bbox 249 1705 344 1731; x_wconf 85' lang='lat' dir='ltr'>stultus</span> <span class='ocrx_word' id='word_1_390' title='bbox 359 1709 408 1731; x_wconf 89' lang='lat' dir='ltr'>est.</span> <span class='ocrx_word' id='word_1_391' title='bbox 422 1704 497 1731; x_wconf 88' lang='lat' dir='ltr'>Unde</span> <span class='ocrx_word' id='word_1_392' title='bbox 514 1709 541 1731; x_wconf 77' lang='lat' dir='ltr'>ct</span> <span class='ocrx_word' id='word_1_393' title='bbox 555 1704 684 1738; x_wconf 81' lang='lat' dir='ltr'>propheta</span> <span class='ocrx_word' id='word_1_394' title='bbox 704 1713 710 1730; x_wconf 90' lang='lat'>:</span> <span class='ocrx_word' id='word_1_395' title='bbox 729 1705 944 1740; x_wconf 73' lang='lat' dir='ltr'>Stultus‚inquit,</span> 
     </span>
     <span class='ocr_line' id='line_1_58' title="bbox 151 1750 891 1785; baseline 0.001 -8"><span class='ocrx_word' id='word_1_396' title='bbox 151 1751 233 1785; x_wconf 73' lang='lat' dir='ltr'>factus</span> <span class='ocrx_word' id='word_1_397' title='bbox 243 1756 279 1777; x_wconf 80' lang='lat' dir='ltr'>est</span> <span class='ocrx_word' id='word_1_398' title='bbox 289 1751 372 1777; x_wconf 75' lang='lat' dir='ltr'>omnis</span> <span class='ocrx_word' id='word_1_399' title='bbox 383 1751 458 1776; x_wconf 84' lang='lat' dir='ltr'>homo</span> <span class='ocrx_word' id='word_1_400' title='bbox 469 1759 484 1776; x_wconf 88' lang='lat' dir='ltr'>a</span> <span class='ocrx_word' id='word_1_401' title='bbox 497 1751 601 1785; x_wconf 75' lang='lat' dir='ltr'>scientia</span> <span class='ocrx_word' id='word_1_402' title='bbox 612 1759 659 1777; x_wconf 75' lang='lat' dir='ltr'>aua</span> <span class='ocrx_word' id='word_1_403' title='bbox 672 1750 779 1785; x_wconf 78' lang='lat' dir='ltr'>(Jerem.</span> <span class='ocrx_word' id='word_1_404' title='bbox 792 1760 820 1784; x_wconf 84' lang='lat' dir='ltr'>x,</span> <span class='ocrx_word' id='word_1_405' title='bbox 836 1751 891 1785; x_wconf 71' lang='lat' dir='ltr'>tt).</span> 
     </span>
    </p>
   </div>
   <div class='ocr_carea' id='block_1_13' title="bbox 147 1799 946 2252">
    <p class='ocr_par' dir='ltr' id='par_1_20' title="bbox 149 1799 945 1889">
     <span class='ocr_line' id='line_1_59' title="bbox 184 1799 945 1843; baseline 0.003 -9"><span class='ocrx_word' id='word_1_406' title='bbox 184 1808 212 1834; x_wconf 74' lang='grc' dir='ltr'>ὅ.</span> <span class='ocrx_word' id='word_1_407' title='bbox 238 1799 354 1834; x_wconf 82' lang='lat' dir='ltr'>Primum</span> <span class='ocrx_word' id='word_1_408' title='bbox 379 1811 420 1834; x_wconf 89' lang='lat' dir='ltr'>est</span> <span class='ocrx_word' id='word_1_409' title='bbox 435 1808 554 1835; x_wconf 68' lang='lat' dir='ltr'>scientim</span> <span class='ocrx_word' id='word_1_410' title='bbox 568 1808 686 1834; x_wconf 88' lang='lat' dir='ltr'>studium</span> <span class='ocrx_word' id='word_1_411' title='bbox 701 1816 822 1842; x_wconf 81' lang='lat' dir='ltr'>quaerere</span> <span class='ocrx_word' id='word_1_412' title='bbox 844 1809 945 1843; x_wconf 90' lang='lat' dir='ltr'>Deum,</span> 
     </span>
     <span class='ocr_line' id='line_1_60' title="bbox 149 1853 873 1889; baseline 0 -8"><span class='ocrx_word' id='word_1_413' title='bbox 149 1853 248 1881; x_wconf 76' lang='lat' dir='ltr'>deinde</span> <span class='ocrx_word' id='word_1_414' title='bbox 265 1853 431 1881; x_wconf 83' lang='lat' dir='ltr'>honestatem</span> <span class='ocrx_word' id='word_1_415' title='bbox 447 1854 508 1880; x_wconf 79' lang='lat' dir='ltr'>vitoe</span> <span class='ocrx_word' id='word_1_416' title='bbox 530 1861 590 1880; x_wconf 85' lang='lat' dir='ltr'>cum</span> <span class='ocrx_word' id='word_1_417' title='bbox 607 1854 766 1881; x_wconf 85' lang='lat' dir='ltr'>innocentiae</span> <span class='ocrx_word' id='word_1_418' title='bbox 781 1862 873 1889; x_wconf 88' lang='lat' dir='ltr'>opere.</span> 
     </span>
    </p>

    <p class='ocr_par' dir='ltr' id='par_1_21' title="bbox 147 1899 946 2074">
     <span class='ocr_line' id='line_1_61' title="bbox 185 1899 946 1935; baseline 0.001 -9"><span class='ocrx_word' id='word_1_419' title='bbox 185 1899 213 1926; x_wconf 69' lang='grc'>4.</span> <span class='ocrx_word' id='word_1_420' title='bbox 223 1899 315 1926; x_wconf 88' lang='lat' dir='ltr'>Nullus</span> <span class='ocrx_word' id='word_1_421' title='bbox 326 1899 483 1933; x_wconf 82' lang='lat' dir='ltr'>sapientiam</span> <span class='ocrx_word' id='word_1_422' title='bbox 495 1899 541 1926; x_wconf 87' lang='lat' dir='ltr'>Dei</span> <span class='ocrx_word' id='word_1_423' title='bbox 554 1900 632 1934; x_wconf 88' lang='lat' dir='ltr'>plene</span> <span class='ocrx_word' id='word_1_424' title='bbox 643 1900 746 1934; x_wconf 80' lang='lat' dir='ltr'>recipit,</span> <span class='ocrx_word' id='word_1_425' title='bbox 755 1901 804 1926; x_wconf 89' lang='lat' dir='ltr'>nisi</span> <span class='ocrx_word' id='word_1_426' title='bbox 817 1900 902 1935; x_wconf 84' lang='lat' dir='ltr'>quise</span> <span class='ocrx_word' id='word_1_427' title='bbox 912 1900 946 1927; x_wconf 91' lang='lat' dir='ltr'>ab</span> 
     </span>
     <span class='ocr_line' id='line_1_62' title="bbox 149 1946 946 1974; baseline -0.001 0"><span class='ocrx_word' id='word_1_428' title='bbox 149 1947 221 1974; x_wconf 88' lang='lat' dir='ltr'>omni</span> <span class='ocrx_word' id='word_1_429' title='bbox 243 1946 400 1974; x_wconf 80' lang='lat' dir='ltr'>abstrahere</span> <span class='ocrx_word' id='word_1_430' title='bbox 422 1947 558 1973; x_wconf 78' lang='lat' dir='ltr'>actionum</span> <span class='ocrx_word' id='word_1_431' title='bbox 573 1954 635 1973; x_wconf 88' lang='lat' dir='ltr'>cura</span> <span class='ocrx_word' id='word_1_432' title='bbox 658 1946 805 1973; x_wconf 86' lang='lat' dir='ltr'>contendit.</span> <span class='ocrx_word' id='word_1_433' title='bbox 825 1946 899 1974; x_wconf 84' lang='lat' dir='ltr'>Unde</span> <span class='ocrx_word' id='word_1_434' title='bbox 919 1951 946 1974; x_wconf 89' lang='lat' dir='ltr'>et</span> 
     </span>
     <span class='ocr_line' id='line_1_63' title="bbox 147 1994 945 2028; baseline -0.001 -8"><span class='ocrx_word' id='word_1_435' title='bbox 147 1994 278 2028; x_wconf 63' lang='lat' dir='ltr'>scriptum</span> <span class='ocrx_word' id='word_1_436' title='bbox 294 1998 334 2020; x_wconf 85' lang='lat' dir='ltr'>est</span> <span class='ocrx_word' id='word_1_437' title='bbox 348 2002 355 2019; x_wconf 73' lang='grc' dir='ltr'>ε</span> <span class='ocrx_word' id='word_1_438' title='bbox 371 1994 507 2027; x_wconf 76' lang='lat' dir='ltr'>Sapientia</span> <span class='ocrx_word' id='word_1_439' title='bbox 522 1994 611 2020; x_wconf 58' lang='lat' dir='ltr'>scribat</span> <span class='ocrx_word' id='word_1_440' title='bbox 624 1994 651 2020; x_wconf 82' lang='lat' dir='ltr'>in</span> <span class='ocrx_word' id='word_1_441' title='bbox 667 1998 781 2028; x_wconf 84' lang='lat' dir='ltr'>tempore</span> <span class='ocrx_word' id='word_1_442' title='bbox 797 1994 851 2026; x_wconf 84' lang='lat' dir='ltr'>otii,</span> <span class='ocrx_word' id='word_1_443' title='bbox 869 1998 892 2020; x_wconf 85' lang='lat' dir='ltr'>et</span> <span class='ocrx_word' id='word_1_444' title='bbox 902 1994 945 2027; x_wconf 83' lang='lat' dir='ltr'>qui</span> 
     </span>
     <span class='ocr_line' id='line_1_64' title="bbox 150 2038 942 2074; baseline 0.001 -9"><span class='ocrx_word' id='word_1_445' title='bbox 150 2040 294 2065; x_wconf 79' lang='lat' dir='ltr'>minoratur</span> <span class='ocrx_word' id='word_1_446' title='bbox 301 2044 369 2072; x_wconf 81' lang='lat' dir='ltr'>actu,</span> <span class='ocrx_word' id='word_1_447' title='bbox 384 2039 437 2074; x_wconf 77' lang='lat' dir='ltr'>ipae</span> <span class='ocrx_word' id='word_1_448' title='bbox 449 2039 570 2074; x_wconf 76' lang='lat' dir='ltr'>percipiet</span> <span class='ocrx_word' id='word_1_449' title='bbox 580 2047 636 2066; x_wconf 86' lang='lat' dir='ltr'>eam</span> <span class='ocrx_word' id='word_1_450' title='bbox 652 2038 746 2073; x_wconf 78' lang='lat' dir='ltr'>(Eccti.</span> <span class='ocrx_word' id='word_1_451' title='bbox 759 2046 871 2072; x_wconf 83' lang='lat' dir='ltr'>xxxvnt,</span> <span class='ocrx_word' id='word_1_452' title='bbox 885 2039 942 2074; x_wconf 73' lang='lat'><strong>25).</strong></span> 
     </span>
    </p>

    <p class='ocr_par' dir='ltr' id='par_1_22' title="bbox 149 2084 943 2252">
     <span class='ocr_line' id='line_1_65' title="bbox 189 2084 943 2119; baseline 0.001 -9"><span class='ocrx_word' id='word_1_453' title='bbox 189 2085 214 2110; x_wconf 86' lang='lat'><strong>5.</strong></span> <span class='ocrx_word' id='word_1_454' title='bbox 232 2084 290 2111; x_wconf 81' lang='lat' dir='ltr'>Non</span> <span class='ocrx_word' id='word_1_455' title='bbox 304 2085 336 2111; x_wconf 89' lang='lat' dir='ltr'>ad</span> <span class='ocrx_word' id='word_1_456' title='bbox 351 2092 439 2118; x_wconf 77' lang='lat' dir='ltr'>parvm</span> <span class='ocrx_word' id='word_1_457' title='bbox 456 2085 640 2119; x_wconf 76' lang='lat' dir='ltr'>intelligentiae</span> <span class='ocrx_word' id='word_1_458' title='bbox 651 2092 740 2111; x_wconf 89' lang='lat' dir='ltr'>arcem</span> <span class='ocrx_word' id='word_1_459' title='bbox 753 2085 884 2119; x_wconf 88' lang='lat' dir='ltr'>pervenit,</span> <span class='ocrx_word' id='word_1_460' title='bbox 898 2084 943 2119; x_wconf 85' lang='lat' dir='ltr'>qui</span> 
     </span>
     <span class='ocr_line' id='line_1_66' title="bbox 149 2128 943 2163; baseline 0.004 -9"><span class='ocrx_word' id='word_1_461' title='bbox 149 2128 200 2155; x_wconf 85' lang='lat' dir='ltr'>scit</span> <span class='ocrx_word' id='word_1_462' title='bbox 217 2133 320 2156; x_wconf 84' lang='lat' dir='ltr'>secreta</span> <span class='ocrx_word' id='word_1_463' title='bbox 335 2129 382 2156; x_wconf 88' lang='lat' dir='ltr'>Dei</span> <span class='ocrx_word' id='word_1_464' title='bbox 394 2137 422 2156; x_wconf 82' lang='lat' dir='ltr'>se</span> <span class='ocrx_word' id='word_1_465' title='bbox 435 2134 574 2163; x_wconf 88' lang='lat' dir='ltr'>penetrare</span> <span class='ocrx_word' id='word_1_466' title='bbox 588 2137 641 2156; x_wconf 92' lang='lat' dir='ltr'>non</span> <span class='ocrx_word' id='word_1_467' title='bbox 662 2136 751 2163; x_wconf 88' lang='lat' dir='ltr'>posse.</span> <span class='ocrx_word' id='word_1_468' title='bbox 767 2129 841 2157; x_wconf 88' lang='lat' dir='ltr'>Tunc</span> <span class='ocrx_word' id='word_1_469' title='bbox 855 2134 943 2157; x_wconf 90' lang='lat' dir='ltr'>autem</span> 
     </span>
     <span class='ocr_line' id='line_1_67' title="bbox 149 2172 942 2209; baseline 0.004 -10"><span class='ocrx_word' id='word_1_470' title='bbox 149 2172 234 2199; x_wconf 88' lang='lat' dir='ltr'>Deum</span> <span class='ocrx_word' id='word_1_471' title='bbox 251 2177 323 2200; x_wconf 85' lang='lat' dir='ltr'>recte</span> <span class='ocrx_word' id='word_1_472' title='bbox 338 2173 518 2207; x_wconf 80' lang='lat' dir='ltr'>cognoscitur,</span> <span class='ocrx_word' id='word_1_473' title='bbox 536 2174 613 2209; x_wconf 75' lang='lat'>191</span> <span class='ocrx_word' id='word_1_474' title='bbox 630 2174 738 2208; x_wconf 84' lang='lat' dir='ltr'>quando</span> <span class='ocrx_word' id='word_1_475' title='bbox 748 2181 810 2201; x_wconf 87' lang='lat' dir='ltr'>eum</span> <span class='ocrx_word' id='word_1_476' title='bbox 827 2175 942 2208; x_wconf 76' lang='lat' dir='ltr'>perfecte</span> 
     </span>
     <span class='ocr_line' id='line_1_68' title="bbox 149 2218 468 2252; baseline 0 -8"><span class='ocrx_word' id='word_1_477' title='bbox 149 2218 220 2245; x_wconf 88' lang='lat' dir='ltr'>scire</span> <span class='ocrx_word' id='word_1_478' title='bbox 233 2225 283 2245; x_wconf 88' lang='lat' dir='ltr'>nos</span> <span class='ocrx_word' id='word_1_479' title='bbox 295 2218 468 2252; x_wconf 81' lang='lat' dir='ltr'>denegamus.</span> 
     </span>
    </p>
   </div>
   <div class='ocr_carea' id='block_1_14' title="bbox 142 2307 978 2848">
    <p class='ocr_par' dir='ltr' id='par_1_23' title="bbox 145 2307 978 2518">
     <span class='ocr_line' id='line_1_69' title="bbox 182 2307 978 2342; baseline 0 -6"><span class='ocrx_word' id='word_1_480' title='bbox 182 2310 246 2337; x_wconf 68' lang='lat' dir='ltr'>Car.</span> <span class='ocrx_word' id='word_1_481' title='bbox 262 2317 281 2336; x_wconf 82' lang='lat' dir='ltr'>i.</span> <span class='ocrx_word' id='word_1_482' title='bbox 298 2309 330 2336; x_wconf 88' lang='lat' dir='ltr'>N.</span> <span class='ocrx_word' id='word_1_483' title='bbox 343 2308 372 2335; x_wconf 67' lang='grc' dir='ltr'>Ξ.</span> <span class='ocrx_word' id='word_1_484' title='bbox 389 2309 529 2341; x_wconf 74' lang='lat' dir='ltr'>ieremias,</span> <span class='ocrx_word' id='word_1_485' title='bbox 540 2316 557 2335; x_wconf 88' lang='lat' dir='ltr'>x</span> <span class='ocrx_word' id='word_1_486' title='bbox 571 2315 580 2335; x_wconf 88' lang='lat'><strong>:</strong></span> <span class='ocrx_word' id='word_1_487' title='bbox 596 2307 696 2335; x_wconf 69' lang='lat' dir='ltr'>Stultus</span> <span class='ocrx_word' id='word_1_488' title='bbox 711 2308 792 2342; x_wconf 70' lang='lat' dir='ltr'>(actus</span> <span class='ocrx_word' id='word_1_489' title='bbox 803 2311 840 2335; x_wconf 71' lang='lat' dir='ltr'>eat</span> <span class='ocrx_word' id='word_1_490' title='bbox 855 2309 937 2336; x_wconf 77' lang='lat' dir='ltr'>omnis</span> <span class='ocrx_word' id='word_1_491' title='bbox 949 2309 978 2340; x_wconf 81' lang='lat' dir='ltr'>D</span> 
     </span>
     <span class='ocr_line' id='line_1_70' title="bbox 147 2343 938 2377; baseline -0.003 -5"><span class='ocrx_word' id='word_1_492' title='bbox 147 2346 222 2372; x_wconf 82' lang='lat' dir='ltr'>homo</span> <span class='ocrx_word' id='word_1_493' title='bbox 238 2345 384 2375; x_wconf 68' lang='lat' dir='ltr'>awiensta,</span> <span class='ocrx_word' id='word_1_494' title='bbox 399 2344 425 2370; x_wconf 88' lang='lat' dir='ltr'>in</span> <span class='ocrx_word' id='word_1_495' title='bbox 441 2343 683 2377; x_wconf 82' lang='lat' dir='ltr'>EditioneVulgata</span> <span class='ocrx_word' id='word_1_496' title='bbox 699 2351 750 2369; x_wconf 88' lang='lat' dir='ltr'>non</span> <span class='ocrx_word' id='word_1_497' title='bbox 766 2346 808 2368; x_wconf 82' lang='lat' dir='ltr'>est</span> <span class='ocrx_word' id='word_1_498' title='bbox 818 2351 875 2374; x_wconf 74' lang='lat' dir='ltr'>aaa,</span> <span class='ocrx_word' id='word_1_499' title='bbox 891 2351 938 2370; x_wconf 87' lang='lat' dir='ltr'>ne·</span> 
     </span>
     <span class='ocr_line' id='line_1_71' title="bbox 146 2377 937 2416; baseline -0.005 -8"><span class='ocrx_word' id='word_1_500' title='bbox 146 2388 198 2415; x_wconf 80' lang='lat' dir='ltr'>que</span> <span class='ocrx_word' id='word_1_501' title='bbox 217 2379 468 2415; x_wconf 60' lang='lat' dir='ltr'>apudsepluagint.</span> <span class='ocrx_word' id='word_1_502' title='bbox 485 2386 493 2404; x_wconf 72' lang='lat' dir='ltr'>t</span> <span class='ocrx_word' id='word_1_503' title='bbox 508 2378 652 2416; x_wconf 76' lang='grc' dir='ltr'>Ἐμωράνθη</span> <span class='ocrx_word' id='word_1_504' title='bbox 672 2382 725 2408; x_wconf 76' lang='grc' dir='ltr'>πᾶς</span> <span class='ocrx_word' id='word_1_505' title='bbox 739 2377 869 2411; x_wconf 79' lang='grc' dir='ltr'>ἅνθρωπος</span> <span class='ocrx_word' id='word_1_506' title='bbox 886 2379 937 2405; x_wconf 84' lang='grc' dir='ltr'>ἀπὸ</span> 
     </span>
     <span class='ocr_line' id='line_1_72' title="bbox 145 2413 938 2453; baseline -0.006 -9"><span class='ocrx_word' id='word_1_507' title='bbox 145 2418 271 2453; x_wconf 72' lang='grc' dir='ltr'>γνώσεως.</span> <span class='ocrx_word' id='word_1_508' title='bbox 289 2414 387 2442; x_wconf 82' lang='lat' dir='ltr'>Verum</span> <span class='ocrx_word' id='word_1_509' title='bbox 402 2414 471 2446; x_wconf 81' lang='lat' dir='ltr'>apud</span> <span class='ocrx_word' id='word_1_510' title='bbox 486 2413 612 2440; x_wconf 78' lang='lat' dir='ltr'>Hebraeos</span> <span class='ocrx_word' id='word_1_511' title='bbox 625 2418 666 2440; x_wconf 86' lang='lat' dir='ltr'>est</span> <span class='ocrx_word' id='word_1_512' title='bbox 685 2422 700 2440; x_wconf 87' lang='lat' dir='ltr'>a</span> <span class='ocrx_word' id='word_1_513' title='bbox 722 2413 824 2439; x_wconf 80' lang='lat' dir='ltr'>scientia</span> <span class='ocrx_word' id='word_1_514' title='bbox 838 2420 895 2445; x_wconf 75' lang='lat' dir='ltr'>aua,</span> <span class='ocrx_word' id='word_1_515' title='bbox 911 2417 938 2440; x_wconf 89' lang='lat' dir='ltr'>et</span> 
     </span>
     <span class='ocr_line' id='line_1_73' title="bbox 145 2448 935 2484; baseline -0.008 -5"><span class='ocrx_word' id='word_1_516' title='bbox 145 2454 182 2479; x_wconf 87' lang='lat' dir='ltr'>ita</span> <span class='ocrx_word' id='word_1_517' title='bbox 199 2451 277 2478; x_wconf 84' lang='lat' dir='ltr'>vertit</span> <span class='ocrx_word' id='word_1_518' title='bbox 289 2449 367 2478; x_wconf 89' lang='lat' dir='ltr'>divus</span> <span class='ocrx_word' id='word_1_519' title='bbox 390 2450 558 2484; x_wconf 63' lang='lat' dir='ltr'>Hieronym„</span> <span class='ocrx_word' id='word_1_520' title='bbox 575 2448 674 2476; x_wconf 84' lang='lat' dir='ltr'>Jerem.</span> <span class='ocrx_word' id='word_1_521' title='bbox 694 2456 722 2481; x_wconf 87' lang='lat' dir='ltr'>x,</span> <span class='ocrx_word' id='word_1_522' title='bbox 743 2448 863 2483; x_wconf 81' lang='lat' dir='ltr'>quamvis</span> <span class='ocrx_word' id='word_1_523' title='bbox 876 2455 935 2483; x_wconf 82' lang='lat' dir='ltr'>cap.</span> 
     </span>
     <span class='ocr_line' id='line_1_74' title="bbox 146 2485 589 2518; baseline -0.007 -4"><span class='ocrx_word' id='word_1_524' title='bbox 146 2486 192 2518; x_wconf 81' lang='lat'><strong>5¹.</strong></span> <span class='ocrx_word' id='word_1_525' title='bbox 208 2495 223 2512; x_wconf 88' lang='lat' dir='ltr'>a</span> <span class='ocrx_word' id='word_1_526' title='bbox 233 2486 338 2513; x_wconf 76' lang='lat' dir='ltr'>scientia</span> <span class='ocrx_word' id='word_1_527' title='bbox 350 2489 465 2512; x_wconf 75' lang='lat' dir='ltr'>tantum.</span> <span class='ocrx_word' id='word_1_528' title='bbox 481 2485 589 2511; x_wconf 61' lang='lat' dir='ltr'>homst.</span> 
     </span>
    </p>

    <p class='ocr_par' dir='ltr' id='par_1_24' title="bbox 145 2517 936 2590">
     <span class='ocr_line' id='line_1_75' title="bbox 180 2517 936 2555; baseline -0.003 -7"><span class='ocrx_word' id='word_1_529' title='bbox 180 2521 207 2549; x_wconf 80' lang='lat'><strong>3.</strong></span> <span class='ocrx_word' id='word_1_530' title='bbox 223 2522 263 2549; x_wconf 85' lang='lat' dir='ltr'>Ex</span> <span class='ocrx_word' id='word_1_531' title='bbox 277 2521 339 2548; x_wconf 86' lang='lat' dir='ltr'>divo</span> <span class='ocrx_word' id='word_1_532' title='bbox 354 2521 478 2555; x_wconf 77' lang='lat' dir='ltr'>Gregor..</span> <span class='ocrx_word' id='word_1_533' title='bbox 494 2518 551 2546; x_wconf 76' lang='lat' dir='ltr'>fere</span> <span class='ocrx_word' id='word_1_534' title='bbox 563 2519 597 2546; x_wconf 83' lang='lat' dir='ltr'>ad</span> <span class='ocrx_word' id='word_1_535' title='bbox 612 2518 734 2549; x_wconf 88' lang='lat' dir='ltr'>verbum.</span> <span class='ocrx_word' id='word_1_536' title='bbox 756 2517 814 2545; x_wconf 82' lang='lat' dir='ltr'>haec</span> <span class='ocrx_word' id='word_1_537' title='bbox 828 2521 936 2546; x_wconf 54' lang='lat' dir='ltr'>senten*</span> 
     </span>
     <span class='ocr_line' id='line_1_76' title="bbox 145 2553 883 2590; baseline -0.005 -5"><span class='ocrx_word' id='word_1_538' title='bbox 145 2559 182 2585; x_wconf 86' lang='lat' dir='ltr'>tia</span> <span class='ocrx_word' id='word_1_539' title='bbox 195 2561 222 2585; x_wconf 89' lang='lat' dir='ltr'>et</span> <span class='ocrx_word' id='word_1_540' title='bbox 247 2562 362 2590; x_wconf 79' lang='lat' dir='ltr'>sequens</span> <span class='ocrx_word' id='word_1_541' title='bbox 377 2555 423 2583; x_wconf 90' lang='lat' dir='ltr'>lib.</span> <span class='ocrx_word' id='word_1_542' title='bbox 441 2562 508 2582; x_wconf 83' lang='lat' dir='ltr'>xvtn</span> <span class='ocrx_word' id='word_1_543' title='bbox 520 2554 622 2586; x_wconf 71' lang='lat' dir='ltr'>Marah,</span> <span class='ocrx_word' id='word_1_544' title='bbox 639 2561 698 2589; x_wconf 88' lang='lat' dir='ltr'>cap.</span> <span class='ocrx_word' id='word_1_545' title='bbox 712 2553 759 2582; x_wconf 76' lang='lat'><strong>25.</strong></span> <span class='ocrx_word' id='word_1_546' title='bbox 774 2553 883 2581; x_wconf 66' lang='lat' dir='ltr'>Lomu-</span> 
     </span>
    </p>

    <p class='ocr_par' dir='ltr' id='par_1_25' title="bbox 142 2588 936 2848">
     <span class='ocr_line' id='line_1_77' title="bbox 181 2588 936 2624; baseline -0.004 -5"><span class='ocrx_word' id='word_1_547' title='bbox 181 2592 207 2619; x_wconf 70' lang='lat' dir='ltr'>t.</span> <span class='ocrx_word' id='word_1_548' title='bbox 223 2591 309 2620; x_wconf 83' lang='lat' dir='ltr'>Locus</span> <span class='ocrx_word' id='word_1_549' title='bbox 319 2595 361 2619; x_wconf 80' lang='lat' dir='ltr'>est</span> <span class='ocrx_word' id='word_1_550' title='bbox 375 2590 463 2619; x_wconf 85' lang='lat' dir='ltr'>Eccle.</span> <span class='ocrx_word' id='word_1_551' title='bbox 478 2589 643 2622; x_wconf 78' lang='lat' dir='ltr'>xxxviit,ubi</span> <span class='ocrx_word' id='word_1_552' title='bbox 654 2590 680 2616; x_wconf 93' lang='lat' dir='ltr'>in</span> <span class='ocrx_word' id='word_1_553' title='bbox 697 2589 820 2616; x_wconf 81' lang='lat' dir='ltr'>Editione</span> <span class='ocrx_word' id='word_1_554' title='bbox 827 2588 936 2624; x_wconf 78' lang='lat' dir='ltr'>Vulgata</span> 
     </span>
     <span class='ocr_line' id='line_1_78' title="bbox 146 2624 936 2662; baseline -0.005 -7"><span class='ocrx_word' id='word_1_555' title='bbox 146 2629 186 2655; x_wconf 84' lang='lat' dir='ltr'>sic</span> <span class='ocrx_word' id='word_1_556' title='bbox 197 2631 239 2655; x_wconf 88' lang='lat' dir='ltr'>est</span> <span class='ocrx_word' id='word_1_557' title='bbox 252 2635 261 2655; x_wconf 75' lang='lat' dir='ltr'><strong><em>z</em></strong></span> <span class='ocrx_word' id='word_1_558' title='bbox 278 2627 413 2662; x_wconf 78' lang='lat' dir='ltr'>Sapientia</span> <span class='ocrx_word' id='word_1_559' title='bbox 423 2626 514 2652; x_wconf 72' lang='lat' dir='ltr'>scribae</span> <span class='ocrx_word' id='word_1_560' title='bbox 531 2626 682 2661; x_wconf 82' lang='lat' dir='ltr'>intempore</span> <span class='ocrx_word' id='word_1_561' title='bbox 692 2624 837 2656; x_wconf 69' lang='lat' dir='ltr'>vacuitatis,</span> <span class='ocrx_word' id='word_1_562' title='bbox 849 2627 874 2651; x_wconf 83' lang='lat' dir='ltr'>et</span> <span class='ocrx_word' id='word_1_563' title='bbox 891 2625 936 2659; x_wconf 77' lang='lat' dir='ltr'>qut</span> 
     </span>
     <span class='ocr_line' id='line_1_79' title="bbox 147 2658 934 2696; baseline -0.006 -6"><span class='ocrx_word' id='word_1_564' title='bbox 147 2663 291 2690; x_wconf 75' lang='lat' dir='ltr'>minoratur</span> <span class='ocrx_word' id='word_1_565' title='bbox 303 2665 362 2689; x_wconf 78' lang='lat' dir='ltr'>aeta</span> <span class='ocrx_word' id='word_1_566' title='bbox 373 2661 526 2696; x_wconf 72' lang='lat' dir='ltr'>sapientiam</span> <span class='ocrx_word' id='word_1_567' title='bbox 537 2660 669 2696; x_wconf 76' lang='lat' dir='ltr'>percipiet.</span> <span class='ocrx_word' id='word_1_568' title='bbox 683 2659 770 2687; x_wconf 81' lang='lat' dir='ltr'>Dietio</span> <span class='ocrx_word' id='word_1_569' title='bbox 782 2658 872 2686; x_wconf 68' lang='lat' dir='ltr'>scrita</span> <span class='ocrx_word' id='word_1_570' title='bbox 882 2665 934 2686; x_wconf 90' lang='lat' dir='ltr'>non</span> 
     </span>
     <span class='ocr_line' id='line_1_80' title="bbox 145 2695 934 2731; baseline 0.001 -9"><span class='ocrx_word' id='word_1_571' title='bbox 145 2702 188 2723; x_wconf 72' lang='lat' dir='ltr'>est</span> <span class='ocrx_word' id='word_1_572' title='bbox 199 2697 308 2725; x_wconf 81' lang='lat' dir='ltr'>verbum</span> <span class='ocrx_word' id='word_1_573' title='bbox 330 2695 490 2731; x_wconf 83' lang='lat' dir='ltr'>imperandi,</span> <span class='ocrx_word' id='word_1_574' title='bbox 513 2695 560 2723; x_wconf 84' lang='lat' dir='ltr'>sed</span> <span class='ocrx_word' id='word_1_575' title='bbox 583 2696 726 2729; x_wconf 76' lang='lat' dir='ltr'>genitivus.</span> <span class='ocrx_word' id='word_1_576' title='bbox 743 2699 771 2722; x_wconf 87' lang='lat' dir='ltr'>ut</span> <span class='ocrx_word' id='word_1_577' title='bbox 785 2698 888 2722; x_wconf 81' lang='lat' dir='ltr'>constat</span> <span class='ocrx_word' id='word_1_578' title='bbox 900 2700 934 2723; x_wconf 79' lang='lat' dir='ltr'>ex</span> 
     </span>
     <span class='ocr_line' id='line_1_81' title="bbox 146 2726 935 2770; baseline -0.001 -12"><span class='ocrx_word' id='word_1_579' title='bbox 146 2731 247 2759; x_wconf 80' lang='lat' dir='ltr'>Graecis</span> <span class='ocrx_word' id='word_1_580' title='bbox 268 2741 274 2756; x_wconf 81' lang='lat' dir='ltr'>z</span> <span class='ocrx_word' id='word_1_581' title='bbox 296 2734 369 2768; x_wconf 69' lang='grc' dir='ltr'><strong>Σοφία</strong></span> <span class='ocrx_word' id='word_1_582' title='bbox 391 2731 554 2770; x_wconf 73' lang='grc' dir='ltr'><strong><em>γραμματίος</em></strong></span> <span class='ocrx_word' id='word_1_583' title='bbox 579 2733 606 2759; x_wconf 69' lang='grc' dir='ltr'>ἂν</span> <span class='ocrx_word' id='word_1_584' title='bbox 623 2731 739 2769; x_wconf 53' lang='lat' dir='ltr'>&amp;utputa</span> <span class='ocrx_word' id='word_1_585' title='bbox 761 2730 872 2766; x_wconf 74' lang='grc' dir='ltr'><strong>σχολῆς.</strong></span> <span class='ocrx_word' id='word_1_586' title='bbox 898 2726 935 2757; x_wconf 72' lang='lat' dir='ltr'>Et</span> 
     </span>
     <span class='ocr_line' id='line_1_82' title="bbox 143 2765 934 2801; baseline -0.003 -7"><span class='ocrx_word' id='word_1_587' title='bbox 143 2765 277 2799; x_wconf 74' lang='lat' dir='ltr'>coiaiptut.</span> <span class='ocrx_word' id='word_1_588' title='bbox 291 2767 377 2795; x_wconf 84' lang='lat' dir='ltr'>Editio</span> <span class='ocrx_word' id='word_1_589' title='bbox 387 2767 423 2794; x_wconf 80' lang='lat' dir='ltr'>ita</span> <span class='ocrx_word' id='word_1_590' title='bbox 436 2767 515 2796; x_wconf 80' lang='lat' dir='ltr'>habet</span> <span class='ocrx_word' id='word_1_591' title='bbox 530 2775 538 2793; x_wconf 77' lang='lat' dir='ltr'><em>z</em></span> <span class='ocrx_word' id='word_1_592' title='bbox 554 2766 690 2801; x_wconf 75' lang='lat' dir='ltr'>Sapientia</span> <span class='ocrx_word' id='word_1_593' title='bbox 700 2765 789 2793; x_wconf 70' lang='lat' dir='ltr'>scribo.</span> <span class='ocrx_word' id='word_1_594' title='bbox 800 2766 827 2792; x_wconf 73' lang='lat' dir='ltr'>itt</span> <span class='ocrx_word' id='word_1_595' title='bbox 840 2771 842 2773; x_wconf 69' lang='grc'><strong><em>’</em></strong></span> <span class='ocrx_word' id='word_1_596' title='bbox 919 2778 934 2786; x_wconf 84' lang='grc'>-</span> 
     </span>
     <span class='ocr_line' id='line_1_83' title="bbox 142 2771 932 2848; baseline -0.008 -14"><span class='ocrx_word' id='word_1_597' title='bbox 142 2801 253 2834; x_wconf 57' lang='lat' dir='ltr'>tumult</span> <span class='ocrx_word' id='word_1_598' title='bbox 266 2802 321 2836; x_wconf 73' lang='lat' dir='ltr'>otii,</span> <span class='ocrx_word' id='word_1_599' title='bbox 337 2802 439 2831; x_wconf 71' lang='lat' dir='ltr'>seilicet</span> <span class='ocrx_word' id='word_1_600' title='bbox 456 2801 590 2837; x_wconf 76' lang='lat' dir='ltr'>consistit,</span> <span class='ocrx_word' id='word_1_601' title='bbox 603 2804 650 2829; x_wconf 86' lang='lat' dir='ltr'>aut</span> <span class='ocrx_word' id='word_1_602' title='bbox 662 2803 842 2842; x_wconf 74' lang='lat' dir='ltr'>comper-tur.</span> <span class='ocrx_word' id='word_1_603' title='bbox 862 2771 932 2848; x_wconf 45' lang='lat' dir='ltr'>aa}</span> 
     </span>
    </p>
   </div>
   <div class='ocr_carea' id='block_1_15' title="bbox 995 1348 1824 2254">
    <p class='ocr_par' dir='ltr' id='par_1_26' title="bbox 1000 1348 1824 1427">
     <span class='ocr_line' id='line_1_84' title="bbox 1035 1348 1824 1383; baseline 0.004 -7"><span class='ocrx_word' id='word_1_604' title='bbox 1035 1349 1062 1376; x_wconf 83' lang='lat'><strong>6.</strong></span> <span class='ocrx_word' id='word_1_605' title='bbox 1079 1348 1214 1376; x_wconf 84' lang='lat' dir='ltr'>interdum</span> <span class='ocrx_word' id='word_1_606' title='bbox 1230 1349 1352 1383; x_wconf 78' lang='lat' dir='ltr'>quaedam</span> <span class='ocrx_word' id='word_1_607' title='bbox 1368 1349 1474 1376; x_wconf 77' lang='lat' dir='ltr'>nescire</span> <span class='ocrx_word' id='word_1_608' title='bbox 1487 1349 1621 1376; x_wconf 87' lang='lat' dir='ltr'>convenit.</span> <span class='ocrx_word' id='word_1_609' title='bbox 1639 1349 1730 1378; x_wconf 86' lang='lat' dir='ltr'>Nullus</span> <span class='ocrx_word' id='word_1_610' title='bbox 1748 1359 1794 1379; x_wconf 84' lang='lat' dir='ltr'>au·</span> <span class='ocrx_word' id='word_1_611' title='bbox 1819 1361 1824 1369; x_wconf 87' lang='grc'><em>·</em></span> 
     </span>
     <span class='ocr_line' id='line_1_85' title="bbox 1000 1393 1757 1427; baseline 0.003 -6"><span class='ocrx_word' id='word_1_612' title='bbox 1000 1398 1053 1421; x_wconf 81' lang='lat' dir='ltr'>tem</span> <span class='ocrx_word' id='word_1_613' title='bbox 1070 1394 1096 1420; x_wconf 93' lang='lat' dir='ltr'>in</span> <span class='ocrx_word' id='word_1_614' title='bbox 1108 1393 1184 1426; x_wconf 85' lang='lat' dir='ltr'>culpa</span> <span class='ocrx_word' id='word_1_615' title='bbox 1201 1393 1286 1426; x_wconf 85' lang='lat' dir='ltr'>major</span> <span class='ocrx_word' id='word_1_616' title='bbox 1301 1397 1341 1419; x_wconf 89' lang='lat' dir='ltr'>est</span> <span class='ocrx_word' id='word_1_617' title='bbox 1352 1400 1431 1427; x_wconf 81' lang='lat' dir='ltr'>quam</span> <span class='ocrx_word' id='word_1_618' title='bbox 1447 1393 1491 1420; x_wconf 91' lang='lat' dir='ltr'>ille</span> <span class='ocrx_word' id='word_1_619' title='bbox 1506 1393 1550 1427; x_wconf 88' lang='lat' dir='ltr'>qni</span> <span class='ocrx_word' id='word_1_620' title='bbox 1562 1393 1646 1420; x_wconf 83' lang='lat' dir='ltr'>Deum</span> <span class='ocrx_word' id='word_1_621' title='bbox 1663 1395 1757 1423; x_wconf 86' lang='lat' dir='ltr'>nescit.</span> 
     </span>
    </p>

    <p class='ocr_par' dir='ltr' id='par_1_27' title="bbox 997 1437 1794 1795">
     <span class='ocr_line' id='line_1_86' title="bbox 1035 1437 1794 1473; baseline 0.003 -8"><span class='ocrx_word' id='word_1_622' title='bbox 1035 1439 1060 1465; x_wconf 86' lang='lat'><strong>7.</strong></span> <span class='ocrx_word' id='word_1_623' title='bbox 1079 1438 1313 1472; x_wconf 84' lang='lat' dir='ltr'>Investigationem</span> <span class='ocrx_word' id='word_1_624' title='bbox 1329 1438 1384 1464; x_wconf 83' lang='lat' dir='ltr'>veri</span> <span class='ocrx_word' id='word_1_625' title='bbox 1400 1437 1541 1464; x_wconf 86' lang='lat' dir='ltr'>multorum</span> <span class='ocrx_word' id='word_1_626' title='bbox 1553 1443 1594 1465; x_wconf 88' lang='lat' dir='ltr'>est</span> <span class='ocrx_word' id='word_1_627' title='bbox 1605 1446 1735 1473; x_wconf 68' lang='lat' dir='ltr'>quterere,</span> <span class='ocrx_word' id='word_1_628' title='bbox 1746 1440 1794 1469; x_wconf 81' lang='lat' dir='ltr'>sed</span> 
     </span>
     <span class='ocr_line' id='line_1_87' title="bbox 1001 1483 1794 1520; baseline 0.003 -8"><span class='ocrx_word' id='word_1_629' title='bbox 1001 1492 1147 1520; x_wconf 86' lang='lat' dir='ltr'>paucorum</span> <span class='ocrx_word' id='word_1_630' title='bbox 1161 1489 1202 1512; x_wconf 89' lang='lat' dir='ltr'>est</span> <span class='ocrx_word' id='word_1_631' title='bbox 1216 1484 1346 1511; x_wconf 82' lang='lat' dir='ltr'>invenire.</span> <span class='ocrx_word' id='word_1_632' title='bbox 1363 1483 1398 1510; x_wconf 88' lang='lat' dir='ltr'>Ea</span> <span class='ocrx_word' id='word_1_633' title='bbox 1411 1488 1499 1510; x_wconf 81' lang='lat' dir='ltr'>autem</span> <span class='ocrx_word' id='word_1_634' title='bbox 1511 1490 1569 1517; x_wconf 80' lang='lat' dir='ltr'>quae</span> <span class='ocrx_word' id='word_1_635' title='bbox 1583 1491 1662 1517; x_wconf 81' lang='lat' dir='ltr'>snpra</span> <span class='ocrx_word' id='word_1_636' title='bbox 1679 1485 1794 1514; x_wconf 83' lang='lat' dir='ltr'>hominis</span> 
     </span>
     <span class='ocr_line' id='line_1_88' title="bbox 1000 1529 1792 1565; baseline 0 -7"><span class='ocrx_word' id='word_1_637' title='bbox 1000 1531 1203 1565; x_wconf 79' lang='lat' dir='ltr'>intelligentiam</span> <span class='ocrx_word' id='word_1_638' title='bbox 1225 1534 1298 1562; x_wconf 87' lang='lat' dir='ltr'>sunt,</span> <span class='ocrx_word' id='word_1_639' title='bbox 1324 1529 1465 1556; x_wconf 87' lang='lat' dir='ltr'>scrutanda</span> <span class='ocrx_word' id='word_1_640' title='bbox 1491 1536 1542 1555; x_wconf 86' lang='lat' dir='ltr'>non</span> <span class='ocrx_word' id='word_1_641' title='bbox 1567 1534 1638 1555; x_wconf 88' lang='lat' dir='ltr'>sunt.</span> <span class='ocrx_word' id='word_1_642' title='bbox 1661 1530 1792 1565; x_wconf 82' lang='lat' dir='ltr'>Quidquid</span> 
     </span>
     <span class='ocr_line' id='line_1_89' title="bbox 997 1575 1791 1612; baseline 0 -8"><span class='ocrx_word' id='word_1_643' title='bbox 997 1584 1078 1612; x_wconf 83' lang='lat' dir='ltr'>supra</span> <span class='ocrx_word' id='word_1_644' title='bbox 1095 1577 1210 1604; x_wconf 88' lang='lat' dir='ltr'>hominis</span> <span class='ocrx_word' id='word_1_645' title='bbox 1225 1575 1386 1603; x_wconf 82' lang='lat' dir='ltr'>intellectum</span> <span class='ocrx_word' id='word_1_646' title='bbox 1407 1579 1448 1602; x_wconf 89' lang='lat' dir='ltr'>est</span> <span class='ocrx_word' id='word_1_647' title='bbox 1470 1575 1644 1608; x_wconf 60' lang='lat' dir='ltr'>quaerendum</span> <span class='ocrx_word' id='word_1_648' title='bbox 1667 1583 1719 1603; x_wconf 89' lang='lat' dir='ltr'>non</span> <span class='ocrx_word' id='word_1_649' title='bbox 1741 1582 1791 1604; x_wconf 88' lang='lat' dir='ltr'>est.</span> 
     </span>
     <span class='ocr_line' id='line_1_90' title="bbox 1001 1620 1792 1651; baseline -0.001 -1"><span class='ocrx_word' id='word_1_650' title='bbox 1001 1621 1119 1650; x_wconf 87' lang='lat' dir='ltr'>Consilio</span> <span class='ocrx_word' id='word_1_651' title='bbox 1134 1626 1222 1648; x_wconf 86' lang='lat' dir='ltr'>autem</span> <span class='ocrx_word' id='word_1_652' title='bbox 1241 1620 1332 1647; x_wconf 88' lang='lat' dir='ltr'>divino</span> <span class='ocrx_word' id='word_1_653' title='bbox 1348 1620 1537 1647; x_wconf 78' lang='lat' dir='ltr'>reservandum</span> <span class='ocrx_word' id='word_1_654' title='bbox 1551 1625 1601 1651; x_wconf 87' lang='lat' dir='ltr'>est,</span> <span class='ocrx_word' id='word_1_655' title='bbox 1620 1624 1649 1646; x_wconf 90' lang='lat' dir='ltr'>ut</span> <span class='ocrx_word' id='word_1_656' title='bbox 1670 1620 1720 1647; x_wconf 90' lang='lat' dir='ltr'>hoc</span> <span class='ocrx_word' id='word_1_657' title='bbox 1733 1628 1792 1649; x_wconf 82' lang='lat' dir='ltr'>cre·</span> 
     </span>
     <span class='ocr_line' id='line_1_91' title="bbox 999 1666 1789 1702; baseline 0 -6"><span class='ocrx_word' id='word_1_658' title='bbox 999 1670 1078 1696; x_wconf 87' lang='lat' dir='ltr'>datur</span> <span class='ocrx_word' id='word_1_659' title='bbox 1097 1675 1155 1695; x_wconf 84' lang='lat' dir='ltr'>csse</span> <span class='ocrx_word' id='word_1_660' title='bbox 1166 1668 1281 1702; x_wconf 84' lang='lat' dir='ltr'>justitia,</span> <span class='ocrx_word' id='word_1_661' title='bbox 1298 1667 1367 1702; x_wconf 85' lang='lat' dir='ltr'>quod</span> <span class='ocrx_word' id='word_1_662' title='bbox 1384 1667 1480 1693; x_wconf 84' lang='lat' dir='ltr'>divinae</span> <span class='ocrx_word' id='word_1_663' title='bbox 1499 1666 1632 1702; x_wconf 82' lang='lat' dir='ltr'>placuerit</span> <span class='ocrx_word' id='word_1_664' title='bbox 1650 1667 1789 1696; x_wconf 86' lang='lat' dir='ltr'>voluntati.</span> 
     </span>
     <span class='ocr_line' id='line_1_92' title="bbox 997 1710 1790 1749; baseline -0.001 -7"><span class='ocrx_word' id='word_1_665' title='bbox 997 1715 1057 1743; x_wconf 83' lang='lat' dir='ltr'>Non</span> <span class='ocrx_word' id='word_1_666' title='bbox 1071 1715 1143 1742; x_wconf 88' lang='lat' dir='ltr'>enim</span> <span class='ocrx_word' id='word_1_667' title='bbox 1162 1714 1261 1749; x_wconf 83' lang='lat' dir='ltr'>poterit</span> <span class='ocrx_word' id='word_1_668' title='bbox 1275 1720 1336 1741; x_wconf 86' lang='lat' dir='ltr'>esse</span> <span class='ocrx_word' id='word_1_669' title='bbox 1360 1710 1488 1747; x_wconf 78' lang='lat' dir='ltr'>injustum</span> <span class='ocrx_word' id='word_1_670' title='bbox 1503 1713 1573 1747; x_wconf 87' lang='lat' dir='ltr'>quod</span> <span class='ocrx_word' id='word_1_671' title='bbox 1587 1713 1658 1747; x_wconf 76' lang='lat' dir='ltr'>justo</span> <span class='ocrx_word' id='word_1_672' title='bbox 1672 1715 1790 1749; x_wconf 86' lang='lat' dir='ltr'>compla-</span> 
     </span>
     <span class='ocr_line' id='line_1_93' title="bbox 997 1761 1148 1795; baseline -0.007 -7"><span class='ocrx_word' id='word_1_673' title='bbox 997 1765 1040 1788; x_wconf 86' lang='lat' dir='ltr'>cet</span> <span class='ocrx_word' id='word_1_674' title='bbox 1053 1761 1148 1795; x_wconf 77' lang='lat' dir='ltr'>iudici.</span> 
     </span>
    </p>

    <p class='ocr_par' dir='ltr' id='par_1_28' title="bbox 996 1804 1791 1931">
     <span class='ocr_line' id='line_1_94' title="bbox 1034 1804 1790 1840; baseline -0.001 -6"><span class='ocrx_word' id='word_1_675' title='bbox 1034 1807 1062 1834; x_wconf 88' lang='lat'>8.</span> <span class='ocrx_word' id='word_1_676' title='bbox 1079 1806 1172 1833; x_wconf 82' lang='lat' dir='ltr'>omnis</span> <span class='ocrx_word' id='word_1_677' title='bbox 1185 1805 1315 1840; x_wconf 83' lang='lat' dir='ltr'>sapientia</span> <span class='ocrx_word' id='word_1_678' title='bbox 1330 1812 1363 1832; x_wconf 87' lang='lat' dir='ltr'>ex</span> <span class='ocrx_word' id='word_1_679' title='bbox 1381 1804 1492 1832; x_wconf 87' lang='lat' dir='ltr'>scientia</span> <span class='ocrx_word' id='word_1_680' title='bbox 1515 1809 1542 1832; x_wconf 87' lang='lat' dir='ltr'>et</span> <span class='ocrx_word' id='word_1_681' title='bbox 1555 1805 1709 1839; x_wconf 86' lang='lat' dir='ltr'>opinatione</span> <span class='ocrx_word' id='word_1_682' title='bbox 1723 1812 1790 1833; x_wconf 90' lang='lat' dir='ltr'>con-</span> 
     </span>
     <span class='ocr_line' id='line_1_95' title="bbox 997 1850 1791 1885; baseline -0.003 -6"><span class='ocrx_word' id='word_1_683' title='bbox 997 1852 1075 1879; x_wconf 89' lang='lat' dir='ltr'>sistit.</span> <span class='ocrx_word' id='word_1_684' title='bbox 1096 1851 1189 1878; x_wconf 83' lang='lat' dir='ltr'>Melior</span> <span class='ocrx_word' id='word_1_685' title='bbox 1208 1855 1248 1878; x_wconf 85' lang='lat' dir='ltr'>est</span> <span class='ocrx_word' id='word_1_686' title='bbox 1263 1855 1352 1877; x_wconf 86' lang='lat' dir='ltr'>autem</span> <span class='ocrx_word' id='word_1_687' title='bbox 1365 1857 1397 1877; x_wconf 85' lang='lat' dir='ltr'>ex</span> <span class='ocrx_word' id='word_1_688' title='bbox 1415 1850 1523 1878; x_wconf 79' lang='lat' dir='ltr'>scientia</span> <span class='ocrx_word' id='word_1_689' title='bbox 1538 1850 1647 1878; x_wconf 88' lang='lat' dir='ltr'>veniens</span> <span class='ocrx_word' id='word_1_690' title='bbox 1659 1858 1738 1885; x_wconf 73' lang='lat' dir='ltr'>quiam</span> <span class='ocrx_word' id='word_1_691' title='bbox 1756 1858 1791 1880; x_wconf 82' lang='lat' dir='ltr'>ex</span> 
     </span>
     <span class='ocr_line' id='line_1_96' title="bbox 996 1895 1788 1931; baseline 0 -8"><span class='ocrx_word' id='word_1_692' title='bbox 996 1896 1149 1931; x_wconf 85' lang='lat' dir='ltr'>opinatione</span> <span class='ocrx_word' id='word_1_693' title='bbox 1172 1896 1312 1923; x_wconf 85' lang='lat' dir='ltr'>sententia.</span> <span class='ocrx_word' id='word_1_694' title='bbox 1330 1895 1396 1922; x_wconf 80' lang='lat' dir='ltr'>Nam</span> <span class='ocrx_word' id='word_1_695' title='bbox 1411 1895 1454 1922; x_wconf 89' lang='lat' dir='ltr'>ilia</span> <span class='ocrx_word' id='word_1_696' title='bbox 1478 1902 1541 1922; x_wconf 83' lang='lat' dir='ltr'>vera</span> <span class='ocrx_word' id='word_1_697' title='bbox 1557 1899 1607 1926; x_wconf 87' lang='lat' dir='ltr'>est,</span> <span class='ocrx_word' id='word_1_698' title='bbox 1622 1895 1672 1922; x_wconf 86' lang='lat' dir='ltr'>ista</span> <span class='ocrx_word' id='word_1_699' title='bbox 1697 1895 1788 1923; x_wconf 87' lang='lat' dir='ltr'>dubia.</span> 
     </span>
    </p>

    <p class='ocr_par' dir='ltr' id='par_1_29' title="bbox 995 1941 1789 2207">
     <span class='ocr_line' id='line_1_97' title="bbox 1031 1941 1789 1977; baseline 0 -9"><span class='ocrx_word' id='word_1_700' title='bbox 1031 1942 1059 1971; x_wconf 81' lang='lat'><strong>9.</strong></span> <span class='ocrx_word' id='word_1_701' title='bbox 1076 1943 1115 1969; x_wconf 75' lang='lat' dir='ltr'>Ad</span> <span class='ocrx_word' id='word_1_702' title='bbox 1128 1942 1237 1977; x_wconf 78' lang='lat' dir='ltr'>majoris</span> <span class='ocrx_word' id='word_1_703' title='bbox 1247 1942 1333 1976; x_wconf 75' lang='lat' dir='ltr'>culpa:</span> <span class='ocrx_word' id='word_1_704' title='bbox 1346 1941 1480 1968; x_wconf 88' lang='lat' dir='ltr'>cumulum</span> <span class='ocrx_word' id='word_1_705' title='bbox 1496 1941 1610 1976; x_wconf 81' lang='lat' dir='ltr'>pertinet</span> <span class='ocrx_word' id='word_1_706' title='bbox 1620 1941 1688 1969; x_wconf 85' lang='lat' dir='ltr'>scire</span> <span class='ocrx_word' id='word_1_707' title='bbox 1698 1948 1789 1976; x_wconf 85' lang='lat' dir='ltr'>quem-</span> 
     </span>
     <span class='ocr_line' id='line_1_98' title="bbox 995 1987 1786 2023; baseline -0.001 -8"><span class='ocrx_word' id='word_1_708' title='bbox 995 1995 1075 2023; x_wconf 86' lang='lat' dir='ltr'>quam</span> <span class='ocrx_word' id='word_1_709' title='bbox 1092 1988 1162 2022; x_wconf 87' lang='lat' dir='ltr'>quod</span> <span class='ocrx_word' id='word_1_710' title='bbox 1184 1987 1258 2022; x_wconf 90' lang='lat' dir='ltr'>sequi</span> <span class='ocrx_word' id='word_1_711' title='bbox 1278 1987 1384 2021; x_wconf 85' lang='lat' dir='ltr'>debeat,</span> <span class='ocrx_word' id='word_1_712' title='bbox 1406 1991 1432 2015; x_wconf 91' lang='lat' dir='ltr'>et</span> <span class='ocrx_word' id='word_1_713' title='bbox 1447 1987 1523 2022; x_wconf 87' lang='lat' dir='ltr'>sequi</span> <span class='ocrx_word' id='word_1_714' title='bbox 1538 1987 1609 2014; x_wconf 91' lang='lat' dir='ltr'>nolle</span> <span class='ocrx_word' id='word_1_715' title='bbox 1624 1987 1693 2021; x_wconf 85' lang='lat' dir='ltr'>quod</span> <span class='ocrx_word' id='word_1_716' title='bbox 1709 1987 1786 2014; x_wconf 89' lang='lat' dir='ltr'>sciat.</span> 
     </span>
     <span class='ocr_line' id='line_1_99' title="bbox 997 2033 1788 2068; baseline -0.003 -7"><span class='ocrx_word' id='word_1_717' title='bbox 997 2034 1075 2062; x_wconf 89' lang='lat' dir='ltr'>Unde</span> <span class='ocrx_word' id='word_1_718' title='bbox 1089 2039 1116 2061; x_wconf 90' lang='lat' dir='ltr'>et</span> <span class='ocrx_word' id='word_1_719' title='bbox 1132 2033 1260 2061; x_wconf 86' lang='lat' dir='ltr'>Dominus</span> <span class='ocrx_word' id='word_1_720' title='bbox 1277 2042 1283 2059; x_wconf 77' lang='grc' dir='ltr'>ε</span> <span class='ocrx_word' id='word_1_721' title='bbox 1300 2033 1404 2066; x_wconf 69' lang='lat' dir='ltr'>Servus,</span> <span class='ocrx_word' id='word_1_722' title='bbox 1420 2033 1516 2068; x_wconf 87' lang='lat' dir='ltr'>inquit,</span> <span class='ocrx_word' id='word_1_723' title='bbox 1534 2033 1616 2060; x_wconf 72' lang='lat' dir='ltr'>scien:</span> <span class='ocrx_word' id='word_1_724' title='bbox 1634 2033 1788 2059; x_wconf 77' lang='lat' dir='ltr'>voluntatem</span> 
     </span>
     <span class='ocr_line' id='line_1_100' title="bbox 995 2079 1788 2115; baseline -0.003 -8"><span class='ocrx_word' id='word_1_725' title='bbox 995 2081 1100 2107; x_wconf 78' lang='lat' dir='ltr'>Domini</span> <span class='ocrx_word' id='word_1_726' title='bbox 1125 2081 1174 2113; x_wconf 78' lang='lat' dir='ltr'>sai,</span> <span class='ocrx_word' id='word_1_727' title='bbox 1198 2085 1222 2107; x_wconf 87' lang='lat' dir='ltr'>et</span> <span class='ocrx_word' id='word_1_728' title='bbox 1244 2088 1296 2106; x_wconf 84' lang='lat' dir='ltr'>non</span> <span class='ocrx_word' id='word_1_729' title='bbox 1321 2081 1428 2115; x_wconf 70' lang='lat' dir='ltr'>faciens,</span> <span class='ocrx_word' id='word_1_730' title='bbox 1455 2080 1532 2115; x_wconf 68' lang='lat' dir='ltr'>diane</span> <span class='ocrx_word' id='word_1_731' title='bbox 1550 2080 1632 2115; x_wconf 67' lang='lat' dir='ltr'>plagis</span> <span class='ocrx_word' id='word_1_732' title='bbox 1657 2079 1788 2114; x_wconf 80' lang='lat' dir='ltr'>vapulabit</span> 
     </span>
     <span class='ocr_line' id='line_1_101' title="bbox 995 2124 1787 2161; baseline -0.004 -8"><span class='ocrx_word' id='word_1_733' title='bbox 995 2127 1083 2154; x_wconf 70' lang='lat' dir='ltr'>multis</span> <span class='ocrx_word' id='word_1_734' title='bbox 1098 2127 1173 2161; x_wconf 77' lang='lat' dir='ltr'>(Lite.</span> <span class='ocrx_word' id='word_1_735' title='bbox 1187 2134 1234 2158; x_wconf 84' lang='lat' dir='ltr'>xit,</span> <span class='ocrx_word' id='word_1_736' title='bbox 1250 2125 1307 2160; x_wconf 75' lang='lat'><strong>47).</strong></span> <span class='ocrx_word' id='word_1_737' title='bbox 1320 2125 1355 2153; x_wconf 85' lang='lat' dir='ltr'>Et</span> <span class='ocrx_word' id='word_1_738' title='bbox 1373 2125 1488 2153; x_wconf 74' lang='lat' dir='ltr'>lacobus</span> <span class='ocrx_word' id='word_1_739' title='bbox 1504 2133 1511 2152; x_wconf 72' lang='grc' dir='ltr'>ε</span> <span class='ocrx_word' id='word_1_740' title='bbox 1528 2124 1625 2152; x_wconf 85' lang='lat' dir='ltr'>Scienti</span> <span class='ocrx_word' id='word_1_741' title='bbox 1642 2124 1734 2151; x_wconf 76' lang='lat' dir='ltr'>bonum</span> <span class='ocrx_word' id='word_1_742' title='bbox 1761 2128 1787 2151; x_wconf 85' lang='lat' dir='ltr'>et</span> 
     </span>
     <span class='ocr_line' id='line_1_102' title="bbox 995 2170 1582 2207; baseline -0.005 -7"><span class='ocrx_word' id='word_1_743' title='bbox 995 2181 1045 2200; x_wconf 85' lang='lat' dir='ltr'>non</span> <span class='ocrx_word' id='word_1_744' title='bbox 1060 2173 1176 2207; x_wconf 75' lang='lat' dir='ltr'>facienti,</span> <span class='ocrx_word' id='word_1_745' title='bbox 1193 2177 1322 2206; x_wconf 82' lang='lat' dir='ltr'>peccatum</span> <span class='ocrx_word' id='word_1_746' title='bbox 1336 2175 1372 2198; x_wconf 71' lang='lat' dir='ltr'>est</span> <span class='ocrx_word' id='word_1_747' title='bbox 1388 2170 1456 2207; x_wconf 70' lang='lat' dir='ltr'>(lac.</span> <span class='ocrx_word' id='word_1_748' title='bbox 1472 2178 1509 2204; x_wconf 80' lang='lat' dir='ltr'>tv,</span> <span class='ocrx_word' id='word_1_749' title='bbox 1525 2170 1582 2205; x_wconf 80' lang='grc' dir='ltr'>Π).</span> 
     </span>
    </p>

    <p class='ocr_par' dir='ltr' id='par_1_30' title="bbox 1030 2215 1783 2254">
     <span class='ocr_line' id='line_1_103' title="bbox 1030 2215 1783 2254; baseline -0.004 -9"><span class='ocrx_word' id='word_1_750' title='bbox 1030 2219 1074 2247; x_wconf 82' lang='lat'><strong>¹10.</strong></span> <span class='ocrx_word' id='word_1_751' title='bbox 1095 2219 1298 2254; x_wconf 84' lang='lat' dir='ltr'>Simplicitatem</span> <span class='ocrx_word' id='word_1_752' title='bbox 1321 2225 1382 2245; x_wconf 90' lang='lat' dir='ltr'>cum</span> <span class='ocrx_word' id='word_1_753' title='bbox 1403 2217 1506 2252; x_wconf 74' lang='lat' dir='ltr'>ignavia</span> <span class='ocrx_word' id='word_1_754' title='bbox 1522 2216 1612 2245; x_wconf 79' lang='lat' dir='ltr'>vocari</span> <span class='ocrx_word' id='word_1_755' title='bbox 1634 2215 1783 2247; x_wconf 79' lang='lat' dir='ltr'>stultitiam,</span> 
     </span>
    </p>
   </div>
   <div class='ocr_carea' id='block_1_16' title="bbox 984 2306 1832 2841">
    <p class='ocr_par' dir='ltr' id='par_1_31' title="bbox 984 2306 1832 2841">
     <span class='ocr_line' id='line_1_104' title="bbox 989 2306 1784 2344; baseline -0.003 -8"><span class='ocrx_word' id='word_1_756' title='bbox 989 2309 1034 2343; x_wconf 84' lang='lat' dir='ltr'>qui</span> <span class='ocrx_word' id='word_1_757' title='bbox 1049 2309 1200 2344; x_wconf 76' lang='lat' dir='ltr'>sapientiam</span> <span class='ocrx_word' id='word_1_758' title='bbox 1221 2308 1320 2342; x_wconf 82' lang='lat' dir='ltr'>legant,</span> <span class='ocrx_word' id='word_1_759' title='bbox 1345 2311 1373 2334; x_wconf 90' lang='lat' dir='ltr'>et</span> <span class='ocrx_word' id='word_1_760' title='bbox 1386 2310 1448 2334; x_wconf 90' lang='lat' dir='ltr'>tunc</span> <span class='ocrx_word' id='word_1_761' title='bbox 1463 2306 1553 2334; x_wconf 75' lang='lat' dir='ltr'>ocritae</span> <span class='ocrx_word' id='word_1_762' title='bbox 1577 2310 1618 2333; x_wconf 89' lang='lat' dir='ltr'>est</span> <span class='ocrx_word' id='word_1_763' title='bbox 1641 2306 1784 2334; x_wconf 86' lang='lat' dir='ltr'>nominati-</span> 
     </span>
     <span class='ocr_line' id='line_1_105' title="bbox 991 2340 1780 2375; baseline -0.001 -5"><span class='ocrx_word' id='word_1_764' title='bbox 991 2352 1051 2375; x_wconf 85' lang='lat' dir='ltr'>vus,</span> <span class='ocrx_word' id='word_1_765' title='bbox 1064 2346 1098 2370; x_wconf 86' lang='lat' dir='ltr'>ita</span> <span class='ocrx_word' id='word_1_766' title='bbox 1114 2349 1142 2370; x_wconf 85' lang='lat' dir='ltr'>ut</span> <span class='ocrx_word' id='word_1_767' title='bbox 1157 2343 1310 2370; x_wconf 84' lang='lat' dir='ltr'>sitsensns:</span> <span class='ocrx_word' id='word_1_768' title='bbox 1323 2342 1427 2371; x_wconf 66' lang='lat' dir='ltr'>scribae,</span> <span class='ocrx_word' id='word_1_769' title='bbox 1441 2341 1492 2368; x_wconf 86' lang='lat' dir='ltr'>hoc</span> <span class='ocrx_word' id='word_1_770' title='bbox 1503 2346 1554 2372; x_wconf 82' lang='lat' dir='ltr'>est,</span> <span class='ocrx_word' id='word_1_771' title='bbox 1567 2340 1632 2375; x_wconf 80' lang='lat' dir='ltr'>legis</span> <span class='ocrx_word' id='word_1_772' title='bbox 1641 2342 1780 2375; x_wconf 75' lang='lat' dir='ltr'>doctores,</span> 
     </span>
     <span class='ocr_line' id='line_1_106' title="bbox 991 2376 1782 2412; baseline 0 -7"><span class='ocrx_word' id='word_1_773' title='bbox 991 2379 1150 2411; x_wconf 79' lang='lat' dir='ltr'>sapientiam</span> <span class='ocrx_word' id='word_1_774' title='bbox 1165 2377 1312 2412; x_wconf 88' lang='lat' dir='ltr'>percipient</span> <span class='ocrx_word' id='word_1_775' title='bbox 1327 2377 1353 2402; x_wconf 90' lang='lat' dir='ltr'>in</span> <span class='ocrx_word' id='word_1_776' title='bbox 1371 2381 1490 2411; x_wconf 87' lang='lat' dir='ltr'>tempore</span> <span class='ocrx_word' id='word_1_777' title='bbox 1503 2384 1556 2409; x_wconf 75' lang='lat' dir='ltr'>quo</span> <span class='ocrx_word' id='word_1_778' title='bbox 1571 2376 1648 2402; x_wconf 57' lang='lat' dir='ltr'>vacui</span> <span class='ocrx_word' id='word_1_779' title='bbox 1661 2381 1688 2403; x_wconf 89' lang='lat' dir='ltr'>et</span> <span class='ocrx_word' id='word_1_780' title='bbox 1703 2377 1782 2405; x_wconf 83' lang='lat' dir='ltr'>liberi</span> 
     </span>
     <span class='ocr_line' id='line_1_107' title="bbox 991 2410 1780 2446; baseline 0.001 -7"><span class='ocrx_word' id='word_1_781' title='bbox 991 2418 1054 2440; x_wconf 88' lang='lat' dir='ltr'>sunt</span> <span class='ocrx_word' id='word_1_782' title='bbox 1068 2413 1101 2440; x_wconf 88' lang='lat' dir='ltr'>ab</span> <span class='ocrx_word' id='word_1_783' title='bbox 1115 2413 1241 2446; x_wconf 81' lang='lat' dir='ltr'>operibus</span> <span class='ocrx_word' id='word_1_784' title='bbox 1259 2411 1400 2438; x_wconf 81' lang='lat' dir='ltr'>servilibus</span> <span class='ocrx_word' id='word_1_785' title='bbox 1425 2416 1452 2438; x_wconf 89' lang='lat' dir='ltr'>et</span> <span class='ocrx_word' id='word_1_786' title='bbox 1466 2410 1652 2442; x_wconf 79' lang='lat' dir='ltr'>illiberalibits.</span> <span class='ocrx_word' id='word_1_787' title='bbox 1667 2415 1736 2438; x_wconf 82' lang='lat' dir='ltr'>totos</span> <span class='ocrx_word' id='word_1_788' title='bbox 1749 2419 1780 2440; x_wconf 85' lang='lat' dir='ltr'>se</span> 
     </span>
     <span class='ocr_line' id='line_1_108' title="bbox 991 2445 1832 2481; baseline 0 -7"><span class='ocrx_word' id='word_1_789' title='bbox 991 2448 1111 2474; x_wconf 84' lang='lat' dir='ltr'>veritatis</span> <span class='ocrx_word' id='word_1_790' title='bbox 1127 2447 1299 2480; x_wconf 86' lang='lat' dir='ltr'>speculationi</span> <span class='ocrx_word' id='word_1_791' title='bbox 1316 2446 1460 2473; x_wconf 85' lang='lat' dir='ltr'>tradentes.</span> <span class='ocrx_word' id='word_1_792' title='bbox 1475 2446 1527 2473; x_wconf 91' lang='lat' dir='ltr'>Sed</span> <span class='ocrx_word' id='word_1_793' title='bbox 1549 2445 1605 2473; x_wconf 76' lang='lat' dir='ltr'>haec</span> <span class='ocrx_word' id='word_1_794' title='bbox 1621 2446 1781 2480; x_wconf 83' lang='lat' dir='ltr'>interpreta-</span> <span class='ocrx_word' id='word_1_795' title='bbox 1831 2477 1832 2481; x_wconf 16' lang='grc' dir='ltr'><strong>Ἰ</strong></span> 
     </span>
     <span class='ocr_line' id='line_1_109' title="bbox 990 2480 1832 2516; baseline -0.001 -6"><span class='ocrx_word' id='word_1_796' title='bbox 990 2483 1039 2516; x_wconf 86' lang='lat' dir='ltr'>tio,</span> <span class='ocrx_word' id='word_1_797' title='bbox 1054 2482 1116 2510; x_wconf 86' lang='lat' dir='ltr'>licet</span> <span class='ocrx_word' id='word_1_798' title='bbox 1128 2490 1143 2508; x_wconf 90' lang='lat' dir='ltr'>a</span> <span class='ocrx_word' id='word_1_799' title='bbox 1155 2482 1241 2509; x_wconf 88' lang='lat' dir='ltr'>doctis</span> <span class='ocrx_word' id='word_1_800' title='bbox 1251 2482 1386 2515; x_wconf 85' lang='lat' dir='ltr'>probetur,</span> <span class='ocrx_word' id='word_1_801' title='bbox 1402 2480 1502 2509; x_wconf 78' lang='lat' dir='ltr'>Graecae</span> <span class='ocrx_word' id='word_1_802' title='bbox 1516 2481 1631 2508; x_wconf 85' lang='lat' dir='ltr'>Editioni</span> <span class='ocrx_word' id='word_1_803' title='bbox 1647 2488 1698 2508; x_wconf 91' lang='lat' dir='ltr'>non</span> <span class='ocrx_word' id='word_1_804' title='bbox 1712 2487 1779 2509; x_wconf 88' lang='lat' dir='ltr'>con·</span> <span class='ocrx_word' id='word_1_805' title='bbox 1830 2507 1832 2512; x_wconf 72' lang='grc'>,</span> 
     </span>
     <span class='ocr_line' id='line_1_110' title="bbox 991 2514 1777 2550; baseline 0 -6"><span class='ocrx_word' id='word_1_806' title='bbox 991 2517 1075 2544; x_wconf 78' lang='lat' dir='ltr'>venit.</span> <span class='ocrx_word' id='word_1_807' title='bbox 1089 2517 1205 2544; x_wconf 86' lang='lat' dir='ltr'>isidorus</span> <span class='ocrx_word' id='word_1_808' title='bbox 1219 2517 1306 2544; x_wconf 85' lang='lat' dir='ltr'>locum</span> <span class='ocrx_word' id='word_1_809' title='bbox 1318 2516 1467 2550; x_wconf 87' lang='lat' dir='ltr'>desumpsit</span> <span class='ocrx_word' id='word_1_810' title='bbox 1478 2524 1510 2543; x_wconf 85' lang='lat' dir='ltr'>ex</span> <span class='ocrx_word' id='word_1_811' title='bbox 1521 2516 1584 2543; x_wconf 85' lang='lat' dir='ltr'>divo</span> <span class='ocrx_word' id='word_1_812' title='bbox 1595 2514 1720 2550; x_wconf 71' lang='lat' dir='ltr'>Gregor..</span> <span class='ocrx_word' id='word_1_813' title='bbox 1730 2515 1777 2544; x_wconf 85' lang='lat' dir='ltr'>lib.</span> 
     </span>
     <span class='ocr_line' id='line_1_111' title="bbox 989 2546 1778 2587; baseline -0.001 -8"><span class='ocrx_word' id='word_1_814' title='bbox 989 2560 1053 2579; x_wconf 84' lang='lat' dir='ltr'>xvtn</span> <span class='ocrx_word' id='word_1_815' title='bbox 1076 2551 1181 2584; x_wconf 60' lang='lat' dir='ltr'>Mor-at„</span> <span class='ocrx_word' id='word_1_816' title='bbox 1201 2559 1260 2585; x_wconf 85' lang='lat' dir='ltr'>cap.</span> <span class='ocrx_word' id='word_1_817' title='bbox 1281 2551 1316 2579; x_wconf 77' lang='lat'>25</span> <span class='ocrx_word' id='word_1_818' title='bbox 1334 2559 1340 2577; x_wconf 69' lang='grc' dir='ltr'><strong><em>τ</em></strong></span> <span class='ocrx_word' id='word_1_819' title='bbox 1357 2550 1454 2579; x_wconf 66' lang='lat' dir='ltr'>Nattae</span> <span class='ocrx_word' id='word_1_820' title='bbox 1477 2546 1695 2587; x_wconf 74' lang='lat' dir='ltr'>quippe‚¹inquit‚</span> <span class='ocrx_word' id='word_1_821' title='bbox 1720 2558 1778 2578; x_wconf 78' lang='lat' dir='ltr'>eam</span> 
     </span>
     <span class='ocr_line' id='line_1_112' title="bbox 987 2585 1778 2622; baseline -0.003 -8"><span class='ocrx_word' id='word_1_822' title='bbox 987 2587 1064 2622; x_wconf 79' lang='lat' dir='ltr'>plane</span> <span class='ocrx_word' id='word_1_823' title='bbox 1076 2587 1188 2621; x_wconf 79' lang='lat' dir='ltr'>recipiet,</span> <span class='ocrx_word' id='word_1_824' title='bbox 1203 2587 1253 2614; x_wconf 71' lang='lat' dir='ltr'>nisi</span> <span class='ocrx_word' id='word_1_825' title='bbox 1265 2587 1307 2620; x_wconf 80' lang='lat' dir='ltr'>qui</span> <span class='ocrx_word' id='word_1_826' title='bbox 1319 2586 1350 2613; x_wconf 82' lang='lat' dir='ltr'>ab</span> <span class='ocrx_word' id='word_1_827' title='bbox 1363 2587 1432 2613; x_wconf 76' lang='lat' dir='ltr'>ontni</span> <span class='ocrx_word' id='word_1_828' title='bbox 1450 2594 1477 2614; x_wconf 75' lang='lat' dir='ltr'>ae</span> <span class='ocrx_word' id='word_1_829' title='bbox 1491 2585 1636 2613; x_wconf 67' lang='lat' dir='ltr'>abstrahere</span> <span class='ocrx_word' id='word_1_830' title='bbox 1648 2586 1778 2612; x_wconf 69' lang='lat' dir='ltr'>actionum</span> 
     </span>
     <span class='ocr_line' id='line_1_113' title="bbox 987 2619 1776 2658; baseline -0.004 -9"><span class='ocrx_word' id='word_1_831' title='bbox 987 2622 1130 2649; x_wconf 82' lang='lat' dir='ltr'>carnalium</span> <span class='ocrx_word' id='word_1_832' title='bbox 1142 2622 1308 2658; x_wconf 76' lang='lat' dir='ltr'>fluctuatione</span> <span class='ocrx_word' id='word_1_833' title='bbox 1319 2621 1462 2654; x_wconf 63' lang='lat' dir='ltr'>camenam</span> <span class='ocrx_word' id='word_1_834' title='bbox 1474 2621 1542 2648; x_wconf 78' lang='lat' dir='ltr'>unde</span> <span class='ocrx_word' id='word_1_835' title='bbox 1552 2624 1575 2648; x_wconf 85' lang='lat' dir='ltr'>et</span> <span class='ocrx_word' id='word_1_836' title='bbox 1585 2619 1651 2647; x_wconf 67' lang='lat' dir='ltr'>attan</span> <span class='ocrx_word' id='word_1_837' title='bbox 1661 2619 1756 2647; x_wconf 68' lang='lat' dir='ltr'>dicitur</span> <span class='ocrx_word' id='word_1_838' title='bbox 1765 2628 1776 2647; x_wconf 82' lang='grc'>.-</span> 
     </span>
     <span class='ocr_line' id='line_1_114' title="bbox 987 2655 1776 2692; baseline -0.006 -7"><span class='ocrx_word' id='word_1_839' title='bbox 987 2657 1122 2692; x_wconf 75' lang='lat' dir='ltr'>Sapientia</span> <span class='ocrx_word' id='word_1_840' title='bbox 1142 2657 1232 2684; x_wconf 65' lang='lat' dir='ltr'>acriore</span> <span class='ocrx_word' id='word_1_841' title='bbox 1258 2657 1285 2683; x_wconf 80' lang='lat' dir='ltr'>in</span> <span class='ocrx_word' id='word_1_842' title='bbox 1311 2661 1424 2692; x_wconf 72' lang='lat' dir='ltr'>tempore</span> <span class='ocrx_word' id='word_1_843' title='bbox 1443 2656 1498 2688; x_wconf 79' lang='lat' dir='ltr'>otii.</span> <span class='ocrx_word' id='word_1_844' title='bbox 1520 2660 1545 2683; x_wconf 88' lang='lat' dir='ltr'>et</span> <span class='ocrx_word' id='word_1_845' title='bbox 1565 2655 1610 2690; x_wconf 77' lang='lat' dir='ltr'>qui</span> <span class='ocrx_word' id='word_1_846' title='bbox 1632 2655 1776 2685; x_wconf 67' lang='lat' dir='ltr'>minoratur</span> 
     </span>
     <span class='ocr_line' id='line_1_115' title="bbox 985 2693 1751 2728; baseline -0.001 -9"><span class='ocrx_word' id='word_1_847' title='bbox 985 2698 1054 2725; x_wconf 79' lang='lat' dir='ltr'>actu,</span> <span class='ocrx_word' id='word_1_848' title='bbox 1067 2693 1120 2726; x_wconf 74' lang='lat' dir='ltr'>ipse</span> <span class='ocrx_word' id='word_1_849' title='bbox 1131 2693 1249 2728; x_wconf 82' lang='lat' dir='ltr'>percipiet</span> <span class='ocrx_word' id='word_1_850' title='bbox 1259 2700 1326 2720; x_wconf 86' lang='lat' dir='ltr'>eam.</span> <span class='ocrx_word' id='word_1_851' title='bbox 1340 2693 1445 2719; x_wconf 73' lang='lat' dir='ltr'>LoAtsA.</span> <span class='ocrx_word' id='word_1_852' title='bbox 1747 2693 1751 2698; x_wconf 91' lang='lat'>&#39;</span> 
     </span>
     <span class='ocr_line' id='line_1_116' title="bbox 1021 2722 1776 2762; baseline -0.004 -8"><span class='ocrx_word' id='word_1_853' title='bbox 1021 2729 1048 2755; x_wconf 78' lang='lat'><strong>9.</strong></span> <span class='ocrx_word' id='word_1_854' title='bbox 1068 2728 1181 2755; x_wconf 79' lang='lat' dir='ltr'>Sensum</span> <span class='ocrx_word' id='word_1_855' title='bbox 1197 2727 1231 2754; x_wconf 89' lang='lat' dir='ltr'>de</span> <span class='ocrx_word' id='word_1_856' title='bbox 1245 2726 1382 2762; x_wconf 74' lang='lat' dir='ltr'>Scriptura</span> <span class='ocrx_word' id='word_1_857' title='bbox 1397 2726 1489 2759; x_wconf 77' lang='lat' dir='ltr'>sumit.</span> <span class='ocrx_word' id='word_1_858' title='bbox 1505 2728 1534 2754; x_wconf 81' lang='lat' dir='ltr'>et</span> <span class='ocrx_word' id='word_1_859' title='bbox 1547 2728 1600 2753; x_wconf 77' lang='lat' dir='ltr'>nott</span> <span class='ocrx_word' id='word_1_860' title='bbox 1614 2722 1705 2752; x_wconf 64' lang='lat' dir='ltr'>verba.</span> <span class='ocrx_word' id='word_1_861' title='bbox 1721 2722 1776 2752; x_wconf 58' lang='lat' dir='ltr'>Lon</span> 
     </span>
     <span class='ocr_line' id='line_1_117' title="bbox 984 2757 1721 2796; baseline -0.009 -4"><span class='ocrx_word' id='word_1_862' title='bbox 984 2769 1032 2796; x_wconf 78' lang='lat' dir='ltr'>cus</span> <span class='ocrx_word' id='word_1_863' title='bbox 1046 2768 1088 2791; x_wconf 83' lang='lat' dir='ltr'>est</span> <span class='ocrx_word' id='word_1_864' title='bbox 1101 2763 1181 2790; x_wconf 74' lang='lat' dir='ltr'>Lucae</span> <span class='ocrx_word' id='word_1_865' title='bbox 1195 2769 1234 2790; x_wconf 86' lang='lat' dir='ltr'>xn</span> <span class='ocrx_word' id='word_1_866' title='bbox 1249 2772 1255 2789; x_wconf 90' lang='lat'>:</span> <span class='ocrx_word' id='word_1_867' title='bbox 1270 2761 1322 2790; x_wconf 81' lang='lat' dir='ltr'>Itte</span> <span class='ocrx_word' id='word_1_868' title='bbox 1333 2767 1419 2790; x_wconf 73' lang='lat' dir='ltr'>autem</span> <span class='ocrx_word' id='word_1_869' title='bbox 1431 2769 1529 2794; x_wconf 69' lang='lat' dir='ltr'>senus,</span> <span class='ocrx_word' id='word_1_870' title='bbox 1540 2763 1569 2788; x_wconf 72' lang='lat' dir='ltr'>ot</span> <span class='ocrx_word' id='word_1_871' title='bbox 1604 2757 1721 2788; x_wconf 60' lang='lat' dir='ltr'>toust.</span> 
     </span>
     <span class='ocr_line' id='line_1_118' title="bbox 1020 2792 1732 2841; baseline -0.003 -15"><span class='ocrx_word' id='word_1_872' title='bbox 1020 2797 1090 2841; x_wconf 67' lang='grc' dir='ltr'><em>μυῖα.</em></span> <span class='ocrx_word' id='word_1_873' title='bbox 1103 2797 1242 2826; x_wconf 63' lang='lat' dir='ltr'>Peccatum</span> <span class='ocrx_word' id='word_1_874' title='bbox 1255 2801 1302 2826; x_wconf 75' lang='lat' dir='ltr'>est.</span> <span class='ocrx_word' id='word_1_875' title='bbox 1317 2797 1374 2836; x_wconf 68' lang='grc' dir='ltr'>ΔΙ.ι</span> <span class='ocrx_word' id='word_1_876' title='bbox 1383 2800 1521 2840; x_wconf 60' lang='lat' dir='ltr'>matut</span> <span class='ocrx_word' id='word_1_877' title='bbox 1532 2799 1573 2828; x_wconf 68' lang='lat' dir='ltr'>ost</span> <span class='ocrx_word' id='word_1_878' title='bbox 1621 2812 1630 2822; x_wconf 83' lang='lat'><strong>.</strong></span> <span class='ocrx_word' id='word_1_879' title='bbox 1639 2792 1732 2824; x_wconf 69' lang='lat' dir='ltr'>Am.</span> 
     </span>
    </p>
   </div>
   <div class='ocr_carea' id='block_1_17' title="bbox 985 2847 1008 2881">
    <p class='ocr_par' dir='ltr' id='par_1_32' title="bbox 985 2847 1008 2881">
     <span class='ocr_line' id='line_1_119' title="bbox 985 2847 1008 2863; baseline 0 -5"><span class='ocrx_word' id='word_1_880' title='bbox 985 2847 1008 2863; x_wconf 58' lang='grc' dir='ltr'>ἰφ</span> 
     </span>
     <span class='ocr_line' id='line_1_120' title="bbox 985 2873 999 2881; baseline 0 0"><span class='ocrx_word' id='word_1_881' title='bbox 985 2873 999 2881; x_wconf 62' lang='grc' dir='ltr'><strong><em>ο</em></strong></span> 
     </span>
    </p>
   </div>
  </div>
 </body>
</html>
