1832 3016
200 143 209 170 Ι
216 142 264 172 ’251

570 141 617 170 Αἱ)
634 141 665 170 S.
684 139 809 170 tstnom
827 138 1047 169 fflSt’ALENSts
1065 137 1179 167 OPERA
1195 136 1419 167 APPENotCEs.

1758 133 1832 168 {aaa

197 199 311 226 visibilis
330 197 446 224 mundus
457 203 490 223 ex
503 197 616 225 materia
636 205 697 232 quae
712 204 727 224 a
741 196 799 224 Deo
818 196 887 223 facta
902 195 991 223 suerat
1004 196 1032 228 Α
1042 202 1102 223 eum
1114 202 1206 227 carne,
1219 199 1250 222 ut
1261 195 1384 230 superius
1393 194 1523 226 diximus,
1538 188 1702 226 seminatum
1717 189 1764 222 sod
1778 194 1832 223 for-

197 235 284 262 factus
297 238 337 259 est
350 239 377 259 et
390 236 512 260 ornatus.

322 277 387 304 CAP-
403 277 450 304 xi.-
460 291 496 297 -—
510 276 588 305 Solus
602 276 672 305 Deua
691 278 866 313 incorporeus.

233 324 302 352 Niltil
316 324 504 358 incorporeum
520 328 548 352 et
559 324 695 352 invisibile
708 329 802 351 natura
815 323 991 356 credendum,

196 362 247 388 uisi
263 361 348 387 solum
363 360 459 392 Deum,
474 360 501 386 id
516 364 568 393 est,
584 360 702 393 Patrem,
719 364 747 386 et
770 359 878 391 Filium,
891 364 918 387 et
932 359 993 393 Spi-

197 398 277 424 ritum
293 400 426 423 sanctum.
443 395 496 428 Qui
511 395 572 422 ideo
582 400 657 422 recte
676 396 849 429 incorporeus
862 394 992 427 creditur,

197 431 259 466 quia
275 431 373 466 ubique
390 434 442 463 est,
458 434 485 457 et
499 431 588 457 omnia
602 431 696 464 implet
719 435 800 465 atque
814 430 991 464 constringit;

195 465 259 495 ideo
272 471 297 494 et
313 465 453 493 invisibilis
478 466 602 492 omuibus
626 466 768 498 creaturis,
783 466 845 500 quia
867 465 993 499 incorpo-

196 508 260 530 reus
272 506 324 528 est.

304 545 368 573 Car.
385 545 445 573 Xll.
455 560 491 566 —
506 545 596 572 Omnia
612 550 730 572 creatura
752 553 885 580 corporea.

235 592 316 628 323
329 593 458 620 Creatura
469 592 558 619 omnis
573 600 702 627 corporea
718 596 779 624 est;
795 592 883 626 angeli
898 595 924 618 et
937 598 994 618 om-

198 635 248 656 nes
261 629 385 655 coelestes
399 629 513 655 virtutes
528 635 677 662 corporeae,
695 628 758 654 licet
772 635 824 653 non
835 634 915 653 carne
929 625 994 653 sub-

197 663 307 691 nistant.
320 664 402 691 Exeo
413 668 505 690 autern
521 670 665 697 corporeas
680 670 740 689 esse
766 662 901 689 credimus
916 662 994 688 intel-

198 699 329 726 lectuales
340 704 488 730 creaturas,
505 698 575 732 quod
588 698 707 725 localiter
720 697 992 728 circumscribuntur;

198 734 269 761 sicut
287 739 314 761 et
329 735 417 760 anima
434 734 560 765 bumana,
577 741 638 767 quae
646 740 729 760 carne
743 732 886 764 clauditur,
899 738 926 758 et
939 732 995 758 daz-

200 776 306 803 mones,
322 770 366 804 qui
382 777 430 804 per
443 769 620 796 substantiam
631 768 759 802 angelicae
773 772 874 794 naturae
889 771 962 793 sunt.

254 816 319 843 Cn‘.
331 815 400 843 xtlt.
417 815 649 842 -Inlellectnales
661 819 760 841 naluroe
774 814 940 840 immortales.

234 863 402 890 immortales
439 870 499 890 esse
527 862 662 889 credimus
695 861 887 888 intellectuales
913 864 991 886 natu-

197 906 252 931 ras,
268 899 329 932 quia
356 905 436 924 carne
459 902 571 929 carent,
597 904 647 924 nec
677 896 776 924 habent
802 903 855 930 quo
877 895 989 936 cadant,

197 939 227 961 ut
237 934 435 961 resurrectione
449 936 545 967 egeant
560 937 620 966 post
632 932 736 959 ruinam
750 937 912 959 necessaria.

247 979 311 1006 Car.
323 978 393 1005 XlV.
405 993 440 998 —
455 978 547 1004 Anima
564 977 673 1004 hominis
686 977 811 1011 quomodo
831 980 941 1002 creatur.

235 1025 348 1052 Animas
361 1023 498 1050 bominum
510 1029 563 1049 non
579 1029 640 1049 esse
653 1022 687 1048 ab
703 1021 779 1048 initio
791 1021 862 1047 inter
877 1024 990 1047 caeteras

197 1059 395 1088 intellectuales
407 1063 526 1090 naturas,
542 1064 592 1084 nec
605 1057 711 1083 insimul
724 1060 840 1087 creatas,
853 1055 922 1081 sicut
931 1054 991 1081 Ori-

196 1103 281 1130 genes
293 1095 384 1128 lingit3
399 1100 486 1126 neque
498 1100 559 1120 cum
570 1092 726 1124 corporibus
737 1099 784 1124 per
794 1091 894 1117 coitum
910 1089 990 1116 semi-

195 1135 306 1162 nantur,
319 1129 388 1156 sicut
409 1127 580 1159 Luciferiani.
601 1127 718 1162 Cyrillus
743 1129 770 1153 et
784 1126 863 1160 aliqui
880 1125 989 1151 Latino-

197 1173 258 1193 rum
274 1168 481 1198 praesumptores
492 1163 643 1194 al'tirmant,
658 1162 732 1197 quasi
763 1166 866 1188 naturae
895 1167 990 1187 conse-

198 1201 334 1236 quentiam
358 1203 506 1226 servantes.
521 1198 574 1226 Sed
590 1198 704 1225 dicimus
719 1196 881 1224 creationem
895 1196 990 1222 animae

196 1237 285 1263 solum
298 1235 455 1262 Creatorem
483 1233 600 1260 omnium
616 1240 706 1264 nosse,
722 1237 749 1258 ct
773 1239 871 1266 corpus
887 1235 988 1257 tantum

195 1278 245 1306 per
259 1270 375 1305 conjugii
387 1269 511 1303 copulam
523 1269 659 1301 seminari,
675 1267 720 1294 Dei
733 1274 797 1294 vero
812 1266 914 1301 judicio
928 1273 990 1293 coa-

195 1308 281 1341 gutari
295 1307 321 1332 in
337 1306 425 1337 vulva,
438 1307 466 1331 et
479 1304 631 1337 compingi,
648 1308 727 1336 atque
754 1301 876 1341 formari,
890 1308 921 1328 ac
937 1301 991 1328 sor-

195 1346 269 1369 n‘iato
281 1342 335 1375 J'am
351 1347 464 1374 corpore
486 1340 601 1365 animam
623 1338 721 1370 creari,
734 1343 758 1364 et
774 1337 888 1369 infundi,
907 1341 934 1362 ut
950 1336 990 1362 vi-

195 1381 242 1404 vat
256 1378 281 1402 in
308 1380 384 1401 utero
406 1375 485 1400 homo
500 1382 532 1401 ex
547 1374 634 1400 anima
661 1378 788 1400 constans
813 1377 839 1399 et
865 1378 988 1405 corpore,

196 1414 224 1439 et
237 1411 390 1446 egrediatur
403 1409 478 1436 vivus
502 1416 537 1435 ex
561 1413 637 1435 utero
660 1408 755 1442 plenus
783 1409 898 1434 bumana
924 1407 989 1433 sub-

195 1447 302 1474 stantia.

213 1491 284 1519 Cu).
297 1491 356 1518 XV·
371 1505 406 1511 —
418 1490 491 1523 Quod
502 1490 560 1517 duoe
570 1489 662 1515 animm
675 1497 725 1515 non
739 1492 798 1515 suut
810 1488 837 1514 ιἰι
849 1487 958 1514 homine.

231 1537 322 1570 Neque
335 1536 403 1562 duas
417 1535 521 1561 animas
545 1541 604 1561 esse
627 1534 740 1560 dicimus
762 1533 787 1560 in
802 1540 855 1559 uno
868 1531 987 1563 bomine,

195 1572 263 1599 sicut
280 1571 395 1598 lacobus
409 1575 436 1596 et
447 1570 492 1596 alii
503 1571 631 1604 Syrorum
648 1569 780 1601 scribunt,
793 1575 870 1595 unam
886 1567 988 1593 anima-

195 1607 260 1639 lem,
276 1614 327 1640 qua
344 1606 477 1631 animetur
491 1612 599 1638 corpus,
616 1608 642 1630 ct
660 1603 775 1629 immista
792 1603 826 1630 sit
852 1602 986 1636 sanguini,

194 1648 221 1668 et
236 1643 348 1667 alteram
362 1640 541 1673 spiritualem,
554 1647 612 1673 quae
626 1639 759 1665 rationem
775 1637 924 1669 ministret;
941 1637 987 1663 scd

194 1678 310 1703 dicimus
334 1683 413 1702 unam
425 1682 484 1701 esse
501 1675 676 1708 eamdemque
699 1674 814 1700 animam
827 1673 854 1700 itt
868 1672 986 1704 homine,

193 1719 253 1747 quae
270 1717 295 1738 ct
311 1718 409 1744 corpus
423 1718 470 1737 sua
485 1711 612 1737 societate
626 1709 743 1736 vivificet
755 1730 762 1741 ,
776 1714 803 1735 et
815 1709 987 1741 semetipsam

193 1755 242 1774 sua
259 1747 361 1774 ratione
372 1747 505 1780 disponat,
523 1745 623 1772 habens
637 1745 663 1770 in
679 1751 739 1771 sese
751 1743 901 1770 libertatem
913 1743 987 1769 arbi-

194 1782 250 1815 trii,
267 1786 296 1809 ut
306 1783 332 1809 in
357 1789 413 1808 sure
440 1781 598 1808 substantia:
625 1780 707 1813 eligat
733 1778 894 1813 cogitatione
917 1777 988 1813 quod

192 1818 259 1845 vult.

284 1862 347 1889 (ΖΑ-ι’.
363 1862 432 1889 xvi.
447 1876 482 1882 —
497 1861 590 1888 Anima
605 1861 716 1887 hominis
735 1859 897 1886 immortalis.

228 1911 321 1939 Solum
335 1910 469 1937 bominem
482 1910 616 1937 credimus
628 1909 727 1936 babere
739 1909 852 1935 animam
865 1907 988 1934 snbstan-

193 1948 286 1978 tivam.
302 1953 362 1980 quae
375 1950 455 1972 exuta
470 1953 584 1979 corpore
599 1946 708 1977 vivit,ct
723 1951 819 1971 sensus
830 1950 893 1970 suos
908 1949 988 1976 atque

193 1982 301 2016 ingenia
316 1981 445 2007 vivaciter
470 1986 553 2008 tenet.
570 1980 626 2007 Non
654 1987 714 2006 cum
734 1986 848 2013 corpore
864 1979 987 2010 moritur,

193 2019 265 2045 sicut
279 2018 377 2044 Aratus
389 2016 497 2047 asserit,
513 2023 599 2050 neque
623 2020 684 2050 post
708 2014 842 2041 modicum
859 2013 987 2040 interval-

193 2054 261 2085 lum,
275 2052 346 2079 sicut
361 2052 453 2078 Zenon
466 2051 542 2083 dicit,
558 2051 618 2086 quia
633 2050 847 2078 substantialiter
860 2049 935 2075 vivit.

343 2096 408 2123 Car.
423 2095 505 2123 xvtt.
520 2110 555 2116 --
569 2096 668 2123 Animce
691 2096 832 2122 brutorum.

230 2141 393 2168 Animalium
408 2148 472 2168 vero
485 2142 581 2168 animae
596 2149 647 2167 non
661 2147 723 2168 sunt
743 2141 929 2172 substantivae,
940 2140 987 2167 sed

194 2183 256 2202 cunt
270 2183 349 2202 carne
366 2176 423 2209 ipsa
435 2176 523 2202 carnis
545 2176 686 2202 vivacitate
711 2180 867 2207 nascuntur,
884 2179 911 2202 et
925 2182 986 2202 eum

193 2210 283 2238 carnis
298 2215 384 2237 morte
410 2211 549 2243 liniuntur,
566 2216 594 2236 et
608 2211 777 2243 moriuntur;
806 2215 834 2237 et
860 2210 920 2237 ideo
935 2218 985 2237 nec

194 2246 298 2273 ratione
309 2248 446 2280 reguntur,
460 2247 529 2271 sicut
553 2245 629 2271 Plato
652 2251 679 2272 et
698 2246 851 2272 Alexander
878 2249 982 2279 putant,

194 2281 241 2309 ned
252 2281 285 2307 ad
298 2280 387 2307 omnia
402 2284 503 2307 natura}
515 2280 685 2306 incitamenta
697 2281 843 2307 ducuntur.

338 2325 403 2353 Car.
419 2325 512 2353 xvnt.
527 2339 563 2345 -—
577 2325 730 2360 Infundilur
741 2326 838 2352 anima.

231 2372 327 2400 Anima
343 2371 458 2398 bumana
478 2377 532 2398 non
543 2378 604 2398 cum
619 2378 699 2399 earne
721 2370 843 2403 moritur,
858 2371 919 2401 quia
932 2379 985 2399 non

229 2451 294 2478 Car.
310 2456 357 2477 xtt.
383 2449 484 2477 Auctor
497 2448 575 2484 liujus
587 2449 677 2484 operis
705 2457 855 2483 corporeum
881 2449 986 2476 videtur

193 2494 291 2515 vocare
305 2485 431 2520 quidquid
444 2490 563 2512 creatum
579 2490 629 2512 est.
657 2484 722 2512 Vide
737 2486 783 2513 lib.
812 2493 830 2512 ιι
851 2484 884 2512 de
906 2484 983 2511 Ollic.

193 2523 303 2554 eccles..
318 2528 378 2555 cap.
393 2520 439 2552 at,
452 2525 480 2549 et
506 2521 553 2547 lib.
570 2520 708 2548 Different.
724 2528 826 2554 rerum,
841 2527 915 2547 num.
933 2520 985 2547 ¹00

192 2564 220 2584 ot
234 2565 262 2586 se
285 2578 292 2584 .

229 2565 360 2620 Cati-,xm
379 2591 434 2618 lloc
446 2596 526 2626 caput
548 2598 562 2617 a
592 2590 695 2618 Joanne
710 2590 859 2626 llispalensi
884 2589 985 2619 exscri-

193 2633 266 2662 ptum
281 2627 340 2659 tuit,
357 2631 387 2654 ιιι
401 2627 456 2654 dixi
480 2628 507 2654 in
537 2626 702 2660 lsidorianis,
716 2634 776 2661 cap.
791 2626 835 2659 8-3,
862 2634 936 2654 num.
951 2625 985 2652 18

191 2668 220 2690 ct
233 2670 308 2697 seqq.
321 2663 397 2697 Apud
411 2669 472 2690 eum
487 2662 594 2697 legitur,
609 2669 654 2688 neo
668 2662 695 2688 in
709 2662 786 2689 :eniel
789 2680 844 2689 .....
860 2661 983 2697 Cyrinus,

192 2703 216 2724 et
232 2699 304 2725 ntulit·
319 2698 470 2725 Latinorum
474 2717 529 2725 .....
549 2702 649 2724 naturae
660 2699 840 2732 -consequentia
852 2697 983 2724 serviente.

196 2733 229 2760 Et
241 2733 291 2759 alia
308 2733 470 2768 huiusmodi,
486 2740 546 2767 quae
571 2733 604 2759 ad
619 2733 716 2767 Bignaei
745 2733 829 2768 magis
854 2738 934 2767 quam
949 2731 984 2758 ad

192 2767 313 2795 Vezzosii
327 2769 476 2795 Editionetn
489 2768 629 2795 accedunt.

227 2803 293 2830 Car.
309 2811 373 2831 xvtt.
387 2803 577 2835 Incitommto3
591 2804 640 2835 at..
657 2804 831 2832 incitamento.

227 2837 293 2864 Cn.
309 2845 364 2865 xix.
376 2839 504 2874 Corpora
515 2839 562 2871 at..
578 2846 666 2874 carne,
681 2841 764 2866 semel
780 2844 807 2867 et
821 2840 927 2867 ilerum.

227 2870 293 2901 Cn.
311 2880 364 2899 ni.
381 2872 552 2908 Emendat-en
581 2874 629 2908 al..
658 2874 772 2902 evitaret.
787 2874 869 2905 Putat
880 2873 982 2904 Vono-

997 2233 1025 2264 1)
1039 2239 1135 2259 omnes
1150 2233 1272 2259 homines
1284 2233 1431 2259 naturalem
1447 2231 1651 2265 possibilitatem
1661 2233 1791 2258 etinnoce

1043 235 1114 258 mato
1128 231 1155 258 in
1169 235 1263 258 ventre
1278 231 1370 257 matris
1384 237 1507 264 corpore,
1524 229 1572 256 Dei
1595 229 1697 264 judicio
1711 234 1832 264 creatur„

1042 269 1070 292 et
1082 265 1237 299 infunditur,
1254 270 1283 292 ut
1297 266 1368 292 vivat
1388 265 1470 292 bomo
1497 266 1568 292 intus
1590 265 1618 291 in
1632 269 1718 297 utero,
1743 269 1771 292 et
1793 265 1832 298 siti

1043 301 1168 335 procedat
1179 301 1316 328 nativitate
1328 300 1356 328 in
1373 301 1511 327 mundum.

1149 345 1213 372 Cn.
1228 345 1299 372 xix.
1315 359 1349 366 ——-
1366 344 1434 372 Duoe
1447 345 1596 372 substantiae
1606 344 1726 372 hominis.

1080 391 1187 418 Duabus
1202 390 1358 418 substantiis
1384 395 1488 418 tantum
1517 394 1623 418 constat
1638 391 1729 424 homo,
1746 391 1832 420 anima

1044 429 1070 453 et
1081 433 1202 459 corpore.
1220 427 1315 453 Anima
1330 433 1391 454 cum
1406 427 1510 454 ratione
1534 434 1593 458 sua,
1609 430 1637 453 et
1649 433 1762 459 corpore
1773 433 1832 454 cum

1043 461 1169 489 sensibus
1183 462 1248 488 suis.
1267 461 1340 494 Quos
1356 467 1444 488 tamen
1459 469 1555 489 sensus
1570 462 1670 495 absque
1683 461 1765 497 324
1778 463 1832 489 ani-1

1043 504 1094 523 mae
1108 497 1235 524 societate
1249 504 1301 523 non
1315 500 1404 523 movet
1417 504 1525 531 corpus.
1550 498 1645 525 Anima
1661 504 1725 524 vero
1738 503 1766 524 et
1779 497 1832 525 sine

1044 539 1158 566 corpore
1169 532 1298 559 rationale
1308 539 1385 559 suum
1398 536 1481 559 tenet.

1162 587 1226 615 Car.
1242 587 1303 615 XX.
1318 603 1354 608 —
1368 588 1460 615 Anima
1479 593 1502 615 et
1515 589 1622 623 apii-itus
1637 589 1714 616 idem.

1079 633 1137 661 Nou
1154 638 1195 660 est
1206 634 1301 661 tertius
1312 634 1338 661 in
1355 634 1504 661 substantia
1518 635 1634 662 hominis
1648 636 1768 670 spiritus,
1784 636 1829 663 sicr

1045 674 1074 696 ut
1089 669 1217 702 Didymus
1233 670 1380 702 contendit,
1396 669 1444 696 scd
1464 669 1573 704 spiritus
1588 671 1646 704 ipsa
1672 675 1713 697 est
1727 673 1813 698 anima

1044 712 1094 738 pro
1108 705 1238 739 spirituali
1254 709 1359 737 natura,
1374 706 1414 731 vel
1431 712 1478 738 pro
1503 712 1536 732 eo
1552 706 1623 739 quod
1639 705 1723 738 spiret
1735 706 1761 732 iu
1777 713 1832 733 cor-

1045 747 1121 774 pore,
1137 740 1248 774 spiritus
1260 740 1421 774 appellatur.
1432 741 1526 767 Anima
1542 748 1606 766 vero
1621 748 1654 767 ex
1667 748 1700 767 eo
1714 746 1832 769 vocatur·

1045 775 1115 808 quod
1132 776 1165 801 ad
1183 775 1337 806 vivendum,
1349 776 1392 802 vel
1406 776 1438 801 ad
1455 775 1647 802 vivificandum
1662 776 1764 803 animet
1776 783 1832 803 cord

1045 817 1104 844 pus.
1121 810 1240 837 Tertium
1256 818 1330 842 vero,
1343 811 1387 844 qui
1403 811 1437 836 ab
1461 811 1592 844 Apostolo
1619 818 1679 837 cum
1708 812 1796 838 anima
1809 818 1832 839 et

1044 853 1157 879 corpore
1172 845 1316 877 inducitur,
1332 846 1454 879 spiritum
1479 845 1592 879 gratiam
1608 846 1694 873 sancti
1721 846 1832 880 Spiritui

1007 877 1031 907 Β
1044 887 1104 908 esse
1118 881 1296 915 intelligamus
1309 901 1315 913 ,
1333 888 1410 914 quam
1425 886 1483 907 orat
1509 881 1663 914 Apostolus,
1676 886 1704 907 ut
1733 882 1832 915 integra

1044 920 1198 950 perseveret
1211 917 1236 942 in
1259 915 1335 942 nobis
1352 915 1376 949 (Ι
1393 915 1483 942 Thess.
1499 923 1526 948 v,
1541 916 1596 950 25),
1611 924 1644 942 nc
1668 919 1759 942 nostro
1771 917 1832 943 viti«

1044 955 1091 977 aut
1102 951 1236 977 minuatur
1250 955 1295 976 aut
1308 950 1413 983 fugetur
1431 958 1446 977 a
1468 950 1555 983 nobis,
1578 951 1639 985 quia
1655 950 1768 984 Spiritus
1780 959 1832 979 san

1044 990 1097 1013 ctus
1110 985 1211 1021 effuqiet
1224 986 1311 1020 fictum
1326 986 1404 1020 (Sap.
1419 993 1439 1018 t,
1453 985 1492 1019 5).

1199 1041 1263 1068 Gn.
1283 1041 1354 1068 xxi.
1367 1056 1403 1061 —-
1415 1041 1452 1068 De
1471 1041 1549 1068 libero
1566 1040 1682 1069 arbitrio.

1080 1087 1207 1114 Libertati
1220 1087 1322 1113 arbitrii
1339 1087 1379 1113 sui
1399 1087 1559 1114 commissus
1587 1092 1629 1114 cst
1642 1088 1723 1115 homo
1746 1089 1832 1117 statim

1045 1122 1071 1149 in
1083 1122 1168 1156 prima
1183 1122 1349 1154 conditione,
1367 1127 1406 1155 ut,
1421 1123 1477 1149 sola
1493 1123 1629 1157 vigilantia
1642 1124 1739 1151 mentis
1759 1125 1832 1152 adnic

1045 1162 1133 1189 teute,
1149 1157 1228 1184 etiarn
1242 1157 1268 1184 in
1292 1157 1416 1191 praecepti
1443 1158 1562 1184 custodia
1589 1164 1785 1192 perseveraret,
1809 1166 1832 1187 st

1043 1192 1124 1219 vellet
1136 1194 1160 1218 in
1168 1199 1201 1219 eo
1212 1192 1283 1226 quod
1294 1198 1399 1219 creatus
1411 1193 1496 1220 suerat
1509 1200 1677 1225 permanere.
1691 1195 1832 1228 Postquam

1044 1235 1110 1255 vero
1121 1227 1278 1255 seductione
1293 1229 1424 1262 serpentis
1440 1235 1487 1262 per
1502 1228 1584 1255 Evam
1606 1229 1714 1261 eccidit,
1730 1234 1832 1257 natura

1044 1262 1143 1289 honum
1158 1263 1283 1296 perdidit,
1299 1265 1399 1297 pariter
1412 1268 1439 1290 et
1450 1264 1568 1297 vigorem
1591 1264 1710 1297 arbitrii;
1723 1272 1777 1291 non
1794 1271 1832 1292 ta·

1044 1305 1105 1325 men
1120 1298 1291 1331 electionem,
1307 1306 1339 1325 ne
1362 1306 1413 1325 non
1428 1303 1500 1325 esset
1514 1306 1591 1325 suum
1622 1300 1693 1333 quod
1719 1300 1832 1330 evitaret

1043 1338 1194 1367 peccatum,
1208 1341 1258 1360 nec
1270 1335 1366 1360 merito
1379 1333 1563 1368 indulgeretur
1574 1334 1643 1368 quod
1653 1342 1706 1362 non
1719 1335 1832 1363 arbitrio

1044 1369 1175 1395 diluisset.
1192 1369 1281 1395 Manet
1295 1369 1384 1402 itaque
1394 1369 1427 1395 ad
1440 1369 1609 1402 quaerendam
1630 1370 1744 1397 salutem
1761 1370 1832 1398 arbi*

1043 1403 1088 1429 trii
1103 1404 1221 1436 libertas,
1234 1404 1261 1430 id
1277 1407 1327 1434 cst,
1356 1404 1495 1430 rationalis
1520 1404 1653 1437 voluutas,
1666 1405 1714 1432 sed
1738 1405 1829 1432 admm

1043 1443 1124 1464 nente
1139 1439 1213 1471 prius
1229 1438 1294 1471 Deo,
1311 1443 1338 1464 et
1350 1439 1479 1464 invitante
1493 1439 1526 1465 ad
1538 1439 1660 1471 salutem,
1677 1444 1706 1466 ut
1725 1441 1766 1467 vel
1782 1441 1832 1467 eli-

1042 1478 1097 1507 gat,
1111 1475 1153 1499 vel
1181 1477 1319 1506 sequatur,
1335 1474 1375 1499 vel
1403 1478 1463 1508 agat
1491 1474 1631 1500 occasione
1658 1475 1763 1507 salutis,
1780 1475 1832 1502 bot·

1043 1513 1095 1539 est,
1116 1507 1291 1541 inspiratione
1311 1508 1367 1534 Dei.
1383 1508 1415 1535 Ut
1441 1513 1530 1535 autem
1551 1515 1730 1543 consequatur
1758 1517 1832 1544 quos<

1043 1542 1126 1577 eligit,
1140 1543 1181 1570 vel
1196 1543 1267 1575 quod
1290 1543 1420 1576 sequitur,
1436 1543 1478 1569 vel
1502 1544 1572 1577 quod
1598 1546 1739 1571 occasione
1763 1547 1832 1579 agit„

1041 1577 1089 1605 Dei
1102 1585 1162 1605 esse
1177 1578 1259 1604 libere
1273 1578 1440 1605 confitemur.
1459 1578 1565 1605 initium
1590 1585 1654 1613 ergo
1673 1579 1767 1607 salutis
1780 1588 1832 1608 no·-

1040 1618 1104 1640 strae
1117 1614 1173 1640 Deo
1187 1614 1330 1640 miserante
1347 1614 1489 1646 babemus3
1501 1618 1530 1640 ut
1544 1615 1742 1647 acquiescamus
1753 1616 1832 1643 salu-

1041 1648 1127 1675 tilerae
1143 1649 1322 1682 inspirationi,
1338 1654 1436 1675 nostrae
1450 1650 1590 1682 potestatis
1604 1654 1646 1675 est
1659 1658 1666 1682 ;
1683 1655 1711 1676 ut
1726 1650 1826 1684 adipis-

1040 1691 1133 1710 camur
1147 1683 1217 1718 quod
1230 1684 1423 1717 acquiescendo
1449 1684 1623 1710 admonitioni
1637 1686 1769 1718 cupimus,
1782 1685 1832 1713 di·-

1039 1718 1092 1745 vini
1106 1723 1146 1746 cst
1161 1720 1297 1751 muneris;
1313 1723 1342 1745 ut
1363 1726 1415 1746 non
1432 1719 1552 1745 labamur
1566 1720 1591 1746 in
1615 1720 1712 1753 adepto
1734 1721 1832 1750 salutis

1039 1761 1160 1787 munere,
1178 1754 1364 1780 sollicitudinis
1380 1758 1477 1780 nostrae
1491 1759 1543 1787 est,
1559 1760 1585 1781 et
1593 1755 1712 1782 coelestis
1726 1756 1832 1789 parita-

1039 1789 1178 1823 adjutorii;
1209 1794 1237 1815 ut
1266 1789 1397 1821 labamur,
1424 1790 1562 1823 potestatis
1595 1795 1694 1816 nostrae
1723 1796 1772 1822 est,
1799 1795 1832 1819 e·

1039 1824 1162 1858 ignaviae.
1176 1825 1233 1851 Non
1258 1829 1344 1851 tamen
1373 1824 1405 1850 ad
1432 1825 1603 1851 obtinendam
1632 1826 1690 1852 sine
1709 1825 1766 1858 illo,
1782 1826 1832 1860 qu!

1038 1865 1191 1893 quaerentes
1207 1859 1271 1886 l'acit
1281 1859 1416 1891 invenire,
1431 1861 1475 1894 qui
1492 1859 1657 1893 pulsantibus
1671 1861 1766 1894 aperit,
1781 1863 1832 1895 qtt‘fl

1040 1895 1192 1927 petentibus
1202 1895 1294 1921 donat.
1310 1896 1385 1921 Sicut
1401 1902 1464 1929 ergo
1488 1895 1592 1922 initium
1606 1896 1699 1922 salutis
1715 1900 1832 1932 nostrae*

1038 1929 1094 1956 Deo
1113 1931 1255 1957 miserante
1269 1934 1295 1956 et
1317 1930 1472 1964 inspirante,
1493 1930 1591 1957 habere
1618 1937 1667 1957 nos
1681 1930 1832 1968 credimus*

1037 1965 1074 1991 ita
1089 1965 1227 1992 arbitrium
1242 1970 1343 1992 naturae
1358 1970 1455 1992 uostrae
1482 1972 1581 1999 sequax
1602 1972 1663 1992 esse
1676 1965 1772 1992 divinae
1785 1967 1832 1994 itt*

1038 2001 1191 2033 spirationis
1206 2000 1287 2028 libere
1297 2000 1463 2028 confitemur.
1477 2000 1560 2035 Igitur
1571 2004 1661 2026 utnon
1677 2001 1797 2028 labamur
1807 2002 1832 2031 1

1039 2035 1109 2062 bono
1126 2035 1166 2062 vel
1186 2041 1298 2067 naturae,
1324 2036 1366 2063 vel
1391 2036 1489 2067 meriti,
1518 2035 1703 2062 sollicitudinis
1725 2036 1832 2073 nostra}

1039 2077 1090 2102 est,
1105 2074 1133 2098 et
1147 2071 1266 2098 coelestis
1291 2073 1389 2105 pariter
1405 2070 1547 2105 adjutorii;
1577 2075 1605 2097 ut
1630 2071 1762 2104 labamur,
1774 2073 1832 2111 pon

1039 2107 1140 2133 testatis
1155 2111 1253 2133 nostra}
1267 2111 1294 2133 et
1304 2107 1427 2141 ignaviae.
1808 2122 1832 2137 ,e

1269 2152 1332 2178 Car.
1346 2151 1428 2178 xxti.
1443 2165 1478 2171 —-
1489 2151 1589 2178 Gratia,

1074 2196 1240 2224 Firmissime
1254 2197 1416 2224 credendum
1432 2200 1473 2224 est
1487 2197 1514 2223 in
1527 2196 1747 2231 praevaricatione
1760 2196 1801 2224 Ad

1039 2269 1102 2294 tiam
1117 2268 1280 2301 perdidisse;
1293 2271 1320 2293 et
1334 2267 1468 2293 neminem
1481 2266 1514 2292 de
1530 2265 1662 2300 prol'undo
1677 2266 1748 2292 illius
1771 2264 1812 2295 rul

1038 2310 1080 2329 me
1093 2309 1141 2336 per
1152 2302 1263 2329 liberum
1271 2301 1409 2328 arbitrium
1419 2307 1500 2334 posse
1510 2307 1682 2334 consurgere,
1699 2301 1749 2327 nisi
1763 2309 1778 2328 e
1807 2300 1812 2307 '

1037 2340 1121 2372 gratia
1136 2337 1183 2364 Dei
1207 2337 1359 2363 miserantis
1382 2335 1518 2368 erexerit3
1535 2343 1545 2360 ι
1560 2335 1670 2362 liberum
1697 2335 1768 2363 enim
1797 2348 1799 2359 l

1037 2373 1146 2399 bitrium
1169 2372 1215 2399 ille
1228 2377 1383 2406 perpessus,
1400 2370 1462 2397 dum
1477 2371 1558 2406 325
1578 2369 1633 2397 suis
1648 2371 1807 2398 inconsulti

1036 2451 1104 2484 sius,
1122 2450 1415 2485 Semipelagianismum
1431 2456 1526 2484 sapere
1536 2449 1622 2477 videri
1633 2450 1703 2486 quod
1717 2449 1780 2478 dicit

1037 2486 1259 2520 maequtescamm
1272 2485 1414 2519 saltatiseroe
1426 2485 1598 2520 inspirationi,
1613 2491 1705 2513 nostroe
1715 2493 1748 2520 po
1772 2499 1786 2506 νε
1809 2508 1814 2518 ¹

1037 2522 1068 2547 tie
1082 2527 1128 2547 eu.
1144 2521 1239 2554 Verba,
1253 2520 1314 2547 Non
1330 2526 1411 2547 tamen
1426 2521 1460 2547 ad
1473 2520 1650 2554 obtinendum,
1665 2525 1730 2554 etc„
1742 2523 1772 2548 et
1811 2522 1815 2532 ‘

1036 2557 1144 2591 quentia
1159 2557 1264 2590 triginta
1280 2557 1368 2590 capita
1381 2557 1479 2583 desunt
1491 2557 1518 2582 in
1533 2556 1715 2583 Maurinorum
1729 2563 1776 2583 ex
1810 2576 1813 2580 .

1037 2593 1092 2627 plo,
1104 2592 1168 2619 etin
1185 2592 1317 2626 plerisque
1331 2591 1391 2619 aliis
1409 2591 1486 2624 Mes„
1500 2595 1526 2618 et
1554 2591 1588 2618 al.
1611 2591 1701 2625 aliquo
1727 2591 1733 2597 “

1036 2632 1142 2654 suutex
1163 2626 1298 2654 Caelestini
1313 2626 1427 2661 epistola
1449 2627 1482 2653 ad
1507 2625 1648 2660 episcopos
1674 2625 1782 2659 Gall'y

1036 2662 1152 2689 concilio
1185 2662 1396 2697 Carthaginiensi
1431 2665 1525 2688 contra
1550 2661 1717 2696 Pelagianos,
1748 2679 1751 2682 ,
1764 2692 1766 2694 v

1037 2698 1202 2725 Arausicano
1229 2698 1357 2724 secundo.
1381 2697 1442 2724 {lec
1468 2701 1556 2724 tamen
1571 2696 1753 2724 additamenta*

1037 2734 1153 2760 cessaria
1169 2733 1271 2767 putavit
1281 2731 1448 2765 Ttiomasius,
1464 2736 1494 2759 ut
1508 2731 1650 2759 Vezzosius
1660 2731 1732 2759 adv
1754 2730 1770 2736 “

1071 2768 1136 2796 Cae.
1153 2775 1221 2795 xxti.
1235 2767 1304 2800 luc,-
1329 2767 1377 2799 al..
1393 2766 1456 2794 olim
1468 2766 1524 2794 ille.
1537 2766 1600 2794 lime
1620 2767 1703 2794 vet-bn
1723 2766 1735 2787 17

1036 2804 1104 2830 ωιιηι
1115 2803 1258 2835 arbitrium,
1269 2808 1335 2836 etc..
1345 2809 1404 2838 quae
1414 2803 1524 2837 virgulis
1537 2801 1737 2837 distinguuntur,

1037 2838 1184 2867 innocentii
1197 2838 1218 2873 ι,
1233 2837 1318 2866 relata
1328 2839 1410 2866 ctiam
1425 2845 1439 2864 a
1453 2837 1598 2866 uoelestino
1609 2836 1631 2865 1.

1063 2943 1081 2950 -ι
