1832 3016
384 182 713 236 APPENDIX
752 180 837 232 AD
877 181 1107 234 LIBROS
1146 180 1398 234 REGUM.

72 324 151 360 553
173 323 212 351 De
230 321 326 349 unitate
353 319 625 390 fidffssqies‘efthamm'
648 326 705 353 quoe
726 319 858 352 plenitudo

107 416 134 443 Ι.
153 414 219 449 Quid
232 413 273 440 vir
283 413 370 440 unus?
392 412 449 439 Non
474 411 560 438 solum
585 411 629 439 ille
653 419 721 439 unus
748 411 856 444 dicitur,

72 451 117 478 sed
141 455 233 478 omnes
250 453 433 483 competentes
454 455 524 474 unns
544 447 679 473 dicuntur.
705 447 788 474 Unam
814 454 859 473 sa-

71 486 195 520 pientiam
225 491 318 511 omiies
349 484 478 510 habentes
502 489 583 509 unum
605 481 741 509 Christum
766 482 857 509 lesum

69 521 229 548 confitentur
242 528 248 551 ;
264 521 289 546 in
304 526 357 546 uno
377 519 470 552 spiritu
487 518 533 544 Dei
548 518 687 551 replentur
699 526 706 550 ;
719 518 779 544 inde
793 517 858 543 dicit

69 555 228 590 Apostolus:
246 554 340 581 Omnes
361 555 463 589 quidem
484 558 601 585 currunt,
626 555 670 580 sed
685 562 751 579 wius
764 553 857 586 accipit

67 591 179 626 palvitam
191 589 216 622 (1
229 589 288 616 Cor.
301 598 337 621 ix,
349 589 407 625 24).

104 625 131 651 Ξ.
153 625 338 659 Unusquisque
363 624 542 659 insipientium
567 631 620 650 non
642 627 684 651 est
706 631 784 654 nnus.
806 623 853 650 sed

68 659 166 691 multis
187 661 247 695 quia
272 668 319 694 per
339 660 505 694 Scripturam
531 660 674 693 insipiens,
701 659 768 685 sicut
795 658 857 684 luna

67 699 194 722 mutatur.
211 695 284 722 Luna
297 703 356 722 cum
374 695 494 722 videatur
513 703 563 721 una
585 702 645 721 esse
664 702 711 727 per
729 694 854 720 substan-

67 731 141 763 tiam,
171 739 217 765 per
241 731 414 758 mutationem
437 731 540 757 dierum
561 737 668 763 semper
682 736 696 755 a
709 729 853 763 semetipsa

66 766 116 792 alia
141 771 191 798 est,
213 770 239 793 et
261 766 385 798 diversa;
412 765 451 793 sic
472 770 636 799 peccatores,
657 765 702 799 qui
717 768 856 791 mutamur

66 809 172 836 semper
184 802 304 834 scientia,
324 806 350 828 et
364 802 474 835 cupiunt
487 801 602 828 diversa.

101 836 127 862 5.
146 837 218 864 Unus
232 842 320 864 autem
339 837 437 863 dicitnr
455 837 536 869 Deus,
550 843 601 862 non
617 835 650 862 de
666 842 790 867 numero,
807 834 854 862 sed

69 872 130 906 quia
148 879 281 906 nimquam
299 879 313 898 a
329 873 473 903 semetipso
487 873 554 898 alter
567 871 692 898 eflicitur.
710 871 771 897 ldeo
787 878 856 897 nun-

66 914 143 941 quam
160 912 288 939 mutatur,
301 912 329 934 iit
343 911 384 934 est
398 918 404 935 ι
419 907 459 933 Tu
475 912 559 933 autem
573 907 639 933 idern
651 907 704 940 ipse
715 914 754 939 es,
767 910 791 932 et
806 914 853 932 an-

69 942 93 970 ai
108 943 144 969 tui
155 951 206 969 non
221 943 338 977 deficient
351 942 436 977 (Psal.
453 950 477 969 ei
488 963 494 974 ,
511 941 568 977 ⁶28).

101 977 127 1005 4.
144 978 184 1004 De
194 983 278 1004 monte
287 977 424 1011 Ephraim.
440 977 467 1003 ld
482 982 532 1009 est,
550 985 602 1004 non
616 977 650 1004 de
664 976 792 1008 vallibus,
808 984 855 1003 ne-

68 1020 120 1046 que
135 1014 167 1040 de
182 1014 294 1047 campis,
308 1020 359 1039 non
372 1014 406 1040 de
419 1013 542 1040 collibus.
556 1013 593 1039 Dc
605 1016 696 1039 monte
712 1012 836 1045 Ephraim
846 1032 853 1043 .
872 999 894 1028 B

68 1048 112 1080 qui
134 1049 320 1082 interpretatur
333 1049 514 1082 si·iic1ificneio,·
540 1048 565 1074 id
577 1053 619 1074 est
630 1055 704 1081 ergo,
721 1050 755 1073 ile
767 1052 856 1074 monte

68 1082 205 1116 frugifero,
230 1084 356 1110 Dominus
377 1083 482 1117 inquit:
500 1083 625 1109 Dominus
645 1083 786 1113 montium,
804 1090 856 1108 non

68 1119 238 1145 convallium.

103 1153 130 1179 5.
151 1154 247 1180 Elesina
273 1154 461 1188 interpretatur
483 1154 606 1188 possessio
622 1153 670 1179 Dei
691 1157 738 1179 est.
754 1153 798 1180 Vir
814 1153 858 1180 ille

68 1188 158 1215 habuit
186 1189 252 1215 duas
277 1197 394 1216 uxores:
409 1189 493 1223 prinin
516 1190 630 1215 nobilior
653 1189 729 1215 Anna
760 1189 858 1215 sterilis

69 1227 136 1255 erat,
155 1228 183 1250 ut
197 1224 246 1251 suit
261 1225 344 1258 prima
361 1232 429 1250 uxor
445 1224 543 1250 sterilis
558 1225 672 1251 Abraiiae
688 1224 767 1251 Sarra
782 1224 859 1251 nobi-

67 1259 132 1291 lior;
147 1259 263 1286 secunda
277 1259 401 1293 AEgypua
421 1262 488 1293 Agar
502 1259 643 1293 ignobilior
662 1259 720 1287 tuit.
738 1260 770 1285 Et
792 1259 859 1285 effe-

67 1298 125 1320 ctus
137 1300 178 1321 est
191 1294 323 1321 Abraham
338 1300 411 1328 pater
425 1294 458 1320 de
474 1295 591 1327 ignobili,
603 1295 642 1321 sic
653 1299 740 1321 tainen
754 1299 812 1328 post
826 1295 859 1321 de

69 1329 151 1356 nobili
166 1330 278 1363 conjuge
290 1334 373 1362 pater.

103 1365 131 1390 (5.
151 1366 187 1391 tta
203 1364 310 1396 Elotana,
325 1364 370 1398 qui
384 1365 509 1397 possessio
526 1363 583 1395 Dei,
607 1364 681 1396 prius
692 1364 725 1390 de
739 1364 856 1390 secunda

75 1406 160 1426 uxore
184 1399 299 1426 eflicitur
323 1403 408 1433 pater,
429 1400 488 1431 qnia
511 1400 644 1425 clauserat
665 1399 735 1425 Deus
753 1399 857 1425 vulvam

69 1435 126 1468 ejus
140 1437 235 1467 Annae,
257 1439 283 1460 ιιι
305 1435 377 1467 prius
400 1435 504 1460 vulvani
532 1435 631 1461 Sarrae.
660 1434 725 1461 Post
751 1440 856 1468 partum

69 1469 221 1496 Pnenennae
237 1470 340 1503 aperuit
366 1470 436 1496 Deus
459 1470 566 1496 vulvam
591 1472 685 1495 Annae.
712 1469 855 1496 Phenenna

68 1505 258 1539 interpretatur
270 1505 410 1537 conversio,
429 1506 502 1531 Anna
519 1505 601 1539 qratia
618 1505 821 1539 interpretatur.

104 1541 130 1566 7.
150 1541 199 1574 Qui
222 1540 277 1566 vult
303 1540 371 1567 ellici
395 1541 529 1574 possessio
555 1540 602 1566 Dei
621 1540 701 1566 ducat
726 1539 773 1567 has
793 1540 859 1567 duas

69 1583 177 1607 uxores,
192 1580 218 1602 et
230 1577 323 1610 jungat
340 1575 390 1602 sibi
405 1576 520 1610 primum
534 1583 592 1602 eam
605 1582 664 1610 quse
679 1576 793 1602 nobilior
805 1581 856 1608 est,

69 1616 181 1645 gratiam
195 1620 200 1643 ;
218 1611 275 1637 lia-e
290 1611 359 1637 enim
376 1612 459 1645 prima
475 1619 523 1645 per
537 1611 615 1637 iidem
632 1610 814 1644 conjungitur,
831 1616 860 1638 ut

70 1647 212 1679 Apostolus
222 1646 276 1672 ait:
294 1646 383 1672 Gratia
398 1647 464 1673 enini
482 1647 527 1673 Dei
543 1647 633 1672 salvati
649 1647 710 1672 estis
725 1654 768 1679 per
782 1646 859 1680 fidem

72 1680 179 1716 (Eplies.
205 1689 237 1714 ii,
254 1681 293 1716 8).
306 1682 441 1722 βειι-ιιιιιιω
461 1682 631 1716 conjungitur
650 1681 813 1713 Phenennre,
834 1683 860 1708 id
876 1687 898 1718 C

70 1721 122 1748 est,
144 1724 328 1749 conversioni,
346 1718 406 1752 quia
423 1723 482 1752 post
496 1718 608 1752 gratiani
625 1718 792 1744 credulitatis
807 1724 860 1744 mo-

72 1759 128 1778 runt
144 1752 296 1778 emendatio
310 1754 347 1779 lit.

107 1786 134 1812 8.
156 1787 243 1813 Prima
257 1789 324 1814 lilios
341 1787 417 1814 nobis
433 1793 540 1822 generat
555 1788 709 1820 phenenna,
724 1788 787 1822 qnia
801 1788 857 1821 pri-

74 1829 135 1849 mos
150 1822 226 1848 nobis
239 1822 339 1849 [ructus
357 1824 524 1856 proterimus.
541 1823 623 1859 554,
636 1823 668 1849 Ει
685 1824 736 1849 nisi
752 1830 863 1850 conver-

73 1863 160 1883 tamur
177 1865 191 1883 a
207 1857 287 1888 inalo,
306 1865 357 1884 nnn
373 1858 517 1891 poterimus
533 1860 603 1885 eiliei
619 1864 708 1892 patres
725 1859 758 1885 de
773 1860 861 1886 Anna.

73 1892 217 1919 Plienenna
233 1893 300 1918 tilios
320 1893 410 1924 habet,
432 1893 477 1919 sed
494 1893 537 1927 qui
559 1901 610 1920 non
635 1894 784 1926 assistuiit;
814 1902 863 1921 nec

74 1932 162 1954 tamen
178 1928 280 1959 inanes,
296 1935 355 1954 nani
370 1928 403 1954 de
418 1929 557 1955 sacrificiis
572 1929 670 1955 divinis
686 1929 779 1955 edunt.

109 1965 136 1990 9.
165 1962 351 1997 Unusquisque
369 1971 445 1998 ergo,
461 1963 505 1997 qui
524 1965 689 1991 convertitur
712 1972 725 1990 a
742 1969 862 1998 peccato,

75 2004 108 2027 ex
128 1999 302 2025 conversione
318 2003 428 2033 generat
441 2005 521 2033 opera
534 1999 653 2032 jiistitiae.
670 2000 703 2025 Ει
715 2005 805 2033 postea
817 2006 864 2025 ex-

75 2034 154 2059 citata
176 2034 251 2059 Anna
268 2040 315 2067 per
330 2034 416 2060 zelum
444 2035 542 2060 bonum
567 2041 672 2068 precem
700 2034 787 2061 fundit
813 2035 865 2061 Do-

74 2069 158 2100 mino,
176 2073 204 2094 ut
219 2070 273 2102 ipsa
290 2069 356 2095 tilios
370 2073 490 2103 generet,
503 2069 547 2103 qui
571 2072 697 2096 assistant
721 2070 786 2102 Deo,
815 2070 864 2096 hoc

74 2108 127 2136 est,
144 2104 211 2130 lilios
222 2104 326 2137 gratiae,
339 2107 382 2138 qui
396 2104 451 2131 Deo
467 2109 572 2131 vacent.
586 2104 613 2131 ln
625 2105 770 2139 Evangelio
784 2105 864 2139 huJus

75 2139 196 2165 historia:
213 2139 297 2165 lorina
313 2140 471 2166 ostenditur.

111 2173 154 2200 10.
180 2173 309 2201 Videlicet
332 2175 433 2201 Martha
449 2175 543 2209 satagit
562 2175 631 2202 circa
646 2175 772 2210 frequens
787 2175 865 2202 mini-

75 2209 310 2244 sterium:explet
331 2216 412 2243 opera
434 2211 656 2242 conversationis,
681 2216 708 2238 et
734 2219 782 2245 per
807 2212 866 2238 liaec

75 2245 150 2272 vehit
165 2244 234 2271 lilios
247 2245 458 2272 conversationis
475 2250 594 2280 generat.
617 2246 652 2273 Et
671 2246 753 2274 Maria
768 2246 866 2274 sedens

112 2336 139 2363 Ι.
154 2335 341 2370 Fragmentum
358 2337 418 2369 hoc,
439 2342 467 2364 ut
482 2337 535 2364 dixi
562 2338 587 2364 in
613 2337 777 2370 lsidoiianis,
796 2346 864 2373 cap.

81 2369 142 2402 ¹02,
166 2378 194 2397 n.
217 2371 263 2405 25,
277 2372 303 2399 in
325 2371 424 2399 Codice
438 2372 524 2400 Vatic.
540 2373 624 2400 Palat.
645 2372 714 2406 276,
728 2381 866 2400 commcn—
880 2378 907 2408 1)

81 2405 148 2431 tario
169 2405 261 2433 isidori
284 2407 310 2434 in
331 2407 375 2434 tib.
394 2413 516 2441 quartum
543 2407 644 2443 Regum
666 2416 797 2435 annexum
822 2414 863 2436 est

83 2440 175 2479 eodem
199 2445 333 2470 contextu.
362 2441 492 2475 Quamvis
520 2444 610 2470 titulus
639 2444 674 2470 sit
701 2443 739 2470 De
766 2445 863 2471 unitate

83 2475 151 2507 (idea,
172 2478 238 2508 ete„
249 2483 279 2504 re
295 2481 382 2504 tamen
403 2485 466 2505 vera
480 2483 522 2506 est
538 2480 670 2513 expositio
685 2481 863 2514 quorumdam

84 2510 202 2550 locorum
224 2510 350 2539 librorum
375 2512 485 2546 Regum,
505 2519 557 2541 eta
575 2516 661 2548 primu
677 2515 755 2547 libro,
769 2523 828 2550 cap.
842 2523 861 2549 i,

85 2545 109 2575 l.
133 2546 236 2571 initium
258 2547 341 2579 ducit,
364 2547 466 2574 scilicet
480 2557 486 2574 z
500 2548 562 2575 Fuit
575 2550 612 2576 vii·
624 2558 690 2577 anus
711 2550 743 2577 de
765 2550 863 2577 Rama-

84 2580 163 2606 thaim
182 2580 300 2615 Sopnim,
320 2584 351 2609 de
369 2587 452 2610 monte
475 2583 610 2619 Ephraim,
626 2590 679 2613 ete.
697 2586 749 2613 l‘ro
765 2594 864 2621 compe-

86 2620 177 2655 tentes·
189 2614 301 2656 lot-tasse
320 2617 458 2651 legendum
479 2625 658 2655 corripuerim,
673 2622 722 2648 etsi
737 2622 809 2648 illico
824 2629 866 2648 ne-

84 2654 160 2684 gatur
170 2657 220 2676 insi
243 2656 327 2678 ientes
337 2659 395 2680 esse
408 2660 500 2680 tinum.

119 2685 147 2712 2.
161 2685 188 2712 lii
251 2704 258 2712 .
278 2690 320 2712 est
336 2694 394 2713 cum
413 2688 522 2715 videtin·-
548 2689 706 2724 insipientes
726 2692 802 2718 inulti
826 2692 866 2718 di-

83 2723 191 2753 eantur,
206 2723 268 2754 quia
282 2722 423 2750 stultorum
439 2722 558 2750 infinitus
570 2730 613 2751 est
626 2732 764 2759 numerus,
777 2730 805 2753 et
815 2729 867 2754 hoc

84 2761 164 2784 ”nou
179 2756 301 2783 nonnulli
316 2757 465 2791 intelligunt
484 2758 556 2792 quod
570 2758 680 2793 dieitur,
698 2762 775 2788 multi
787 2762 867 2790 multa

59 2814 75 2829 ,
86 2790 237 2828 loquuntur,
252 2792 315 2826 quia
325 2792 403 2820 stulti
412 2796 475 2820 nunt
486 2793 622 2827 loquaces.

51 2878 81 3016 g
265 2837 404 2871 t‘nnoi..
423 2837 603 2872 Lxxxtii.

873 311 901 341 Α
912 315 990 337 secus
1004 308 1087 343 pedes
1101 307 1176 336 verbi
1201 307 1320 340 Domini,
1337 307 1466 341 optimam
1488 312 1592 342 partem
1612 309 1710 338 dicitur

912 344 1045 379 elegisse,
1070 347 1098 371 et
1121 343 1277 378 intelligitur
1304 342 1380 370 vetut
1402 344 1488 377 gratia
1508 345 1619 379 gemina
1646 353 1710 380 pro-

911 386 1016 407 creare.

948 414 992 441 lt.
1013 413 1058 440 Sic
1079 413 1155 440 Anna
1171 417 1282 448 generat
1295 412 1377 439 illium
1392 412 1514 446 Samuel,
1530 415 1575 448 qui
1592 414 1648 442 neo
1662 422 1708 443 as-

911 449 990 481 sistit,
1004 448 1038 476 de
1053 455 1106 482 quo
1130 448 1247 474 dicitnr:
1263 447 1366 481 Moyses
1379 452 1403 473 et
1418 448 1508 475 Aaron
1526 449 1554 475 in
1569 451 1713 477 sacerdoti·

911 485 957 511 buc
969 485 1026 511 e'tts
1050 487 1074 509 et
1097 482 1203 510 Samuel
1216 482 1282 509 inter
1297 490 1338 508 eos
1353 482 1396 515 qui
1411 483 1530 510 invocant
1545 492 1638 511 nomen
1653 487 1710 520 ejus

911 519 976 553 (Psa
989 527 1023 546 m.
1054 526 1145 550 xcviii,
1178 517 1224 551 6);
1252 517 1323 552 quod
1350 518 1543 550 interpretatur
1557 528 1563 545 ε
1582 519 1632 546 Ubi
1655 520 1711 554 ipae

911 555 992 582 Deus.
1014 553 1063 581 Ubi
1080 554 1150 580 enim
1165 553 1276 587 spiritus
1292 553 1395 587 gratiae,
1416 553 1451 579 ibi
1467 553 1565 581 dicitur
1583 554 1662 587 Deus,
1681 560 1710 582 ut

909 590 1007 617 Paulus
1022 589 1097 616 dicit.
1119 589 1153 616 Et
1163 589 1263 615 cadens
1278 588 1304 615 in
1321 588 1414 615 faciem
1429 588 1553 616 adoravit
1568 589 1652 617 Deum
1667 591 1708 618 di-

909 633 973 653 cens
988 634 994 652 z
1011 623 1076 651 Vere
1089 625 1156 651 Deua
1170 624 1195 650 iri
1211 624 1280 650 vobis
1291 628 1337 650 est.

946 661 990 688 ιιι.
1010 660 1065 687 Nisi
1085 660 1238 694 praecedant
1258 666 1339 692 opera
1361 659 1556 693 conversionis,
1575 668 1628 687 non
1645 669 1707 695 pos-

908 704 1001 724 sumus
1017 697 1086 723 dona
1105 696 1214 729 spiritus
1234 702 1364 729 generare
1380 695 1406 721 in
1422 695 1487 722 Silo.
1505 695 1591 722 Silam
1611 703 1710 724 nomen

908 732 970 763 loci,
984 733 1010 758 in
1028 739 1080 765 quo
1105 731 1287 757 offerebantur
1309 729 1451 763 sacrificia,
1469 731 1624 765 priusquam
1641 736 1710 760 tem-

909 768 981 802 plum
1008 766 1187 794 :edificaretnr
1207 765 1234 792 in
1256 765 1417 798 Jerusalem,
1439 769 1468 793 et
1488 767 1610 800 purgatio
1628 767 1709 794 tiebat

908 806 1092 837 peecatorum.
1119 802 1204 828 Silum
1230 801 1421 834 interpretatur
1444 801 1558 834 evulsio,
1584 802 1640 830 sive
1663 810 1711 830 ex-

908 838 1045 870 calceatio,
1060 837 1085 864 id
1098 841 1148 869 est,
1161 836 1335 863 calceamenti
1352 836 1487 863 resolutio.
1504 837 1590 864 Locus
1605 842 1709 871 autem,

908 874 934 900 in
958 881 1011 907 quo
1035 878 1180 907 purgantur
1197 876 1316 905 peccata,
1338 871 1441 899 evulsio
1465 872 1632 905 nominatur,
1662 873 1710 900 ubi

910 909 1042 935 evellitur
1057 915 1103 935 cor
1118 908 1250 942 lapideum
1264 915 1271 939 3
1292 911 1319 933 et
1333 907 1510 940 excalceatio,
1527 908 1589 941 quia
1605 915 1709 942 omnes,

908 944 994 971 donec
1005 944 1037 970 ad
1055 944 1143 970 locum
1157 942 1300 970 veniamus
1316 946 1451 976 sanctum,
1465 943 1578 970 calceati
1594 950 1688 971 sumus
1701 953 1709 977 ;

908 986 969 1006 cuin
994 984 1082 1006 nutem
1110 978 1298 1013 perveniamus
1323 977 1356 1004 ad
1380 985 1453 1011 eum,
1479 978 1638 1006 discalceari
1661 979 1710 1014 ju-

909 1015 1014 1042 bemiir.

948 1049 990 1076 15.
1013 1049 1048 1077 Ut
1059 1049 1143 1084 Moysi
1159 1049 1257 1076 dicitnr
1270 1057 1276 1074 ε
1291 1047 1369 1075 Solve
1388 1049 1527 1084 corrigiam
1543 1049 1712 1076 calceamenti

910 1086 958 1117 tui,
975 1085 1046 1111 locus
1060 1086 1128 1111 enirn
1145 1085 1171 1110 in
1188 1093 1238 1119 quo
1253 1087 1306 1110 stas
1318 1088 1385 1110 terra
1400 1089 1490 1110 sancta
1504 1089 1540 1110 est
1555 1084 1654 1120 (Exod.
1669 1093 1710 1117 iii,

911 1121 938 1154 5)
954 1141 961 1152 ,
974 1126 1004 1147 ιιι
1017 1121 1116 1147 indicia
1134 1119 1303 1146 mortalitatis
1324 1119 1462 1153 abjiceret,
1483 1127 1544 1154 quze
1564 1122 1590 1146 in
1607 1121 1711 1148 calcca-

911 1157 1008 1182 mentis
1028 1156 1149 1190 pelliceis
1173 1155 1358 1189 designantur.
1387 1155 1463 1182 Unde
1483 1155 1606 1182 Salvator
1626 1156 1710 1183 dicit:

912 1191 1002 1226 Neque
1012 1191 1185 1218 calceamenta
1197 1191 1223 1216 in
1234 1190 1341 1225 pedibus
1355 1190 1456 1221 vestris,
1473 1191 1571 1224 quippe
1582 1191 1625 1223 qui
1639 1191 1711 1218 illaiii

911 1227 982 1252 viam
999 1227 1164 1254 incederent.
1186 1226 1235 1259 Qui
1260 1225 1324 1252 dicit
1336 1234 1342 1250 :
1358 1225 1414 1259 Eoo
1428 1233 1486 1251 sum
1499 1226 1556 1257 via,
1570 1230 1593 1251 et
1607 1226 1710 1258 vernas,

911 1267 935 1288 et
949 1262 1010 1289 uita.
1028 1263 1112 1289 Nemo
1127 1262 1199 1288 enim
1215 1263 1284 1288 viam
1296 1261 1358 1287 vitre
1372 1267 1433 1287 cum
1449 1260 1549 1287 indicio
1564 1260 1711 1288 mortalita-

912 1297 946 1322 tis
958 1297 1068 1324 incedit.

949 1332 991 1357 Μ,
1015 1332 1110 1363 Situm,
1126 1331 1169 1358 ubi
1185 1335 1224 1357 est
1242 1330 1310 1360 Heli.
1327 1331 1367 1356 vir
1381 1330 1470 1356 minus
1483 1330 1641 1364 landabilis;
1662 1339 1711 1366 pro

913 1371 1024 1400 precato
1039 1368 1110 1394 enim
1127 1370 1274 1393 retrorsum
1299 1372 1428 1392 corruens
1447 1365 1589 1399 expiravit.
1606 1367 1634 1394 Si
1650 1368 1711 1402 quis

911 1406 1060 1428 retrorsum
1075 1398 1241 1429 convertitur
1252 1407 1266 1426 a
1283 1400 1344 1432 lide,
1361 1404 1388 1428 et
1399 1400 1523 1433 veritate,
1541 1408 1655 1430 necesse
1669 1406 1712 1430 est

911 1441 940 1464 ut
954 1437 1042 1468 cadat.
1059 1442 1085 1464 et
1096 1435 1223 1463 continuo
1238 1436 1379 1463 moriatur.

948 1473 992 1499 ¹5.
1011 1472 1068 1499 lleli
1084 1472 1276 1505 interpretatur
1286 1476 1442 1505 extraneus;
1456 1476 1601 1499 extraneus
1611 1473 1711 1508 quippe

911 1515 925 1533 a
942 1507 1009 1541 Deo,
1027 1508 1070 1542 qui
1086 1516 1138 1534 non
1161 1512 1235 1534 tenet
1250 1507 1429 1541 disciplinam,
1447 1511 1474 1534 et
1490 1507 1573 1534 lilium
1591 1516 1643 1535 non
1662 1516 1710 1536 co-

914 1544 991 1576 gitat,
1007 1550 1059 1570 non
1073 1543 1195 1577 corripit,
1213 1547 1259 1569 aut
1273 1542 1408 1575 emendat,
1427 1543 1472 1577 qui
1493 1543 1613 1578 indulget
1628 1544 1711 1571 vitiis.

912 1578 997 1605 Filius
1014 1578 1071 1606 lleli
1084 1578 1173 1613 Ophni
1190 1577 1382 1612 interpretatur
1394 1579 1509 1605 excelsus
1525 1579 1710 1612 conversionis,

913 1614 973 1648 quia
990 1613 1068 1649 longe
1083 1614 1199 1640 eflicitur
1213 1615 1246 1640 ab
1261 1613 1468 1646 emundatione,
1493 1614 1551 1640 haec
1575 1615 1713 1642 convertit

914 1649 946 1676 ad
961 1649 1114 1676 Dominum.

952 1684 995 1711 16.
1022 1684 1092 1711 Durus
1114 1684 1230 1711 Pliinees
1255 1683 1378 1711 novimus
1401 1683 1429 1710 in
1456 1683 1608 1718 Scriptura,
1637 1684 1713 1712 illuni

914 1719 1017 1754 justum
1034 1720 1120 1746 lilium
1135 1720 1234 1751 Aaron,
1251 1719 1332 1754 555
1346 1724 1373 1746 et
1389 1719 1517 1753 injustum
1539 1719 1622 1746 silium
1643 1720 1712 1747 neti.

916 1755 1081 1789 significatur
1091 1756 1204 1782 Phinees
1215 1756 1266 1781 oris
1277 1755 1403 1781 obturatio
1418 1759 1443 1781 et
1454 1754 1494 1781 ori
1508 1762 1628 1789 parcent.
1644 1755 1714 1783 Sunt

916 1791 942 1817 iii
969 1791 1154 1818 sacerdotibus
1177 1791 1256 1817 hodie
1282 1795 1413 1825 uterque:
1449 1790 1475 1816 iii
1494 1790 1579 1824 parcit
1592 1792 1631 1817 ori
1649 1798 1711 1824 suo,

916 1831 943 1852 et
967 1826 1055 1852 omnis
1080 1833 1169 1853 serino
1193 1826 1279 1852 maliis
1299 1826 1324 1852 in
1351 1797 1492 1853 saceraote
1508 1833 1562 1852 non
1578 1826 1711 1859 procedit,

916 1860 1009 1888 Phinei
1032 1861 1087 1887 lilio
1107 1863 1196 1887 Aaron
1223 1865 1404 1895 comparatur.
1433 1861 1631 1895 Comparantur
1657 1861 1713 1888 lilio

917 1896 974 1923 Heli
1002 1896 1028 1922 tii
1053 1896 1206 1923 sacerdotes
1237 1897 1281 1930 qui
1310 1896 1463 1923 obturatum
1478 1903 1508 1924 os
1525 1896 1634 1928 liabent,
1654 1896 1714 1924 sive

916 1931 1058 1965 imperitia,
1076 1932 1117 1958 vel
1137 1931 1212 1964 vitio,
1228 1933 1284 1959 sive
1299 1931 1462 1958 conscientia
1475 1937 1662 1966 peecatorum.

957 1968 997 1992 17.
1020 1965 1107 1992 Donec
1119 1971 1243 1993 amoveret
1258 1975 1313 1993 euin
1327 1975 1343 1992 a
1358 1967 1431 1993 lacte.
1448 1966 1486 1993 De
1499 1967 1623 1993 rationali
1643 1967 1714 1994 lacte

917 2002 1001 2029 Annae
1017 2001 1127 2028 Saninel
1141 2001 1293 2036 depellitur,
1311 2002 1371 2036 qnia
1392 2002 1439 2035 qui
1459 2001 1515 2028 Deo
1536 2001 1657 2034 offertur,
1673 2002 1714 2029 os-

917 2037 979 2064 serri
1002 2041 1063 2063 ante
1080 2045 1132 2063 non
1158 2038 1263 2070 potnit,
1287 2045 1367 2071 quain
1387 2036 1569 2071 depelleretur
1591 2044 1606 2064 a
1621 2037 1712 2069 lacte:

917 2072 1034 2107 quandiu
1050 2079 1115 2105 puer
1131 2077 1172 2098 cst
1186 2073 1308 2099 sensibus
1321 2094 1328 2105 ,
1345 2072 1443 2099 Paulus
1457 2072 1522 2099 dicit
1543 2081 1549 2098 :
1570 2071 1623 2098 Lac
1643 2073 1714 2099 vobis

917 2113 1004 2141 potum
1019 2107 1090 2139 dedi,
1105 2115 1155 2134 non
1168 2115 1261 2134 escam.

955 2143 998 2169 18.
1019 2144 1111 2169 Omnis
1127 2143 1170 2176 qui
1187 2143 1273 2177 primo
1288 2142 1321 2170 ab
1333 2142 1428 2170 liaeresi
1443 2142 1477 2170 ad
1492 2142 1571 2170 tidem
1586 2141 1713 2175 vertitur,

918 2186 933 2204 a
948 2178 1016 2205 lacte
1031 2178 1110 2204 alitur
1127 2187 1133 2204 ε
1156 2179 1260 2205 alienus
1283 2183 1325 2205 est
1349 2185 1440 2205 sermo
1461 2178 1572 2212 justitia}
1585 2197 1594 2210 ,
1610 2181 1638 2204 et
1658 2185 1712 2205 non

919 2213 999 2241 habet
1013 2220 1108 2241 sensus
1123 2213 1156 2240 ad
1171 2213 1359 2240 discretionem
1376 2213 1438 2241 boni
1451 2219 1478 2240 et
1491 2213 1564 2240 mali.
1581 2212 1713 2240 Parvnlus

919 2256 973 2277 non
989 2253 1078 2284 potest
1101 2249 1247 2276 ascendere
1261 2249 1295 2276 ad
1310 2248 1440 2283 templum
1456 2248 1523 2284 Dei,
1538 2253 1567 2276 et
1580 2248 1614 2275 ad
1629 2248 1712 2276 inini-

953 2339 982 2366 5.
1002 2339 1093 2372 Forte,
1111 2343 1138 2366 ut
1153 2343 1189 2366 est
1205 2339 1327 2373 scriptum
1341 2347 1351 2366 :
1363 2339 1402 2366 Tu
1416 2344 1511 2372 autem,
1525 2343 1579 2366 etc.

954 2376 981 2402 8.
999 2375 1027 2402 ln
1040 2374 1088 2401 Ms.
1104 2374 1250 2401 Plionenme
1266 2374 1332 2408 {ilios
1343 2374 1442 2400 habuit.

953 2411 980 2438 9.
1003 2410 1029 2437 ln
1042 2410 1090 2436 ΜΞ.
1106 2415 1164 2436 erat
1177 2414 1258 2436 vacat.

955 2446 998 2472 to.
1021 2445 1072 2472 Pro
1086 2444 1282 2471 conversationis
1297 2444 1452 2478 praestiterit
1465 2444 1554 2478 legere
1567 2445 1714 2472 convenio-

920 2482 969 2508 niii.
986 2480 1142 2507 Mendosum
1159 2480 1265 2506 videtur
1279 2480 1364 2514 qratia
1377 2480 1489 2513 gemina.

958 2515 998 2542 13.
1021 2515 1069 2542 Ms.
1085 2514 1224 2541 incederat.
1242 2514 1324 2541 Forte
1339 2514 1501 2541 incedebant.
1518 2514 1581 2542 Haec
1595 2519 1623 2542 et
1636 2522 1715 2550 seqq.

919 2552 1055 2585 pertinent
1079 2550 1160 2576 etiam
1181 2550 1214 2576 ad
1227 2556 1286 2583 cap.
1302 2556 1320 2576 ii
1337 2549 1383 2576 lib.
1396 2549 1405 2576 l
1417 2549 1531 2583 Regum.
1543 2549 1572 2576 ln
1590 2550 1714 2585 Vulgata,

921 2588 973 2613 loc.
995 2587 1041 2613 cit.
1063 2585 1161 2619 Exod„
1181 2588 1242 2611 est:
1258 2584 1334 2612 Solve
1350 2585 1551 2611 calceamentum
1565 2586 1597 2612 de
1608 2586 1716 2620 podio-⁸

919 2623 979 2649 titis.

955 2657 1000 2684 15.
1022 2656 1113 2688 Forte,
1137 2654 1220 2689 filiam
1233 2663 1286 2682 non
1309 2655 1427 2690 castigat.
1441 2674 1448 2682 .
1461 2673 1469 2682 .
1486 2674 1494 2682 .
1509 2654 1584 2690 lonqe
1608 2655 1714 2690 efficitur

918 2693 950 2719 ab
963 2691 1148 2718 emendatione.

956 2727 1013 2788 ¹62¹
1022 2725 1111 2758 Forte,
1125 2728 1154 2752 ιιι
1168 2725 1252 2753 omnia
1269 2733 1351 2753 termo
1374 2725 1458 2754 matus
1472 2727 1500 2754 in
1515 2726 1714 2754 sacerdotettoii

939 2770 995 2789 rece
1014 2765 1050 2788 at.

920 2770 937 2797 p
956 2797 1000 2825 18.
1022 2796 1113 2830 Forte,
1129 2795 1305 2825 attenuata
1317 2804 1435 2825 sermone
1439 2797 1562 2834 innuite.
1589 2815 1592 2819 ·

1479 2842 1518 2876 15
