1832 3016
105 117 158 147 sm

730 117 994 147 SYNONYMORUM
1015 120 1080 149 ΗΒ.
1099 121 1121 149 ΙΙ

1695 131 1747 158 850

104 180 172 207 Vitio
192 179 277 206 fomes
298 177 416 206 libidinis
433 176 575 204 enutritur.
592 175 676 203 venis
695 175 758 202 vino
773 176 893 211 repletis,
908 178 936 207 A
948 181 999 211 tes,
1014 179 1128 212 aestima,
1144 187 1238 207 omnes
1258 181 1413 215 superiores
1425 189 1486 211 esse
1508 183 1567 219 tibi,
1583 186 1704 214 omnium
1720 192 1747 216 te

104 225 208 254 luxuria
231 225 259 251 in
282 222 409 251 membris
425 221 551 256 pullulat;
567 221 661 255 pocula
684 222 783 256 quippe
798 222 897 250 instru-

104 275 192 300 menta
209 270 321 298 luxuriae
335 272 406 296 sunt.
430 268 486 302 igni
498 267 568 294 enim
583 267 689 302 adjecto
705 267 797 296 fomite
814 270 898 303 magis

103 318 202 346 crescit
215 316 381 346 incendium
395 313 500 348 adjecta
514 314 569 350 igni
578 315 703 348 materia,
713 315 772 350 plus
785 321 898 351 augetur

105 366 222 394 flamma.

140 412 183 439 16.
196 410 270 439 Oculi
285 416 390 444 quoque
403 408 488 443 prima
505 408 556 434 tela
579 407 713 441 libidinis;
729 409 796 436 visio
811 409 897 444 prima

103 456 319 492 concupiscentia
334 455 466 487 mulieris,
482 462 557 482 mens
570 455 640 482 enim
656 463 704 490 per
718 456 812 483 oculos
823 457 898 491 capi-

103 509 158 533 tur.
171 503 303 536 Aspectus
317 508 432 536 namque
447 501 547 528 amoris
560 500 646 535 jacula
663 501 758 534 mittit,
771 502 897 537 concupi-

100 549 209 579 scentiae
231 549 368 576 libidinem
395 548 477 575 nutrit
495 552 634 582 aspectus;
658 543 894 583 mentem'illicit‚

100 597 216 624 animam
235 595 334 629 titillat,
348 602 394 622 cor
406 594 539 621 vulnerat.
556 593 689 622 Subtrahe
701 595 782 630 igitur
795 595 894 629 visum,

97 642 215 677 reprime
231 642 322 668 oculos
342 648 357 668 a
382 641 539 674 petulantia,
557 648 607 668 nec
622 648 669 668 eos
684 641 749 675 sigas
763 642 790 668 in
806 636 912 676 specie*

99 687 198 715 carnis.
215 686 317 713 Nullam
333 685 456 713 attendas
469 686 501 713 ad
517 686 778 721 concupiscendum
796 688 895 715 nnllam

99 734 151 762 hoc
172 733 262 761 animo
278 732 416 767 inspicias,
438 738 466 759 ut
489 733 682 767 concupiscas;
699 734 763 761 tolle
776 734 895 762 occasio-

99 788 159 808 nem
175 778 313 814 peccandi,
329 779 404 806 anser
419 779 558 805 materiam
572 778 756 814 delinquendi.

135 827 178 853 17.
194 826 222 854 Si
235 826 275 852 vis
287 832 347 852 esse
358 832 373 852 a
388 824 563 852 fornicatione
577 829 658 859 tutus,
672 830 730 852 esto
743 833 856 860 corpore
867 832 895 854 et

951 225 1092 253 minimum
1113 226 1248 259 existima,
1271 226 1427 256 inferiorem
1450 234 1475 256 te
1497 230 1621 260 omnibus
1637 232 1747 267 deputa.

950 272 1077 306 Quamvis
1091 281 1211 301 summus
1225 274 1272 306 sis,
1287 274 1463 304 humilitatem
1479 281 1555 311 tene3
1572 278 1596 306 si
1611 278 1748 308 humilita-

951 322 1005 345 tem
1022 319 1150 352 tenueris,
1173 319 1285 347 habebis
1307 321 1438 355 gloriatin
1457 327 1586 355 quantum
1606 324 1678 352 enim
1700 325 1750 353 bu-

950 364 1022 390 milis
1037 364 1130 398 fueris,
1148 370 1248 392 tantum
1265 371 1291 393 te
1305 373 1434 400 sequetur
1449 368 1544 402 gloriae
1555 369 1681 398 altitudo.

985 409 1029 436 2¹.
1056 408 1128 437 Cave
1158 415 1247 438 antem
1273 412 1445 445 iactantiam,
1471 420 1537 441 eave
1560 417 1750 444 ostentationis

949 455 1106 489 appetitum.
1124 455 1194 482 Cave
1209 456 1300 490 gloriae
1317 458 1404 484 inanis
1418 458 1546 491 studium,
1563 467 1616 486 non
1635 465 1661 488 te
1675 470 1751 489 arro—

949 509 1007 536 ges,
1031 509 1083 528 non
1100 505 1126 528 te
1138 501 1236 536 jactes,
1253 510 1306 529 non
1330 507 1357 530 te
1380 504 1527 532 insolenter
1546 506 1669 534 extollas.
1685 507 1750 536 Aias

949 547 1082 582 superbiae
1097 556 1149 575 uun
1165 548 1305 581 extendas,
1321 549 1445 577 elationis
1460 558 1560 584 pennas
1576 559 1629 580 non
1651 553 1749 588 erigas,

949 594 1014 622 nihil
1039 594 1073 622 de
1098 599 1124 622 te
1148 602 1308 629 praesumas,
1333 596 1400 623 nihil
1424 597 1471 624 tibi
1494 598 1555 625 boni
1581 599 1693 631 tribuas,
1717 601 1751 628 de

947 639 1057 675 justitiae
1083 641 1180 668 virtute
1205 642 1278 668 nulla
1304 642 1420 670 elatione
1442 644 1593 678 superbias,
1618 645 1652 673 de
1671 646 1750 675 bonis

949 687 1024 714 sactis
1043 695 1095 714 non
1110 688 1258 721 extollaris,
1280 688 1314 716 de
1338 689 1409 716 bono
1424 697 1508 723 opere
1532 699 1586 718 non
1608 693 1749 726 glorieris;

948 733 1093 767 descende,
1121 739 1149 762 ut
1173 735 1317 768 ascendas;
1335 735 1487 770 humiliare,
1514 742 1542 765 ut
1564 739 1703 773 exalteris,
1716 748 1751 768 ne

948 780 1080 807 exaltatus
1103 781 1252 808 humilieris
1266 791 1272 814 ;
1289 783 1333 816 qui
1348 784 1420 810 enim
1435 785 1566 812 attollitur
1582 786 1748 820 humiliatur,

947 826 992 860 qui
1005 828 1137 855 exaltatur
1150 828 1286 863 dejicitur,
1303 830 1347 863 qui
1363 830 1483 857 elevatur
1496 832 1687 865 prosternitur,
1703 826 1750 867 qui

98 873 200 901 visione
213 872 357 903 discretus,
372 878 486 905 corpore
501 872 602 906 quippe
615 871 753 905 sejunctus
763 879 777 898 a
792 874 893 907 peccati
909 871 934 902 B
949 873 1057 899 inflatur
1080 873 1215 906 alliditur;
1240 874 1273 901 de
1289 875 1395 902 excelso
1417 876 1522 910 gravior
1537 883 1615 904 casus
1640 883 1691 911 est,
1716 878 1750 906 de

98 918 246 946 intentione
261 917 385 944 discedis.
402 917 478 943 Circa
492 921 644 951 serpentem
663 922 751 944 autem
774 927 826 945 non
842 920 895 947 eris

99 966 142 992 din
162 965 277 996 illaesus3
294 968 356 990 ante
372 963 460 998 ignem
477 963 639 995 consistens,
656 963 707 990 etsi
724 963 829 992 ferreus
845 965 892 998 sis,

98 1011 239 1047 aliquando
255 1010 427 1041 dissolveris3
454 1010 591 1044 proximus
613 1009 731 1044 periculo
754 1010 800 1037 diu
823 1015 896 1040 tutus

99 1065 151 1085 non
166 1057 229 1088 eris,
248 1063 294 1091 per
307 1055 490 1082 assiduitatem
506 1055 561 1082 cito
577 1061 669 1088 peccat
685 1056 776 1084 ltomo.

136 1105 180 1133 18.
197 1106 273 1138 Saepe
290 1105 455 1132 ittntiliaritas
467 1103 602 1138 implicuit
620 1104 728 1131 multos.
753 1104 832 1139 Saepe
853 1113 896 1132 oc-

99 1152 173 1178 casio
188 1151 313 1185 peccandi
331 1150 493 1176 voluntatem
510 1149 580 1175 lacit.
593 1149 680 1183 Saepe,
694 1158 760 1184 quos
773 1151 896 1179 voluntas

100 1206 153 1225 non
177 1197 272 1232 potuit,
293 1196 435 1223 assiduitas
457 1195 602 1230 superavit.
627 1195 759 1223 Otiositati
778 1196 896 1224 deditum

99 1245 152 1272 cito
162 1243 265 1272 luxuria
276 1243 401 1276 subripit.
415 1242 559 1269 vacantem
572 1243 674 1270 luxuria
690 1243 745 1271 cito
761 1252 897 1278 przeoccu-

101 1297 156 1327 pat.
168 1291 282 1319 Gravius
298 1290 379 1317 libido
390 1290 444 1317 urit
454 1298 531 1324 quem
543 1290 656 1317 otiosum
669 1291 810 1319 invenerit.
822 1293 899 1320 Cedit

100 1342 188 1364 autem
202 1336 282 1363 libido
296 1336 386 1367 rebus,
396 1335 467 1362 cedit
478 1335 564 1369 operi,
577 1336 648 1362 cedit
661 1336 809 1370 industriae,
823 1342 849 1364 et
861 1338 898 1364 la-

100 1383 167 1415 bori,
184 1383 321 1410 libidinem
335 1382 433 1416 quippe
444 1382 532 1409 carnis
544 1389 616 1416 saepe
629 1382 703 1409 labor
714 1384 824 1415 evincit,
839 1392 897 1411 cor-

100 1437 150 1465 pus
163 1429 235 1456 enim
260 1427 351 1454 labore
366 1427 503 1462 fatigatum
522 1428 609 1454 minus
625 1428 771 1455 delectatur
787 1429 895 1463 flagitio.

137 1475 178 1502 19.
196 1475 364 1509 Quapropter
381 1481 500 1508 praecave
516 1474 610 1505 otium,
623 1482 676 1501 non
691 1474 787 1510 diligas
802 1477 895 1509 otintt‘,

99 1532 151 1552 non
171 1524 251 1550 ducas
275 1524 301 1550 in
328 1523 382 1550 otio
405 1523 498 1556 vitam,
524 1523 601 1557 fatiga
627 1530 725 1556 corpus
747 1523 894 1556 laboribus,

99 1577 199 1598 exerce
223 1570 311 1604 operis
334 1568 475 1603 cujuslibet
499 1568 628 1602 studium,
651 1577 740 1603 qnarre
766 1570 812 1596 tibi
829 1578 896 1604 opus
911 1559 934 1590 C

99 1617 172 1649 utile,
191 1623 242 1650 quo
260 1615 340 1642 animi
356 1615 480 1648 inligatur
498 1614 620 1646 intentio,
646 1622 706 1642 cum
721 1623 800 1649 opere
817 1617 895 1652 501

99 1670 161 1690 vaca
177 1661 295 1695 lectioni,
315 1668 378 1688 vaca
399 1661 425 1688 in
451 1661 508 1695 lege
526 1661 582 1694 Dei,
603 1668 667 1687 vaca
683 1661 708 1688 in
726 1662 897 1689 meditatione

100 1708 314 1743 Scripturarum3
337 1707 433 1734 habeto
456 1707 482 1733 in
503 1706 600 1734 divinis
616 1706 690 1734 libris
707 1707 895 1742 frequentiam,

99 1754 241 1782 assiduitas
256 1754 361 1788 legendi
375 1753 411 1780 sit
426 1753 482 1785 tibi,
498 1753 533 1779 sit
547 1753 595 1780 tibi
610 1752 736 1787 frequens
750 1754 841 1787 lectio,
861 1755 897 1782 sit

100 1801 252 1836 quotidiana
270 1800 336 1836 legis
354 1800 501 1826 meditatio.
525 1800 616 1827 Lectio
631 1800 691 1827 vitu
714 1800 799 1828 demit
824 1809 898 1828 erro-

101 1854 168 1879 rem,
198 1846 277 1874 lectio
306 1853 321 1873 a
347 1846 438 1872 mundi
465 1846 600 1873 subtrahit
625 1847 752 1879 vanitate,
785 1848 898 1875 lectione

101 1900 196 1920 sensus
218 1897 246 1920 et
266 1892 412 1919 intellectio
427 1897 559 1926 augetur2
582 1892 659 1919 lectio
679 1893 756 1920 docet
772 1894 834 1928 quid
849 1902 899 1921 ca-

102 1947 175 1972 vcaS,
200 1939 279 1966 lertio
308 1938 426 1966 ostendit
447 1946 500 1972 quo
537 1938 642 1966 tendas.
659 1938 749 1966 Multis
778 1940 894 1973 proficis,

102 1995 161 2016 cum
185 1987 263 2022 legis,
288 1986 310 2012 si
336 1990 424 2012 tamen
446 1984 527 2012 saetas
542 1985 612 2019 quod
633 1985 708 2019 legis.
725 1998 752 2019 ρ..
775 1985 833 2012 Jam
850 1986 898 2013 etsi

102 2037 199 2061 caetera
223 2033 291 2059 bona
312 2032 428 2066 placent,
454 2031 477 2057 si
504 2035 531 2058 et
555 2030 606 2057 alia
634 2036 709 2065 grata
737 2036 808 2063 sunt,
828 2032 850 2057 si
873 2032 898 2058 in

103 2080 239 2108 voluntate
255 2082 328 2110 sunt,
349 2077 372 2104 si
394 2078 422 2104 in
442 2081 503 2104 voto
522 2081 595 2109 sunt,
616 2077 639 2104 si
655 2077 682 2103 in
700 2077 776 2104 bonis
795 2076 898 2104 cunctis

103 2128 208 2155 animus
224 2131 265 2154 est
280 2126 407 2158 intentus,
432 2124 454 2151 si
476 2123 503 2151 in
519 2124 597 2151 bonis
619 2123 723 2151 cunctis
738 2123 843 2150 animus
858 2128 900 2151 est

103 2180 222 2211 paratus.

139 2222 184 2250 20.
200 2221 264 2249 Esto
280 2219 400 2252 humilis,
418 2222 476 2246 esto
490 2218 516 2246 in
533 2219 680 2246 bumilitate
696 2218 830 2251 fundatus,
842 2224 900 2246 esto

949 919 1004 946 alto
1022 919 1108 954 ntajot·
1125 921 1201 947 ruina
1218 925 1267 953 est,
1286 921 1391 948 initium
1408 923 1479 949 enim
1495 924 1596 957 peccati
1610 925 1747 958 superbia.

983 964 1029 991 22.
1045 965 1174 999 Superbia
1190 967 1314 1001 angelum
1330 967 1464 1001 deposuit,
1489 972 1578 995 tumor
1596 976 1679 1004 regna
1694 970 1750 997 dis-

948 1011 1039 1043 solvit,
1064 1012 1145 1038 elatio
1166 1013 1288 1039 excelsos
1312 1013 1419 1047 dejecit,
1445 1014 1595 1049 arrogantia
1620 1015 1749 1043 sublimes

950 1058 1110 1091 humiliavit,
1128 1058 1265 1086 butnilitas
1281 1065 1369 1087 autem
1386 1067 1476 1088 casum
1492 1061 1588 1094 nescit,
1611 1062 1749 1089 humilitas

950 1103 1053 1137 lapsum
1069 1111 1121 1131 non
1138 1104 1222 1137 novit,
1239 1105 1375 1132 humilitas
1390 1106 1494 1134 ruinam
1511 1115 1646 1142 nunquam
1659 1109 1749 1136 incur-

950 1149 997 1181 rit,
1014 1157 1148 1184 nuuquam
1164 1151 1268 1185 lapsum
1290 1159 1368 1186 passa
1386 1157 1427 1179 est
1442 1152 1587 1181 humilitas.
1599 1155 1746 1189 Cognosce,

950 1197 1029 1233 502
1046 1197 1135 1230 honio,
1154 1199 1214 1232 qnia
1232 1199 1300 1226 Deus
1315 1199 1423 1226 humilis
1439 1200 1522 1233 venit,
1545 1206 1570 1227 et
1586 1200 1647 1235 quia
1668 1209 1697 1229 se
1722 1203 1749 1230 in

950 1243 1035 1270 surina
1061 1245 1132 1271 servi
1158 1244 1318 1277 humiliavit,
1345 1245 1428 1272 laetus
1452 1246 1582 1273 obediens
1607 1253 1691 1280 usque
1714 1247 1750 1275 ad

951 1294 1063 1318 ntortetn
1081 1291 1211 1325 (Philipp.
1230 1300 1258 1324 n,
1275 1291 1323 1326 8);
1340 1292 1446 1319 ambula
1461 1293 1529 1319 sieut
1545 1296 1571 1319 et
1587 1292 1632 1320 ille
1654 1293 1749 1321 ambu-

950 1338 1021 1371 lavit,
1040 1346 1153 1372 sequcre
1177 1338 1235 1372 cius
1250 1338 1415 1372 exemplum,
1434 1339 1539 1366 imitare
1554 1340 1666 1374 vestigia
1677 1340 1747 1374 ejtts,

950 1384 1035 1411 exIste
1047 1384 1116 1416 vilis,
1130 1384 1215 1411 existe
1226 1385 1358 1417 abjectus,
1371 1384 1457 1411 existe
1468 1385 1623 1420 despectus,
1635 1386 1749 1420 displice

950 1431 1007 1463 tibi,
1023 1431 1164 1464 despectus
1180 1435 1238 1458 esto
1253 1431 1322 1466 apud
1338 1432 1515 1466 temetipsum.

983 1476 1028 1503 25.
1044 1476 1094 1510 Qui
1107 1477 1178 1503 enim
1194 1477 1246 1504 sibi
1262 1477 1322 1504 vilis
1334 1483 1385 1509 est,
1399 1482 1462 1505 ante
1476 1478 1559 1505 Deum
1573 1486 1684 1514 magnus
1695 1484 1746 1513 est;

949 1523 994 1558 qui
1019 1523 1070 1550 sibi
1095 1523 1226 1557 displicet,
1244 1524 1298 1550 Deo
1319 1524 1406 1557 placet
1420 1533 1426 1556 ;
1441 1529 1499 1552 esto
1514 1525 1594 1559 igitur
1609 1533 1706 1559 parvus
1721 1527 1749 1555 in

950 1570 1035 1596 oculis
1052 1570 1116 1601 tuis,
1132 1575 1160 1596 ut
1175 1569 1212 1595 sis
1226 1577 1337 1604 magnus
1353 1570 1378 1596 in
1393 1570 1477 1597 oculis
1494 1571 1551 1598 Dei.
1577 1572 1663 1599 Tanto
1675 1574 1749 1600 enirn

951 1617 1004 1642 eris
1019 1620 1081 1642 ante
1107 1614 1190 1641 Deum
1215 1616 1368 1649 pretiosior,
1392 1620 1492 1650 quanto
1512 1616 1594 1644 fueris
1615 1618 1642 1645 in
1661 1619 1748 1647 oculis

951 1662 1003 1688 tuis
1018 1661 1180 1695 despectior.
1207 1660 1286 1687 Porta
1308 1669 1414 1695 quoque
1428 1662 1616 1690 verecundiam
1631 1663 1658 1691 in
1672 1664 1750 1693 vultu

951 1707 984 1734 de
998 1707 1184 1734 recordatione
1203 1706 1304 1739 delicti,
1326 1712 1400 1742 porta
1423 1708 1551 1742 pudorem
1574 1709 1600 1736 in
1627 1709 1695 1737 facte
1714 1711 1749 1738 de

951 1753 1078 1780 memoria
1099 1753 1234 1780 commissi
1259 1753 1370 1788 peccati.
1394 1753 1499 1781 Peccati
1529 1754 1631 1789 pudore
1654 1756 1748 1784 ocutos

952 1804 1010 1826 tuos
1020 1799 1144 1827 attollere
1156 1800 1294 1827 erubesce.
1310 1800 1405 1827 incede
1420 1800 1541 1834 deposita
1555 1800 1634 1833 facie,
1647 1807 1747 1830 moesto

951 1854 1008 1880 ore,
1034 1847 1138 1881 abiecto
1159 1846 1242 1877 vultu,
1268 1846 1391 1880 perculso
1415 1846 1508 1879 eorde,
1531 1847 1636 1882 lugubri
1657 1852 1743 1881 veste,

951 1901 1029 1920 sacco
1051 1893 1198 1924 involutus,
1218 1899 1327 1926 opertus
1343 1893 1430 1922 cilicie
1449 1901 1544 1928 corpus
1567 1903 1573 1920 :
1592 1894 1747 1923 fatiscentes

952 1945 1025 1967 artus
1050 1940 1165 1966 cilicium
1187 1944 1214 1966 et
1229 1939 1296 1967 ciuis
1310 1940 1439 1972 involvat,
1459 1941 1608 1975 squalentia
1630 1945 1657 1968 et
1673 1942 1748 1969 tabe-

952 1986 1052 2013 scentia
1081 1986 1203 2013 tnetnbra
1227 1993 1320 2013 saccus
1347 1986 1469 2021 operiat,
1494 1991 1618 2014 exustum
1647 1994 1748 2022 corpus

952 2036 1090 2062 luctuosus
1106 2033 1212 2060 habitus
1227 2037 1306 2068 tegat.

988 2080 1032 2106 24.
1054 2080 1134 2106 Terra
1154 2080 1188 2106 sit
1209 2079 1257 2106 tibi
1281 2079 1445 2107 incessanter
1461 2079 1559 2113 cubile,
1575 2084 1677 2108 etratus
1699 2080 1749 2108 liu-

953 2134 1012 2153 mus
1032 2134 1039 2153 :
1057 2125 1142 2160 pulvis
1158 2133 1198 2159 es,
1215 2125 1242 2152 in
1258 2125 1367 2159 pulvere
1381 2125 1461 2158 sede;
1476 2127 1543 2153 einis
1557 2133 1598 2159 es,
1614 2126 1640 2153 in
1655 2126 1747 2154 cinere

953 2172 1016 2200 sele
1032 2180 1139 2206 semper
1164 2172 1268 2206 lugens,
1284 2179 1392 2206 semper
1415 2179 1543 2204 moerens,
1569 2179 1677 2207 semper
1701 2180 1748 2207 ge-

954 2226 1043 2251 mens,
1065 2225 1173 2252 semper
1196 2217 1310 2251 suspiria
1333 2218 1423 2244 cordis
1444 2218 1586 2250 emittens;
1614 2219 1650 2245 sit
1674 2226 1747 2245 com-

104 2268 221 2297 omnium
233 2266 352 2300 ultimus,
367 2270 394 2293 et
409 2266 580 2298 novissimus,
595 2264 745 2292 bumilitate
757 2264 896 2292 minimum
911 2257 937 2287 D
951 2264 1059 2299 punctio
1084 2263 1111 2290 in
1130 2263 1223 2296 corde,
1249 2263 1303 2290 sint
1317 2264 1432 2298 gemitus
1452 2264 1541 2291 crebri
1566 2265 1592 2291 in
1618 2268 1744 2298 pectore;

106 2318 132 2342 te
143 2314 194 2348 tae,
225 2313 288 2341 nulli
305 2317 330 2340 te
345 2319 495 2348 praeponas,
511 2311 576 2339 nulli
596 2315 622 2338 te
636 2311 802 2346 superiorem
814 2311 898 2345 depu-

144 2403 189 2431 ts.
204 2403 258 2435 At„
274 2410 356 2436 antor,
372 2409 421 2437 pro
435 2402 541 2428 amoris.
555 2400 624 2427 illan.
870 2435 876 2441 ὁ

144 2438 188 2465 18.
212 2437 335 2465 Fortasse
346 2438 473 2472 voluptas,
495 2445 542 2471 pro
564 2435 691 2463 voltuttas.
718 2435 751 2461 Et
774 2435 898 2470 stabi-epit,

108 2481 158 2510 pro
171 2473 288 2506 subripit.
302 2472 372 2500 blan.
763 2506 768 2512 ¹

146 2509 190 2536 ta.
211 2507 267 2540 At..
288 2508 440 2543 implicetur,
460 2514 508 2542 pro
522 2507 654 2542 infigatur.
672 2506 704 2533 Et
725 2506 786 2542 quui
802 2512 896 2539 leneas,

109 2551 222 2606 prgbqiff
238 2543 472 2617 §effugatae
486 2577 551 2604 bona
564 2578 673 2618 placent.
691 2578 754 2619 lloec
776 2582 852 2619 erant
872 2578 898 2605 in

110 2614 234 2643 omnibus
240 2612 392 2644 codicibus,
405 2618 580 2647 praeterquam
594 2621 620 2640 tn
634 2612 859 2647 Septttnaneenst,
871 2618 901 2640 et

111 2650 270 2684 Seguntino,
297 2646 392 2683 quibus
418 2647 544 2681 quoniam
567 2654 620 2676 non
654 2647 814 2681 edebamus,
837 2656 899 2676 cum

111 2686 193 2715 multa
207 2685 234 2712 in
249 2684 283 2712 iis
295 2683 356 2710 aliis
367 2682 447 2709 etiam
461 2682 527 2709 locis
541 2681 738 2716 desiderentur,
758 2683 836 2711 obelo
851 2691 900 2711 no-

111 2723 183 2750 tasse
192 2718 311 2748 contenti
327 2717 435 2750 ruimus,
449 2721 574 2752 tanquam
589 2723 642 2744 non
655 2717 731 2751 eatis,
741 2725 827 2752 neque
839 2726 900 2746 cum

110 2755 305 2792 superioribus,
330 2759 418 2789 neque
431 2759 492 2780 cum
514 2751 548 2780 ils
561 2759 621 2787 qua
638 2758 798 2787 sequuntur,
813 2753 898 2782 colite·

110 2791 207 2823 tentia.
223 2791 294 2819 Han.

148 2825 218 2854 Item.
239 2825 292 2854 Alii
307 2824 344 2852 ita
357 2823 547 2859 distinguunt:
570 2821 651 2856 Quod,
668 2821 742 2858 legia,
766 2823 788 2850 ιι·
807 2824 866 2860 jam
879 2830 903 2852 ιι

111 2866 206 2892 catera
216 2861 283 2890 bom
293 2859 404 2907 placem.
419 2865 472 2888 etc.
494 2859 581 2895 Atque
597 2857 634 2888 ita
648 2857 706 2887 bace
719 2865 779 2896 eum
800 2866 903 2896 praeeq-

952 2311 1103 2345 lreqnentet·
1117 2309 1202 2337 oculis
1227 2309 1353 2345 lacrymae
1376 2310 1579 2344 protundantur,
1602 2309 1635 2335 ad
1658 2309 1746 2344 lacry-

954 2400 1077 2428 dentibus
1093 2401 1180 2428 minus
1193 2401 1263 2427 male
1278 2401 1426 2427 cohaerent.
1442 2400 1526 2426 Ant-tv.

988 2437 1034 2463 21.
1056 2437 1110 2467 At„
1133 2439 1165 2462 tte
1177 2436 1281 2471 justitia
1302 2440 1325 2462 et
1347 2436 1447 2468 virtute,
1468 2443 1516 2469 pro
1534 2434 1683 2470 dejtaseitiae
1696 2436 1747 2463 vir-

954 2476 1016 2499 tute.
1034 2472 1103 2498 Man.

988 2508 1032 2533 ⁶22.
1050 2507 1105 2539 At.,
1119 2505 1221 2532 ambula
1234 2506 1260 2532 in
1274 2506 1426 2537 ltumrmate,
1439 2505 1515 2533 sicut.
1531 2505 1603 2533 Min.

988 2542 1034 2569 ⁰23.
1050 2541 1106 2574 At„
1122 2548 1229 2575 semper,
1246 2548 1296 2575 pro
1309 2548 1416 2575 quoque.
1433 2541 1466 2567 Et
1496 2549 1609 2573 ercnuo,
1621 2547 1670 2575 pro
1684 2549 1747 2576 per-

954 2577 1035 2604 culso.
1053 2577 1086 2603 Et
1098 2576 1222 2608 inuoluto,
1243 2583 1291 2610 pro
1310 2577 1449 2603 involutus.
1466 2550 1499 2603 Ιεξι
1519 2576 1684 2611 echan-tum,
1699 2585 1747 2612 pro

949 2618 1076 2640 exustum.
1089 2612 1160 2639 Man.

988 2647 1059 2674 Ibid.
1081 2647 1175 2673 Incede
1199 2647 1326 2683 deposita,
1353 2650 1404 2674 etc·
1440 2646 1495 2679 At..
1522 2647 1610 2675 incede
1631 2647 1748 2688 deposita

953 2685 1029 2719 facie,
1043 2682 1142 2718 abjecto
1162 2682 1234 2709 vultu
1247 2682 1360 2716 ambula,
1375 2682 1508 2709 httmiliuto
1523 2690 1576 2710 ore.
1591 2682 1709 2711 Cilicum
1721 2687 1746 2710 et
1768 2676 1775 2697 ⁸

954 2721 1018 2746 cinis
1033 2726 1125 2752 corpus
1147 2722 1220 2744 tuum
1241 2717 1361 2751 inuoluat,
1383 2717 1528 2752 squalentia
1549 2723 1574 2746 u
1594 2718 1746 2747 tabescentia

953 2755 1066 2782 membra
1080 2761 1168 2780 saecu·
1182 2753 1291 2788 operiat,
1303 2758 1356 2781 etc.
1369 2755 1454 2781 Αιεν.

990 2789 1036 2817 24.
1060 2790 1115 2852 Ad„
1137 2789 1199 2822 vive,
1222 2795 1270 2824 pro
1292 2789 1360 2817 code.
1377 2788 1412 2817 Et
1427 2789 1743 2828 oculihcrym‘npm

954 2827 1057 2854 aanmr.
1097 2832 1141 2852 att.
1682 2835 1686 2839 -
