1832 3016
77 109 126 135 58!

685 104 827 133 REGULA
847 105 1096 134 MONACHORUM.

1664 107 1718 137 882

77 173 242 201 nequaquam
258 165 416 201 prohibendi
429 169 512 198 sunt;
535 170 596 191 nam
612 163 728 191 etmulti
744 163 869 197 antiquo·
882 163 908 193 A
922 163 1014 198 gloria:
1038 162 1186 191 contrahit.
1210 162 1378 191 Vestimenta
1402 170 1455 191 uon
1477 167 1555 191 erunt
1575 163 1717 199 aequaliter

77 221 135 240 rum
160 213 267 240 Patrum
293 213 334 240 liis
347 212 442 239 diebus
463 211 489 238 in
514 217 606 238 eremo
627 209 798 242 abstinuisse,
820 217 869 238 nec

76 259 219 293 aliquando
234 259 315 294 540
323 257 424 292 ieiunia
436 256 566 287 solvisse,
582 256 706 290 leguntur
716 277 723 289 ‚
740 255 794 282 nisi
810 259 870 282 tan-

79 309 133 331 tuin
145 305 240 332 diebus
248 303 394 332 Dominicis
403 308 513 337 propter
521 301 747 330 resurrectionem
757 301 869 330 Christi.

379 349 494 377 CAPUT
513 349 560 376 xt.

392 396 431 424 De
439 397 551 434 jejunio.

113 446 138 473 1.
153 443 317 479 Jejuuiorum
342 447 431 471 autem
457 443 506 470 hos
530 443 587 470 dies
602 442 743 476 potissime
763 446 870 471 veteres

76 491 226 525 elegerunt.
250 490 369 517 Primum
391 489 520 524 ieiunium
542 488 761 524 Quadragesimae
783 489 870 523 quoti-

77 537 195 568 dianum,
213 537 238 563 in
254 543 307 570 quo
320 537 406 570 major
418 535 587 562 abstinentiae
599 535 768 563 observantia
781 543 872 562 mane·

76 583 149 610 bitin
166 581 303 608 monachis
316 601 324 614 ‚
345 581 453 616 quaudo
467 588 519 607 non
535 580 622 607 solum
639 587 653 606 a
668 580 788 614 prandiis
801 600 807 611 ,
824 580 870 607 sed

76 627 154 654 etiam
170 635 183 653 a
199 627 261 653 vino
275 631 302 653 et
322 626 383 653 oleo
404 626 550 653 abstinent.
573 625 725 652 Secundum
740 624 871 659 jeJunium

78 673 257 700 interdianum
272 677 330 706 post
343 672 519 700 Pentecosten
531 671 583 698 alia
596 671 639 698 die
655 671 808 698 inchoatum
824 678 870 698 us-

80 726 132 752 que
147 718 179 745 ad
195 717 384 752 aequinoctium
406 718 560 745 autumnale
582 717 751 752 protenditur
763 736 771 748 ,
789 716 873 744 ternis

79 765 179 792 scilicet
191 765 284 792 diebus
298 772 344 799 per
355 763 473 799 singulas
487 764 670 791 hebdomadas
684 768 794 798 propter
804 762 874 790 aesti-

79 818 127 838 vos
142 811 207 838 solis
221 811 331 838 ardores
341 810 472 845 jejunium
488 810 649 837 celebratur.

922 209 1106 237 distribuenda
1121 209 1246 237 omnibus
1257 229 1264 242 ,
1280 210 1329 238 sed
1349 217 1410 238 eum
1436 210 1599 238 discretione
1611 231 1620 243 ,
1635 215 1718 246 prout

921 257 1052 291 cujusque
1067 260 1142 289 aetas,
1156 256 1310 291 gradusque
1324 257 1478 291 expostulat
1490 265 1497 289 ;
1513 257 1550 284 ita
1564 257 1637 284 enim
1650 264 1717 291 apo-

922 301 1005 328 stolos
1017 301 1113 329 fecisse
1129 302 1251 336 legimus,
1265 302 1334 330 sicut
1347 302 1476 336 scriptum
1491 307 1533 330 est
1549 301 1652 330 :Erant
1664 302 1719 331 iuis

922 347 1007 373 omnia
1022 348 1168 374 communia
1179 368 1187 380 ,
1208 353 1232 375 ct
1253 348 1453 376 distribuebatur
1466 349 1604 385 unicuique
1616 370 1625 384 ,
1641 354 1719 384 prout

922 398 987 424 opus
1001 396 1054 417 erut
1071 392 1140 426 (Act.
1157 392 1205 427 tv).

957 435 984 463 2.
1002 436 1217 472 Uniusquusque
1230 437 1321 466 fratris
1335 439 1554 473 supplementum
1567 459 1577 474 ‚
1592 441 1636 468 vel
1650 441 1721 469 iudi-

922 484 1012 518 gentia
1026 484 1193 518 inspiciatur,
1209 485 1295 520 utqui
1310 485 1539 514 habentcontenti
1555 487 1619 520 sint,
1635 488 1720 523 etqui

923 537 975 556 non
992 530 1092 557 habent
1107 530 1258 564 accipiant3
1276 537 1338 557 nam
1355 530 1465 557 habenti
1482 538 1534 558 non
1546 531 1654 558 dabitur
1666 553 1674 565 ,
1691 537 1721 559 ut

923 578 957 605 sit
984 579 1054 605 unde
1078 578 1218 613 egentibus
1238 578 1424 605 distribuatur.
1452 578 1535 605 Porro
1563 578 1646 606 linteo
1665 586 1718 606 non

923 629 1030 659 oportet
1046 624 1206 651 monacnum
1225 624 1297 651 indui
1311 632 1319 657 ;
1334 624 1464 658 orarium,
1483 624 1582 657 birros,
1599 624 1721 659 planetas

925 677 977 697 uon
991 670 1087 697 estias
1098 670 1146 702 uti,
1170 677 1256 704 neque
1272 669 1440 703 indumenta,
1459 670 1500 697 vel
1516 672 1698 698 calceamenta
1712 690 1720 703 ‚

924 725 983 752 ψη·
997 717 1157 752 generaliter
1170 721 1266 744 caetera
1279 717 1440 744 monasteria
1454 717 1609 744 abutuntur.
1627 717 1721 744 Ternis

924 769 1013 791 autem
1029 765 1127 791 tunicis
1139 785 1147 798 ‚
1174 768 1201 791 et
1217 764 1285 791 binis
1307 764 1413 798 palliis,
1431 768 1458 791 et
1473 764 1586 798 singulis
1604 764 1716 791 cucullis

925 810 1045 838 contenti
1060 814 1138 838 erunt
1158 810 1228 837 servi
1243 809 1343 837 Christi
1356 831 1363 841 ,
1380 809 1478 844 quibus
1497 809 1721 844 superadjicietur

111 857 138 883 2.
151 856 270 883 Tertium
286 856 407 893 sequitur
422 855 607 889 quotidianum
622 854 765 890 jejunium,
777 855 811 882 ab
825 861 870 882 oc·
887 857 911 887 Β
924 858 1036 885 melotes
1052 857 1174 892 pellicea,
1189 857 1325 891 mappula,
1339 857 1451 883 manicae
1462 863 1580 891 quoque,
1596 856 1719 891 pedules,

77 906 136 929 lavo
146 902 279 929 Kalendas
289 902 412 929 Octobris
423 909 506 936 usque
517 901 548 928 ad
559 901 678 928 Natalem
692 901 869 934 dominicum,

77 949 102 974 in
130 956 183 981 quo
211 947 364 982 quotidiana
391 947 491 982 jejunia
521 955 688 982 nequaquam
717 947 868 975 solvuntur.

77 994 207 1027 Quartum
226 994 287 1020 item
304 994 487 1027 quotidianum
500 993 631 1028 jejunium
648 997 708 1027 post
727 993 797 1021 diem
813 992 872 1020 Cir-

78 1040 250 1066 cuineisinnis
262 1039 383 1067 exoritur
396 1061 401 1073 ,
423 1041 613 1074 peragiturque
625 1046 710 1074 usque
723 1039 757 1066 ad
772 1040 872 1067 solem·

79 1086 119 1110 uia
136 1084 255 1111 Paschae.

114 1131 140 1157 5.
160 1131 189 1156 lli
206 1135 293 1157 autem
314 1131 389 1164 qui,·
402 1134 534 1157 vetustate
558 1130 679 1164 corporis
700 1130 871 1164 consumpti,

79 1182 124 1203 aut
141 1182 239 1204 tenerae
253 1177 339 1204 :etatis
360 1177 501 1210 tragilitate
517 1176 618 1203 detenti
638 1181 700 1203 sunt
715 1198 720 1208 ‚
743 1184 796 1203 non
810 1181 873 1204 sunt

79 1224 240 1258 quotidianis
265 1224 373 1258 jejuniis
399 1224 563 1254 exercendi,
592 1230 626 1250 ue
654 1227 701 1250 aut
727 1231 871 1251 senescens

81 1278 155 1302 aetas,
181 1275 332 1305 antequam
352 1270 493 1302 moriatur,
517 1269 640 1302 deliciat;
665 1275 711 1296 aut
735 1277 870 1303 crescens,

80 1316 234 1350 priusquam
260 1316 391 1350 proficiat,
412 1317 498 1347 eadat,
518 1320 545 1342 et
563 1320 626 1342 ante
651 1315 765 1343 intereat
791 1323 870 1351 quam

81 1361 180 1390 bouum
195 1362 283 1390 tacere
296 1362 389 1389 discat.

378 1406 493 1434 CAPUT
514 1407 572 1434 xit.

302 1455 341 1482 De
354 1455 441 1482 habim
456 1454 649 1482 monachorum.

115 1503 141 1529 1.
156 1502 249 1530 Cultus
261 1501 374 1529 vestium
390 1501 431 1528 vel
446 1500 662 1528 indumentorum
679 1500 797 1535 insigues
812 1507 870 1527 mo-

924 908 951 932 et
963 904 1068 939 caligre.
1085 904 1130 931 llis
1144 908 1247 931 tantum
1261 903 1382 931 contenti
1395 907 1484 937 erunt,
1503 903 1571 930 nihil
1588 908 1718 938 praeterea

923 950 995 977 aliud
1012 954 1210 984 praesumentes

959 997 985 1023 5.
1003 996 1118 1024 Pedules
1132 1000 1221 1023 autem
1242 996 1335 1023 utendi
1350 997 1376 1023 in
1393 995 1558 1023 monasterio
1571 1017 1579 1028 ,
1601 995 1721 1030 quandiu

923 1043 1021 1070 hiemis
1036 1042 1155 1077 coegerit
1170 1043 1309 1075 violentia,
1326 1043 1383 1070 sive
1398 1042 1460 1069 dum
1478 1042 1575 1070 fratres
1587 1042 1720 1077 gradiun-

924 1094 967 1116 tur
980 1089 1007 1116 in
1020 1089 1126 1121 itinere,
1145 1089 1189 1116 vel
1205 1088 1412 1122 proficiscuntur
1427 1088 1459 1114 ad
1475 1088 1580 1116 urbem.
1597 1087 1720 1116 Monachi

924 1139 1013 1162 autem
1029 1135 1056 1161 in
1073 1134 1239 1162 monasterio
1256 1134 1343 1167 palliis
1362 1142 1470 1168 semper
1491 1134 1648 1169 operiantur
1662 1155 1669 1167 ,
1693 1138 1721 1161 ut

924 1188 974 1215 pro
991 1180 1131 1208 honestate
1146 1179 1210 1207 tecti
1230 1180 1375 1214 incedant,
1390 1183 1417 1206 et
1428 1187 1476 1214 pro
1491 1180 1640 1207 ministerio
1656 1187 1721 1214 ope-

924 1227 962 1254 ris
976 1226 1092 1260 expediti
1113 1226 1276 1253 discurrant.
1301 1226 1373 1254 Sane
1395 1226 1418 1254 si
1440 1226 1500 1260 quis
1521 1226 1590 1253 sorte
1614 1226 1721 1260 pallium

924 1280 978 1299 non
995 1272 1075 1299 habet
1090 1293 1097 1304 ,
1119 1272 1237 1299 humeris
1257 1271 1410 1306 mappulam
1434 1276 1609 1305 superponat.
1626 1272 1721 1300 Nullus

925 1319 1117 1346 monachorum
1131 1318 1218 1345 vultus
1233 1325 1326 1345 curam
1340 1323 1427 1352 gerat,
1449 1325 1496 1351 per
1511 1325 1588 1352 quem
1605 1318 1720 1346 lascivia!

924 1369 950 1391 et
966 1365 1120 1398 petulantiae
1136 1364 1238 1391 crimen
1260 1364 1395 1395 incon-au
1418 1371 1472 1390 non
1494 1368 1536 1390 est
1550 1365 1623 1392 euim
1639 1365 1721 1401 542

924 1416 1014 1437 mente
1029 1414 1130 1441 castus,
1145 1410 1222 1444 cuius
1234 1414 1280 1436 aut
1294 1409 1419 1444 corporis
1432 1409 1530 1439 cultus.
1545 1413 1592 1436 aut
1605 1410 1718 1444 impudi-

922 1463 971 1484 cus
983 1460 1073 1483 exstat
1083 1455 1217 1483 incessus.

959 1502 987 1529 4.
1003 1502 1095 1529 Nullus
1110 1501 1302 1529 monachorum
1314 1508 1420 1528 comam
1436 1502 1538 1529 nutrire
1552 1501 1644 1534 debet3
1660 1509 1720 1529 nam

80 1549 166 1576 nacho
175 1548 336 1583 deponendi.
354 1548 468 1574 lllunitus
482 1547 632 1574 debetesse
645 1547 801 1579 inonachus
817 1554 870 1574 non
884 1546 907 1578 C
924 1549 969 1584 qui
984 1548 1034 1576 hoe
1049 1548 1168 1575 imitatur
1182 1569 1189 1581 ,
1214 1548 1263 1575 etsi
1283 1548 1333 1582 ipsi
1350 1547 1401 1574 hoc
1414 1547 1448 1574 ad
1468 1548 1658 1581 decipiendum
1674 1548 1720 1576 ho-

79 1595 219 1627 delicatus;
234 1595 302 1622 sicut
317 1599 404 1620 antem
420 1593 499 1630 541
514 1601 566 1620 non
581 1598 687 1628 oportet
698 1594 725 1620 in
738 1593 869 1621 monacho

79 1651 138 1671 esse
153 1642 277 1670 notabilis
294 1642 399 1669 habitus
412 1662 420 1674 ,
441 1642 475 1668 ita
493 1649 542 1668 nec
564 1642 630 1668 satis
648 1641 790 1676 abjectus3
808 1648 868 1668 nam

78 1690 194 1725 pretiosa
208 1690 290 1716 vestis
301 1689 418 1715 animuin
434 1688 466 1715 ad
482 1687 617 1715 lasciviam
633 1687 773 1722 pertrahit,
790 1687 870 1715 nimis

78 1737 140 1765 vilis
163 1741 207 1764 aut
229 1737 350 1764 dolorem
374 1736 462 1763 cordis
478 1735 557 1770 parit,
578 1739 625 1762 aut
646 1734 768 1762 morbum
794 1743 870 1764 vanae

77 1805 180 1839 jejiinio
193 1805 347 1839 quotidiano
359 1805 429 1832 diem
444 1805 612 1833 nominicum
627 1806 798 1840 excipiebant
812 1814 871 1839 quo-

78 1849 130 1875 qne
150 1840 208 1868 aliae
223 1841 321 1875 regulae
339 1841 444 1867 Patrum
459 1860 467 1872 ,
490 1849 521 1867 ex
547 1848 607 1868 can.
630 1841 660 1868 18
679 1842 784 1869 concilii
800 1842 871 1870 Gan-

79 1877 193 1911 grcusis.
204 1877 302 1903 Confer
312 1877 480 1908 Cassianum,
493 1876 539 1903 lib.
551 1883 581 1903 ιιι
594 1876 628 1903 de
639 1877 727 1904 diurn.
737 1878 869 1911 oraiion„

80 1919 140 1945 cap.
157 1911 202 1938 12.
215 1912 291 1945 Quod
312 1916 401 1938 autem
422 1919 482 1938 cum
506 1912 555 1938 hoc
571 1913 657 1946 capite
671 1934 678 1944 ,
697 1917 752 1940 tuin
769 1922 871 1949 praece-

79 1947 162 1979 denti,
181 1948 281 1975 mentio
297 1949 322 1973 lit
337 1947 567 1979 circumcisionis,
580 1949 649 1982 quod
667 1949 762 1976 festum
778 1950 870 1976 lsidori

81 1988 201 2015 tempore
213 1983 332 2011 nondum
347 1983 449 2011 videtur
462 1983 544 2010 fuisse
559 1984 721 2015 insunnmn,
735 1985 759 2010 id
773 1984 870 2012 mirum

80 2025 132 2046 nou
149 2023 201 2052 esu
217 2026 289 2052 nain,
306 2024 335 2047 ut
349 2020 434 2046 fusius
448 2019 562 2051 explicui
583 2020 608 2046 in
623 2019 794 2051 isidorianis,
809 2027 868 2054 cap.

81 2054 111 2081 'i'l
125 2075 133 2087 ,
149 2063 175 2081 n.
193 2056 224 2081 lb·
239 2059 266 2082 et
280 2055 329 2090 17,
345 2055 389 2082 vel
408 2056 493 2089 potuit
508 2060 629 2082 extremo
641 2054 734 2081 Isidori
751 2062 870 2089 tempore

81 2090 211 2125 ejusmodi
228 2091 324 2117 testum
334 2090 389 2124 iam
401 2097 459 2117 esse
472 2091 637 2122 institutum,
651 2090 691 2118 vel
707 2097 778 2118 certe
792 2098 871 2125 opor-

80 2126 130 2153 tuit
144 2130 172 2152 ut
188 2126 310 2152 monachi
325 2147 332 2159 ,
348 2125 445 2160 quibus
460 2125 549 2159 regula
567 2127 762 2160 praelegebatur
774 2126 806 2152 ad
823 2128 871 2154 ob-

922 1595 1009 1622 miues
1023 1602 1069 1628 per
1080 1595 1197 1628 speciem
1212 1594 1393 1621 simulationis
1404 1601 1457 1621 non
1472 1594 1581 1628 faciant,
1598 1595 1667 1622 alios
1680 1600 1720 1623 ta—

922 1649 983 1669 men
996 1640 1188 1673 scandalizant,
1201 1644 1330 1674 ponentes
1341 1639 1532 1667 offendiculum
1547 1641 1674 1674 iulirmis,
1690 1646 1719 1669 et

923 1690 1046 1714 sanctum
1063 1686 1230 1720 propositum
1252 1692 1337 1720 usque
1358 1685 1392 1712 ad
1414 1686 1607 1720 blasphemiam
1625 1687 1720 1720 perdu-

921 1738 1025 1762 centes
1040 1733 1166 1761 Toudcre
1181 1733 1261 1760 debet
1276 1740 1340 1767 ergo
1361 1733 1421 1766 iste,
1438 1733 1546 1768 quando
1565 1739 1592 1761 et
1612 1741 1720 1768 omues,

963 1803 1030 1831 Ibid.
1058 1803 1270 1838 Supptementum
1291 1802 1443 1834 Menardus,
1469 1810 1496 1836 p.
1519 1801 1583 1834 904,
1604 1803 1721 1836 explicat

926 1840 1120 1867 abundantiam.
1138 1839 1274 1871 Duplicem
1289 1838 1369 1864 orarii
1384 1838 1608 1872 significationem
1625 1839 1713 1866 distin>

925 1876 981 1910 guit
993 1876 1063 1902 idem
1076 1874 1226 1906 Menardus;
1239 1881 1302 1901 narn
1313 1874 1400 1908 primo
1411 1874 1530 1900 orarium
1544 1880 1584 1902 est
1596 1875 1718 1908 linteum,

925 1919 972 1939 seu
986 1911 1078 1937 textile
1093 1910 1250 1944 oblongum,
1266 1909 1299 1937 ad
1311 1916 1446 1936 mucorem
1458 1910 1660 1944 excipiendum,
1675 1917 1720 1937 ant

926 1947 1051 1973 sudorem
1068 1946 1260 1980 extergendum
1276 1965 1283 1977 ,
1303 1945 1423 1972 secundo
1438 1946 1557 1972 orarium
1573 1950 1614 1972 est
1629 1946 1721 1973 textile

926 1982 990 2009 illud
1006 1982 1150 2016 oblongum
1171 1982 1285 2008 sericum
1310 1981 1455 2014 pretiosum
1466 2001 1473 2013 ‚
1489 1987 1542 2015 quo
1556 1981 1697 2015 pontifices
1711 2002 1719 2012 ,

927 2018 1074 2053 presbyteri
1089 2022 1116 2043 et
1129 2016 1233 2043 diaconi
1251 2021 1370 2047 utuntur,
1386 2015 1459 2050 quod
1474 2023 1546 2042 nunc
1562 2017 1630 2043 stola
1647 2017 1721 2043 dici-

928 2058 980 2080 tur.
999 2054 1053 2079 ttae
1067 2052 1185 2079 secunda
1205 2053 1403 2087 significatione
1417 2052 1502 2085 accipi
1519 2057 1594 2084 putat
1609 2053 1643 2078 ab
1665 2052 1719 2078 lso-

927 2089 992 2115 doro
1004 2088 1132 2114 orarium.
1150 2087 1214 2114 Vide
1228 2091 1376 2115 comment.
1390 2087 1423 2114 ad
1440 2087 1582 2119 Prudent.,
1595 2088 1688 2124 hymn.
1705 2088 1716 2113 1

927 2124 1091 2156 peristeph„
1109 2131 1178 2150 vers.
1195 2123 1240 2150 86.
1258 2122 1295 2149 De
1308 2123 1391 2155 nii-ro,
1409 2123 1526 2156 planeta,
1544 2124 1652 2155 melote,
1672 2123 1719 2149 lib.

80 2162 240 2188 servantiam
254 2184 261 2194 ,
283 2166 342 2195 post
357 2161 548 2188 iustitutionem
570 2161 631 2188 festi
653 2161 870 2189 circumcisionis
883 2166 910 2198 1)
924 2167 967 2186 xix
984 2159 1145 2194 {stylo-dog„
1161 2166 1220 2192 cap.
1234 2157 1280 2185 24.
1295 2158 1331 2185 De
1344 2158 1447 2192 caligis,
1466 2159 1512 2184 lib.
1530 2166 1585 2190 xix.
1597 2166 1656 2193 cap.
1672 2159 1717 2186 54.

81 2204 129 2232 pro
142 2195 267 2223 Kalendis
281 2196 402 2223 Ianuarii
417 2202 582 2231 apponerent
596 2202 652 2231 post
671 2197 738 2224 diem
757 2195 871 2224 Circum-

81 2233 193 2260 cisionis.
209 2234 293 2259 Anav-

116 2268 180 2294 Cn.
193 2275 228 2294 xi.
243 2267 276 2294 N.
290 2269 312 2295 t.
329 2268 467 2295 Abstinent.
483 2267 558 2300 Apud
571 2268 678 2295 Petrum
685 2268 872 2301 Casiueusem‚

80 2310 141 2336 cap.
157 2303 202 2335 Η,
218 2304 373 2335 abstineam,-
388 2303 456 2338 apud
474 2311 552 2337 quem
569 2303 648 2330 etiam
665 2304 771 2331 additur
784 2313 790 2330 ι
803 2305 871 2339 quod

82 2345 183 2372 vespere
195 2339 329 2372 reficiunt,
350 2340 428 2373 ipsius
449 2338 554 2365 Domini
573 2339 705 2366 imitantur
718 2341 871 2374 exemptum,

82 2377 112 2400 et
124 2373 175 2400 ntia
189 2381 247 2408 qua
259 2381 312 2401 non
325 2374 450 2402 videntur
463 2374 569 2407 isidori,
583 2379 657 2402 certe
673 2383 726 2402 uon
741 2379 804 2403 suut
818 2375 871 2403 hu-

82 2407 125 2443 ius
139 2408 201 2435 loci.
216 2408 301 2436 Auv.

118 2442 182 2470 Cn.
197 2449 245 2470 xtt.
261 2442 293 2471 N.
306 2444 332 2471 1.
347 2443 439 2472 Petrus
453 2445 607 2473 Cannensi<
618 2467 626 2480 ,
643 2453 668 2473 e.
686 2446 731 2479 55,
747 2447 869 2478 quaedam

84 2477 128 2505 liic
150 2478 286 2517 inusserit
305 2486 313 2506 t
339 2487 348 2504 t
373 2480 517 2508 Pertraliit.
544 2481 619 2508 Unde
639 2487 667 2509 et
686 2481 812 2509 omninus
835 2482 870 2510 de

83 2511 187 2541 Joanne
201 2517 238 2539 att
250 2519 258 2540 ε
274 2513 342 2554 Quid
355 2515 442 2567 effati·
455 2517 620 2557 ³¹².‘¹‘⁸“.¹“.”¹
639 2517 722 2558 isidore
731 2517 744 2544 ,⁹
760 2518 868 2558 aruitdi·

84 2551 619 2621 mammasti?&satissatis
624 2553 772 2615 23255551112
775 2561 870 2616 ¹3:5¹¹}ae

85 2618 167 2646 mim
180 2625 269 2654 reum
278 2622 347 2647 tunt.
365 2619 396 2647 Et
413 2620 508 2648 Petrus
521 2622 588 2657 (imo
601 2624 713 2656 Paulus,
730 2624 821 2652 l‘l'im.
836 2625 868 2660 ιι)

85 2653 148 2681 Non
159 2658 224 2681 vesu
239 2654 362 2688 pretiosa.
375 2653 443 2682 vitis
454 2656 549 2690 vestis,
561 2662 613 2684 etc.
634 2668 644 2684 ι
658 2661 744 2686 Ansv.

118 2689 147 2717 Ξ.
161 2688 263 2721 Βιποε,
279 2688 405 2722 flauam.
416 2689 476 2719 vid.
489 2697 580 2720 nmiot.
594 2693 621 2720 in
635 2693 756 2721 Cassian.
769 2693 868 2724 Gnut..

119 2723 190 2752 thiat.
209 2723 323 2752 Pedum
335 2729 360 2752 ot
377 2725 482 2762 cattqu.
507 2725 621 2755 sancius
640 2728 799 2757 Bet-edictus
810 2751 820 2764 ‚
842 2732 868 2759 in

83 2760 187 2796 regula,
201 2767 261 2795 cap.
277 2757 322 2792 55.
336 2760 487 2789 indi-mitta
497 2761 593 2795 pedum
608 2763 713 2798 manua
725 2767 749 2791 at
761 2765 867 2802 aliqu.

81 2795 224 2832 Smarassd.
240 2794 353 2824 Pedum
366 2795 444 2824 modo
458 2797 565 2824 dicim
577 2797 688 2830 cauma.
705 2798 803 2836 “sun
815 2808 869 2830 m

85 2832 227 2864 ubtdaem
234 2830 274 2860 od
284 2838 372 2861 nexu
381 2839 510 2861 vomu.
529 2832 624 2861 Gmt..

926 2195 1006 2222 Multa
1021 2201 1127 2229 quoque
1141 2194 1175 2221 de
1189 2194 1230 2221 liis
1245 2193 1399 2224 Menai-dus.
1421 2198 1448 2220 et
1461 2193 1616 2220 llolstenius
1631 2215 1638 2226 ,
1659 2201 1719 2227 qua:

922 2230 978 2265 jain
993 2231 1092 2265 passim
1110 2230 1190 2257 obvia
1204 2234 1267 2257 suut
1283 2230 1311 2256 iu
1324 2229 1447 2262 Laicis,
1462 2235 1489 2256 et
1502 2228 1648 2256 Glossariis
1663 2237 1719 2256 me-

924 2267 963 2293 dii
975 2267 1036 2293 aevi.
1051 2264 1137 2293 Attev.

960 2302 986 2329 5.
1005 2302 1032 2329 ln
1051 2299 1202 2329 Concordia
1217 2302 1381 2337 regularum,
1397 2301 1503 2335 pedules
1514 2304 1601 2326 autem
1615 2304 1716 2327 utentur

922 2338 949 2365 t'u
961 2338 1125 2365 monasterio.
1139 2338 1224 2364 Ant-zv.

957 2375 983 2401 4.
999 2373 1125 2400 Tenuere.
1141 2373 1288 2405 Fortassis,
1301 2371 1415 2403 tonderi,
1426 2371 1466 2398 vel
1481 2370 1599 2402 intelligo
1614 2370 1719 2398 tondere

922 2417 1032 2441 comum,
1048 2413 1092 2435 aut
1112 2414 1199 2442 caput.
1219 2408 1288 2435 Olim
1305 2407 1446 2434 monachis·
1462 2410 1546 2432 totuin
1561 2410 1641 2439 caput
1655 2411 1718 2432 ton—

922 2446 1055 2477 debatur,
1076 2448 1105 2470 ut
1126 2444 1222 2477 probat
1243 2442 1396 2470 Menai-dus.
1422 2441 1520 2468 Clerici
1546 2441 1573 2467 iu
1606 2441 1717 2468 modum

922 2488 1028 2508 corouae
1047 2480 1146 2506 attonsi
1164 2479 1282 2510 fuerunt,
1296 2476 1384 2504 Gra-ci
1399 2483 1463 2503 vero
1483 2477 1509 2503 iu
1531 2477 1639 2502 modum
1654 2483 1713 2504 cru·

921 2518 960 2543 cis
973 2525 980 2547 ;
1008 2514 1147 2548 pontifices
1164 2512 1252 2541 Graeci
1278 2511 1395 2540 medium
1422 2511 1552 2538 duntaxat
1577 2517 1657 2546 caput
1676 2516 1713 2538 at-

922 2550 1078 2579 tondebant-
1093 2549 1208 2584 Antiqua
1227 2549 1387 2576 elericorum
1410 2552 1517 2574 tonsura
1539 2551 1613 2580 erat,
1631 2551 1659 2572 ut
1674 2555 1713 2574 ra·

922 2595 981 2615 suin
995 2590 1068 2614 esset
1084 2589 1168 2612 totum
1181 2588 1271 2619 caput,
1287 2588 1314 2611 et
1329 2584 1355 2610 in
1369 2582 1482 2610 circuitu
1501 2581 1611 2609 inferius
1627 2581 1717 2610 modi-

921 2630 1014 2650 corum
1026 2619 1184 2655 capillorum
1195 2620 1262 2647 ordo
1274 2626 1290 2646 ι
1310 2623 1428 2653 pareret,
1446 2622 1474 2644 ut
1485 2623 1589 2644 constat
1601 2625 1634 2645 ex
1647 2617 1717 2645 Gre-

920 2658 997 2692 gorio
1006 2655 1168 2688 Turonensi,
1179 2654 1280 2683 iuvius
1292 2626 1412 2686 guttum,
1425 2661 1486 2687 cap.
1500 2653 1547 2686 5⁷,
1562 2657 1590 2680 et
1601 2653 1715 2686 isidoro,

921 2695 954 2721 de
967 2693 1046 2720 Ol'tic.
1059 2691 1222 2723 ecclesiast„
1237 2691 1283 2718 lib.
1295 2696 1326 2724 n,
1341 2696 1402 2723 cap.
1416 2688 1442 2722 t,
1461 2698 1488 2714 n.
1502 2687 1531 2715 4.
1546 2689 1622 2722 Apud
1633 2687 1716 2716 Grin-

922 2730 1005 2762 lium,
1030 2728 1057 2754 in
1071 2727 1125 2755 flue
1138 2727 1235 2761 eapitis
1249 2730 1309 2754 erat
1322 2725 1439 2752 diversus
1457 2725 1616 2764 propositus,
1639 2723 1715 2759 quud

920 2773 954 2793 ex
967 2763 1117 2792 Concordia
1137 2762 1286 2796 regnintum
1298 2780 1306 2793 .
1327 2765 1356 2788 et
1375 2768 1408 2787 ex
1430 2760 1554 2788 suumne
1580 2759 1715 2789 tlolsteutt

921 2800 1021 2829 mutavi
1035 2798 1064 2829 itt
1077 2798 1206 2827 dimum
1217 2796 1388 2832 propositum.
1407 2798 1493 2824 Anssv.

998 2883 1051 2897 m.
