1832 3016
51 107 114 143 'tea

365 165 478 194 estur
497 164 542 192 tx.

300 222 338 251 De
350 222 480 249 octonario
495 227 610 247 numero.

97 282 143 310 48.
165 279 316 308 Octonarins
331 278 432 312 primus
452 281 480 304 et
495 275 630 311 perfectus
644 278 701 308 est,
728 280 790 301 nam
817 281 852 301 ex

61 329 150 364 primo
164 331 248 358 motu,
265 325 291 352 id
305 329 355 356 est,
368 331 403 350 ex
417 323 522 351 duobus
534 330 582 357 per
592 322 660 349 duos
673 324 788 356 quatuor
803 327 851 354 ge-

62 377 192 407 nerat,et
204 371 244 399 bis
263 370 327 397 facit
347 370 496 397 ocdoadum
514 369 671 404 perfectum.
696 367 745 394 Hic
759 372 850 394 autem

60 425 189 448 numerus
202 420 312 444 sanctus
325 420 377 448 est,
390 420 418 442 et
436 415 462 442 in
484 415 566 449 figura
584 421 656 441 verte
667 413 851 440 circumcisio-

61 466 104 493 nis
115 463 259 497 ascriptus,
281 462 350 495 Quin
366 462 446 489 etiam
458 465 485 488 ει
498 459 651 495 septenario
664 466 779 486 numero
793 459 848 493 pri-

59 516 119 538 mus
135 512 188 539 est,
204 513 232 535 et
244 515 277 535 ex
291 513 394 541 septem
414 511 465 539 est,
477 505 547 533 sieut
559 506 585 532 in
608 504 742 539 principio
767 504 847 535 idem,

58 558 102 593 qui
122 557 169 584 tuit
198 561 307 585 octavus
333 556 358 583 in
379 555 516 583 creatione
539 553 630 581 mundi
644 573 651 585 ,
668 557 696 580 et
721 551 850 587 perfectio

58 604 228 631 unitatisest.

92 660 138 687 49.
159 659 211 687 Sed
225 659 295 686 sicut
309 658 335 685 in
358 657 513 692 septenario
535 663 648 684 numero
662 662 782 690 praesens
797 654 850 681 vita

56 707 183 740 volvitur,
199 711 226 733 ει
237 706 404 740 designatur,
419 705 454 732 ita
468 712 515 739 pcr
526 703 694 731 octonarium
707 710 768 737 spes
776 706 851 729 zeter-

54 760 97 785 uae
113 751 318 780 resurrectionis
332 750 493 779 ostenditur.
510 750 564 777 lloc
579 750 650 777 enim
663 749 707 776 die
722 748 850 775 Dominus

54 806 70 826 ι
85 799 196 826 mortuis
215 797 380 830 resurrexit,
396 797 441 831 qni
462 796 593 823 sciliceta
607 794 733 830 passione
745 794 849 821 Domini

54 848 225 879 computatur
249 843 359 875 tertius;
375 843 402 870 in
420 843 515 870 ordine
530 842 678 870 creationis
694 841 798 873 mundi,
821 845 850 868 ut

54 890 210 926 praedictum
225 894 266 916 est
276 910 282 922 ‚
298 893 358 925 post
376 888 520 922 septimum
534 888 667 922 reperitur
682 892 793 915 octavus
814 886 848 913 ad

54 937 289 966 demonstrandam
304 937 395 970 utique
411 936 507 964 suturas
534 936 741 964 resurrectionis
762 936 848 963 beati-

54 983 193 1015 tudinem3
209 982 279 1017 quod
295 989 348 1008 non
363 981 499 1009 immerito
512 982 651 1016 Scriptura
667 982 707 1009 sic
729 982 783 1008 ait:
808 981 849 1008 Da

55 1034 154 1064 partem
175 1034 286 1063 septem,
308 1036 353 1056 nec
376 1037 426 1055 non
440 1033 462 1055 et
482 1034 555 1061 octo,
572 1030 633 1064 quia
653 1030 757 1063 ignoras
788 1029 849 1061 quid

53 1075 116 1101 moli
137 1076 252 1109 futurum
274 1075 305 1102 sit
327 1082 403 1109 super
424 1079 535 1106 terram,·
557 1075 633 1108 quasi
658 1074 777 1100 diceret:
804 1073 849 1100 St'c

54 1121 174 1155 dispensa
186 1119 296 1147 sollicite
311 1120 474 1154 temporalia,
490 1124 516 1145 ut
532 1120 635 1146 studeas
649 1120 763 1154 coyitnre
777 1123 850 1145 oeter·

54 1174 110 1193 na:
125 1174 226 1193 necesse
248 1171 284 1192 est
307 1173 418 1200 namque
440 1170 467 1191 ut
489 1165 549 1191 bene
568 1165 667 1199 agendo
682 1166 848 1199 proewqfles,

54 1212 116 1247 quia
127 1213 158 1238 de
174 1212 269 1246 suturis
278 1212 374 1247 judicii
389 1211 464 1237 malis
478 1210 541 1245 quid
556 1211 640 1237 denuo
655 1211 700 1237 tibi
715 1211 847 1245 incurrat,

53 1258 165 1285 incertus
180 1266 205 1284 es
221 1257 320 1292 (Eccte.
334 1265 374 1290 xi,
387 1256 428 1291 Ξ).
442 1256 573 1284 Convenit
595 1257 711 1291 denique
722 1264 850 1284 numerus

54 1305 106 1332 iste
121 1309 148 1332 ει
159 1303 282 1336 Domino,
295 1308 321 1331 et
329 1304 388 1338 ejus
403 1303 518 1337 corpori,
535 1303 610 1337 quasi
627 1302 682 1335 uni,
696 1308 723 1330 et
733 1308 847 1337 septem.

90 1362 134 1389 50.
156 1360 220 1388 Inde
234 1364 290 1392 est,
313 1360 384 1394 quod
400 1365 460 1386 octo
476 1359 572 1385 animae
589 1365 648 1385 cum
667 1357 722 1385 Noe
738 1358 848 1386 introie-

52 1412 116 1436 runt
128 1407 154 1434 in
166 1414 266 1434 arcam.
281 1406 332 1434 Sed
343 1406 368 1433 in
379 1406 431 1433 illis
442 1413 543 1439 septem
553 1405 716 1439 septiformis
728 1405 846 1432 Ecclesia

52 1453 215 1487 designatur,
232 1453 256 1479 in
269 1456 362 1479 octavo
370 1451 427 1478 Noe
438 1451 517 1486 233
524 1450 657 1483 Christus,
667 1450 711 1485 qui
721 1455 761 1478 est
768 1454 847 1484 caput

53 1501 190 1532 Ecclesia»,
206 1499 344 1531 figuratur.
360 1498 399 1524 Ad
415 1497 465 1524 hoc
477 1497 556 1523 etiam
580 1497 698 1531 pertinet
726 1496 796 1531 quod
821 1496 846 1523 in

53 1545 163 1574 Micltaea
188 1545 296 1581 legitur,
320 1549 413 1579 septem
427 1548 558 1579 pastores,
574 1546 602 1570 et
621 1547 731 1569 octavus
756 1542 849 1576 utiquc
863 1544 886 1574 C

53 1591 176 1619 Christus
187 1598 247 1617 cum
265 1589 414 1624 septiformi
430 1596 544 1622 corpore
572 1595 631 1615 suo.
661 1588 688 1614 ln
702 1588 850 1622 Evangelio

53 1644 159 1672 quoquc
182 1636 214 1663 de
230 1636 281 1663 hoc
296 1643 408 1662 numero
427 1635 536 1668 legitur,
552 1634 622 1668 qnod
639 1638 699 1669 post
713 1635 773 1662 dies
789 1640 850 1662 octo

53 1682 248 1710 coramtribus
272 1681 409 1716 discipulis
424 1681 479 1708 suis
494 1681 575 1708 facies
592 1681 697 1708 Domini
712 1681 738 1708 in
759 1686 850 1709 monte

55 1729 169 1757 refulsit.

94 1786 141 1813 5¹.
163 1784 235 1812 idem
256 1784 335 1811 etiam
352 1784 473 1811 Salvator
488 1787 549 1818 post
562 1788 624 1811 octo
639 1784 696 1812 dies
712 1791 849 1811 resurrec-

55 1833 139 1860 tionis
155 1831 268 1867 Didymo
283 1837 312 1857 se
329 1838 382 1857 non
403 1830 521 1858 credenti
541 1829 730 1858 manifestavit.
746 1831 774 1858 ln
791 1838 851 1858 sese

56 1877 205 1912 triplicatus
229 1876 279 1903 iste
303 1883 431 1903 numerus
450 1881 558 1910 propter
577 1875 736 1904 Trinitatem
758 1878 850 1911 viginti

55 1927 171 1960 quatuor
196 1923 318 1949 seniores
340 1920 422 1948 eflicit
443 1921 488 1956 qui
511 1929 626 1949 coronas
651 1930 713 1949 snas
737 1922 851 1950 esserunt

55 1976 147 1997 eoram
163 1967 249 2003 Agno.
276 1968 310 1994 At
322 1971 414 1994 contra
437 1971 547 1994 octavus
562 1968 688 1995 scribitur
703 1968 730 1995 in
746 1969 851 2003 Apoca-

56 2015 126 2052 lypsi
141 2013 267 2041 diabolus
277 2033 285 2046 ,
302 2013 347 2048 qui
362 2014 431 2040 inter
451 2019 554 2048 septem
577 2021 653 2049 reges
668 2014 850 2042 Romanorum

55 2069 71 2090 a
85 2062 188 2090 Joanne
204 2062 277 2088 visus
290 2065 350 2094 est,
367 2060 443 2096 quasi
465 2062 568 2089 occisus
581 2083 587 2095 ,
609 2067 719 2089 octavus
741 2062 831 2097 utique
842 2084 851 2097 ‚

57 2109 104 2137 sed
126 2109 151 2136 in
175 2107 337 2144 proditione.
363 2107 483 2143 Denique
494 2113 519 2135 et
536 2113 597 2136 octo
612 2109 767 2143 principalia
788 2109 851 2137 vitia

57 2154 256 2186 describuntur,
273 2162 306 2181 ex
321 2154 417 2189 quibus
433 2154 575 2181 multitudo
590 2155 710 2182 omnium
726 2155 849 2183 vitiorum

57 2201 189 2234 exoritur,
203 2200 229 2228 id
244 2204 295 2232 est,
311 2200 421 2233 invidia.
434 2200 581 2233 iracundia,
595 2200 712 2234 tristitia,
727 2202 849 2235 avaritia,

57 2245 198 2282 ingluvies,
213 2246 326 2279 luxuria,
344 2247 431 2274 inanis
445 2247 542 2282 gloria,
558 2247 696 2283 superbia.

81 2346 139 2388 ‚⁴⁸²
151 2347 216 2375 Cum
231 2356 277 2384 pro
289 2351 379 2375 octava
391 2348 466 2375 multi
479 2347 657 2376 inscribantur
669 2348 774 2382 psalmi,
788 2354 848 2378 nata

60 2381 124 2423 ittae
138 2383 244 2410 occasio
256 2388 298 2411 est
312 2383 453 2417 indagandi
469 2385 595 2419 mysticas
611 2385 848 2417 interpretationes

61 2417 141 2451 huj-ts
156 2418 270 2456 numeri,
312 2425 359 2446 *us
383 2417 441 2446 fere
462 2419 581 2447 isidorus
604 2419 792 2453 complectitur
813 2428 847 2448 ex

62 2451 229 2493 Ambrosio„
253 2426 402 2491 Αιιὲιιειίηο
425 2458 454 2481 et
474 2454 545 2482 aliis.
564 2454 629 2482 Vide
644 2455 846 2484 Onomasticum

61 2487 137 2514 But-u
153 2489 181 2514 et
194 2486 390 2516 merotexteum
402 2489 492 2517 Macri.

98 2521 145 2549 ΒΞ.
165 2521 295 2564 Qtraedatu·
306 2522 350 2550 hic
363 2523 444 2552 verba
457 2524 570 2558 mutavi,
586 2528 615 2552 ut
628 2532 736 2553 sensum
749 2525 847 2554 redde-

62 2564 119 2586 rem
132 2565 141 2589 ς
158 2564 220 2584 nam
235 2559 262 2584 m
277 2557 327 2587 Hc.
342 2563 400 2589 erat
421 2561 503 2596 magio
519 2560 641 2594 perfectio
664 2561 791 2589 dieitur...
811 2570 851 2590 ιε-

63 2592 176 2620 metum
188 2592 288 2620 oliae...
300 2596 361 2620 nom
372 2592 435 2620 dum
446 2595 524 2631 punit
539 2601 627 2623 venun
645 2599 762 2624 teneat...
783 2597 854 2625 taat-

60 2624 783 2704 ¹¹‘ii.⁸‘tlssssifiss¹iffm20”2ffi“lssssamim
802 2666 851 2696 a-

51 2698 178 2775 gin?
192 2699 463 2765 lasstausslpfiancntpku
499 2699 572 2726 stine
582 2720 592 2733 ,
605 2700 653 2728 lib.
664 2709 693 2764 ἰἰ.
701 2701 852 2743 0!an-

49 2764 122 2806 ‘⁶5⁸⁸
134 2741 213 2810 φύε
223 2770 252 2797 in
263 2774 316 2797 eos.
348 2753 356 2767 ’
538 2741 555 2774 q
709 2742 746 2764 m
759 2737 788 2765 itt
801 2737 851 2767 m·

71 2814 74 2819 ·
99 2798 146 2846 84.
167 2803 300 2834 substitui
313 2803 390 2840 prinn·
401 2809 491 2846 penu
501 2809 549 2840 pro
562 2804 661 2840 pam
671 2811 771 2841 mm,
780 2808 852 2844 quod

13 2871 15 2873 .
63 2844 124 2871 'ont
137 2848 163 2869 tn
177 2840 226 2870 ns.
244 2839 345 2868 Versus
367 2847 468 2878 primus
491 2844 534 2869 est
552 2841 634 2870 veluti
654 2841 740 2878 prima
759 2842 851 2873 dee-1.

353 110 452 140 unua
471 106 690 137 nuutfflottum
710 99 771 141 Qut
787 104 822 133 IN
841 104 986 134 sanctis
1005 102 1210 135 scntP'rmtts
1230 102 1456 132 occumulat.

1652 103 1706 134 ⁴90

1211 159 1325 187 CAPUT
1344 159 1379 187 X.

1138 206 1179 234 De
1194 207 1331 234 novenario
1345 215 1462 234 numero.

942 254 986 282 52.
1010 253 1174 281 Novenarn‘us
1196 253 1345 281 secundum
1365 260 1395 280 se
1419 249 1554 288 perfectus
1574 257 1706 281 numerus

905 306 956 335 est,
971 306 998 329 et
1014 301 1077 329 inde
1093 301 1178 336 magis
1194 300 1331 335 perfectus
1347 299 1456 332 dicitur,
1472 299 1599 334 quoniam
1611 306 1644 326 ex
1655 299 1705 326 tri-

905 347 954 373 bu<
970 345 1097 381 perfectis
1113 354 1160 381 per
1173 345 1287 373 sormam
1305 345 1365 380 ejus
1378 345 1571 379 multiplicatus
1582 345 1703 380 comple-

907 397 957 419 tur.
981 392 1016 418 At
1039 397 1104 418 vero
1126 391 1276 418 secundum
1287 391 1358 418 alios
1372 390 1546 425 imperfectus
1560 395 1618 423 est;
1642 397 1703 418 nam

905 443 934 466 ut
950 439 1028 472 primi
1045 444 1140 465 versus
1155 437 1236 464 ilnem
1251 441 1352 469 teneat,
1368 444 1421 464 uno
1436 441 1526 464 tamen
1540 444 1648 472 semper
1664 437 1705 464 in-

904 483 981 519 digus
995 487 1052 517 est,
1067 483 1113 518 qui
1128 484 1149 509 si
1166 482 1310 517 adjiciatur
1323 483 1355 509 ad
1371 490 1467 509 novem
1481 503 1488 515 ,
1502 487 1602 509 certam
1615 482 1704 516 perie-

904 531 1001 557 ctionis
1026 534 1108 564 atque
1128 529 1290 564 integritatis
1306 529 1427 563 regulam
1455 529 1592 562 complet,
1609 528 1635 555 in
1651 535 1705 562 quo

904 576 1050 604 novenario
1075 583 1188 603 numero
1214 576 1250 602 illi
1278 575 1456 610 accipiuntur,
1483 575 1528 609 qui
1554 573 1705 608 imperfecti

903 627 975 656 sunt,
989 627 1016 650 et
1029 622 1062 649 ad
1077 625 1170 650 decem
1187 626 1321 657 praecepta
1344 621 1411 657 legis
1425 627 1592 656 nequaquam
1608 626 1704 653 perve-

903 669 989 697 niunt.

939 715 983 743 55.
1008 715 1045 742 Ex
1067 714 1118 742 hoc
1143 722 1258 742 numero
1283 718 1346 741 sunt
1368 713 1406 741 illi
1430 720 1526 740 novem
1552 711 1651 746 leprosi
1677 712 1704 739 in

904 760 1061 795 Evangelio,
1077 760 1121 795 qui
1135 760 1170 787 ab
1185 759 1296 787 unitatis
1309 759 1447 787 consortio
1461 758 1571 792 seclusi,
1589 757 1703 785 munda-

905 807 957 833 tori
972 813 1021 834 suo
1037 813 1085 841 per
1099 805 1255 841 superbiam
1271 806 1371 839 gratias
1391 812 1445 831 non
1460 808 1582 839 egerunt.
1600 803 1638 830 Ex
1655 809 1703 830 eo-

865 855 888 889 B
903 853 964 880 dem
987 859 1100 879 numero
1115 851 1284 886 accipiuntur
1300 858 1314 877 a
1335 849 1495 885 quibusdam
1515 854 1542 875 et
1563 848 1599 875 illi
1618 856 1703 875 nona-

900 898 972 932 ginta
1000 905 1116 929 novem,
1147 896 1191 930 qni
1221 903 1274 922 non
1297 895 1417 929 indigent
1441 894 1614 929 poenitentia,
1639 893 1703 920 dum

900 943 1016 971 inaniter
1031 942 1191 976 semetipsos
1205 941 1372 975 justificant3
1395 940 1517 974 quamvis
1538 939 1565 965 in
1587 939 1625 966 eis
1641 938 1702 972 qui-

901 990 962 1016 dam
978 989 1105 1017 coelestes
1122 990 1222 1023 liguras
1245 988 1406 1021 intelligant.
1431 987 1565 1013 Praeterea
1589 984 1681 1021 [Forte
1694 1004 1702 1017 ,

902 1034 1062 1070 Propterea]
1088 1034 1194 1061 liebraei
1221 1040 1316 1060 novem
1339 1033 1423 1059 libros
1444 1039 1506 1059 esse
1532 1030 1703 1064 propheticos

902 1080 1013 1111 dicunt,
1029 1084 1056 1107 et
1081 1079 1162 1115 234
1185 1079 1299 1114 gentiles
1319 1085 1414 1105 novem
1434 1084 1524 1104 musas
1547 1077 1701 1109 linxerunt,

902 1125 998 1160 quibus
1013 1126 1130 1160 perlecta
1152 1125 1265 1152 scientia
1281 1124 1406 1151 consistit
1422 1122 1644 1150 modulationum.

1210 1179 1325 1207 CAPUT
1346 1179 1391 1207 Xl.

1152 1237 1190 1264 De
1205 1237 1310 1263 denario
1325 1243 1440 1262 numero,

938 1285 983 1313 54.
1005 1284 1133 1312 Denariun
1150 1291 1215 1310 vero
1236 1284 1305 1310 ultra
1331 1289 1426 1309 omnes
1442 1281 1581 1308 habendus
1597 1285 1637 1308 est
1654 1288 1703 1307 nu-

902 1338 1003 1362 merus,
1019 1331 1079 1365 quia
1095 1337 1191 1356 omnes
1209 1335 1336 1355 numeros
1351 1328 1468 1355 diversm
1480 1328 1586 1354 virtutis
1597 1334 1628 1353 ac
1640 1333 1703 1361 per·

901 1376 1025 1403 sectionis
1048 1376 1116 1401 intra
1141 1381 1171 1401 se
1194 1374 1329 1406 continet;
1356 1374 1400 1407 qui
1425 1372 1485 1399 licet
1507 1371 1585 1407 primi
1607 1378 1702 1398 versus

902 1422 962 1448 linis
986 1422 1020 1448 sit
1034 1441 1041 1453 ,
1065 1420 1191 1448 secundae
1217 1419 1342 1447 monadis
1356 1419 1474 1453 complet
1488 1418 1636 1452 auspicium
1651 1438 1658 1450 ,
1675 1421 1703 1443 et

900 1468 1043 1494 formulam
1061 1466 1171 1494 unitatis
1185 1465 1334 1500 adimplet;
1359 1465 1386 1492 in
1403 1472 1457 1500 quo
1479 1469 1568 1491 tantus
1585 1464 1613 1490 lit
1627 1470 1702 1490 com-

903 1515 1034 1550 plexionis
1050 1514 1200 1544 terminus,
1228 1517 1256 1539 ut
1281 1512 1348 1538 ultra
1376 1518 1504 1538 numerus
1533 1516 1701 1544 nequaquam

904 1561 1031 1596 prot-edat
1044 1581 1051 1593 ,
1070 1559 1118 1586 sed
1133 1559 1223 1586 denuo
1243 1558 1276 1585 ad
1297 1558 1426 1584 unitatem
1447 1560 1588 1587 recurrat,
1611 1555 1703 1589 sicque

902 1610 1032 1644 deinceps
1057 1616 1104 1643 pro
1129 1607 1232 1635 infinita
1256 1613 1431 1633 numerorum
1457 1603 1630 1631 multitudine
1656 1603 1703 1630 lta-

901 1656 1006 1683 beatur.

938 1711 982 1739 55.
1000 1711 1048 1738 Est
1059 1715 1148 1738 autem
1160 1710 1187 1736 in
1200 1709 1345 1743 Scripturis
1355 1708 1455 1736 sanetis
1470 1707 1619 1742 legitimus,
1631 1706 1702 1733 sicut

901 1762 929 1785 et
943 1758 1096 1791 septimus,
1122 1762 1193 1782 nunc
1216 1755 1409 1790 perfectionem
1431 1753 1607 1788 significans,
1633 1758 1703 1779 nunc

901 1808 995 1838 aperte
1009 1808 1092 1831 totum
1106 1803 1309 1836 demonstrans,
1325 1802 1394 1828 sicut
1409 1800 1514 1834 Daniel,
1528 1800 1574 1835 qui
1593 1805 1701 1826 omnem

906 1851 1067 1882 Ecclesiam,
1092 1850 1148 1876 sive
1163 1849 1319 1883 angelorum
1343 1847 1543 1875 multitudinem
1571 1844 1701 1872 infinitam

903 1895 1013 1923 denario
1028 1902 1141 1922 numero
1155 1894 1313 1928 complexus
1328 1896 1389 1924 est,
1406 1892 1499 1919 dicens
1519 1900 1526 1917 ε
1544 1890 1629 1917 Μίηἱα
1645 1889 1703 1916 mit-

902 1942 966 1968 lium
990 1940 1171 1967 ministrabant
1195 1940 1217 1967 ei
1241 1939 1336 1974 (Dato,
1351 1938 1470 1972 vtt,1tl).
1497 1937 1572 1964 Unde
1585 1941 1612 1963 et
1633 1935 1703 1970 psal-

904 1995 962 2014 mus
976 1995 983 2012 ι
1008 1986 1105 2013 Currus
1119 2007 1126 2019 ‚
1142 1986 1226 2019 inquit
1239 2006 1246 2018 ,
1272 1984 1319 2012 Dei
1332 1985 1418 2011 decem
1438 1983 1551 2010 nullibus
1567 1982 1702 2017 multiplex

903 2032 986 2060 nullia
1000 2032 1140 2059 [celantium
1152 2031 1210 2067 (Pu.
1229 2039 1311 2064 txxtt,
1328 2030 1384 2064 18).

939 2078 984 2105 56.
1006 2079 1126 2113 Denique
1140 2077 1183 2105 liic
1200 2085 1327 2105 numerus
1342 2076 1466 2111 Decalogi
1481 2076 1531 2110 legi
1547 2074 1701 2102 ascribitur.

903 2124 1000 2151 Decem
1023 2132 1097 2151 emm
1119 2124 1260 2152 notissima
1285 2127 1417 2158 praecepta
1443 2122 1519 2157 legis.
1547 2121 1588 2148 Ab
1617 2119 1701 2147 Adam

905 2172 1045 2206 progenies
1058 2179 1142 2206 usque
1153 2172 1185 2197 ad
1200 2170 1256 2197 Noe
1267 2170 1379 2198 denario
1391 2176 1504 2197 numero
1520 2168 1680 2196 terminatur
1691 2176 1700 2201 ;

863 2231 892 2262 1)
904 2219 930 2245 in
946 2218 1023 2253 cujus
1037 2218 1142 2246 numeri
1158 2219 1242 2254 ligura
1259 2223 1286 2245 et
1300 2217 1383 2244 David
1407 2214 1538 2252 propheta
1554 2216 1580 2243 in
1596 2215 1702 2242 Psalte-

906 2264 946 2291 rio
960 2264 1054 2292 decem
1070 2264 1232 2292 chordarum
1246 2263 1374 2296 cantavit,
1388 2263 1415 2290 in
1427 2263 1506 2297 qu'us
1517 2266 1608 2296 typum
1625 2259 1702 2287 Satn·

903 2352 1003 2386 Scripsi
1019 2354 1097 2381 etiam
1113 2352 1233 2379 secundm
1246 2352 1363 2379 monffllis
1378 2358 1425 2385 pro
1440 2349 1546 2377 secundi
1561 2347 1680 2375 monadia
1691 2369 1699 2381 ‚

902 2389 972 2423 quod
986 2409 993 2421 ,
1008 2390 1114 2423 opinor.
1129 2387 1229 2414 librarii
1249 2395 1326 2415 error
1340 2391 1392 2414 est.
1414 2386 1489 2419 Quod
1510 2388 1600 2413 autem
1616 2383 1699 2410 dena-

902 2423 957 2450 rius
970 2423 1094 2450 secundas
1109 2423 1231 2449 monadis
1246 2423 1394 2455 aus-panum
1410 2420 1527 2454 complet
1539 2438 1547 2450 .
1567 2420 1697 2452 denotat,

902 2465 928 2485 ut
945 2459 1070 2491 arbitror,
1085 2458 1223 2484 denarium
1238 2456 1375 2490 complere
1391 2463 1471 2482 unam
1486 2454 1626 2487 decadem,
1637 2460 1698 2488 qua

901 2498 943 2520 est
967 2493 1053 2520 unitas
1074 2493 1202 2519 decadum
1217 2512 1224 2524 ,
1250 2492 1320 2518 sicut
1345 2491 1447 2526 primus
1470 2496 1597 2517 numerus
1611 2510 1618 2520 ‚
1641 2491 1700 2517 sive

901 2529 976 2561 origo
991 2535 1164 2555 numerorum
1179 2533 1220 2555 est
1236 2526 1323 2553 unitas
1338 2528 1523 2553 numerorum.

939 2563 984 2591 55.
1005 2562 1141 2590 Librarius
1154 2583 1161 2595 ,
1177 2566 1207 2589 ιιι
1229 2569 1276 2596 par
1297 2565 1339 2589 est
1360 2561 1471 2588 credere
1484 2581 1492 2592 ,
1510 2559 1601 2587 omisit
1619 2559 1699 2587 verba

904 2599 1022 2626 Danielis
1045 2606 1105 2633 quae
1130 2602 1278 2634 sequuntur
1299 2605 1307 2624 ι
1330 2596 1364 2624 Et
1380 2597 1462 2623 decies
1482 2594 1576 2626 millies
1595 2599 1701 2622 centena

903 2634 1014 2662 millium
1038 2633 1217 2662 ministrabant
1238 2632 1273 2660 et.
1299 2631 1365 2660 Nam
1383 2631 1411 2659 in
1430 2631 1482 2658 hoc
1500 2629 1585 2658 decies
1605 2630 1700 2658 isidori

903 2669 973 2697 ratio
988 2674 1120 2696 versatur.

939 2705 984 2733 56.
1005 2704 1132 2738 Quaedam
1147 2703 1190 2732 liic
1205 2703 1305 2731 mutavi
1319 2723 1328 2736 ,
1349 2708 1379 2731 ut
1395 2701 1568 2730 commodum
1647 2703 1650 2707 '
1673 2709 1699 2731 ιιι

903 2739 1055 2768 redderem.
1079 2736 1171 2767 Codex
1195 2744 1248 2766 ms.
1270 2746 1284 2767 ι
1332 2737 1448 2766 trahebat
1465 2741 1473 2766 t
1492 2736 1617 2779 Daoutoqi
1638 2709 1700 2775 Zeia

905 2775 1052 2804 ascribitur.
1069 2772 1198 2803 Decem...
1212 2773 1250 2801 Ab
1263 2773 1287 2802 Α
1305 2781 1350 2804 aot
1360 2781 1403 2810 pr,
1439 2780 1512 2805 encre
1525 2777 1562 2802 ent
1575 2778 1656 2813 usqu
1665 2773 1701 2807 aa

905 2810 964 2842 Noa
976 2810 1099 2839 acumine·
1110 2817 1231 2843 numeru
1242 2809 1406 2839 serotinam.
1421 2779 1490 2842 ἧκε
1503 2811 1532 2843 tt,
1547 2806 1591 2846 ta,
