1832 3016
145 160 195 187 735

655 151 683 179 S.
701 148 826 178 tstnottt
846 149 1071 180 tttSPALENSls
1088 151 1239 181 Evtscom

1718 151 1772 181 758

182 216 225 243 16.
240 213 296 241 Νοη
310 215 351 239 est
364 210 533 243 eleemosyna
553 215 613 235 cum
629 207 843 235 murmuratione
859 214 929 242 prae·
946 210 969 239 A
982 209 1054 236 enim
1070 214 1214 245 augmento
1227 210 1306 244 perit,
1323 209 1387 236 dum
1399 208 1425 237 id
1439 208 1509 244 quod
1522 207 1628 237 videtur
1641 209 1669 236 iu
1684 207 1775 238 l'uturo

144 261 240 292 benda,
256 265 299 289 ne,
313 256 459 283 comitante
470 253 587 286 tristitia,
603 261 707 281 merces
721 259 812 288 pereat
825 253 933 288 dispen-

143 311 210 334 sata.
224 304 297 330 Tunc
308 306 395 328 autem
411 300 479 327 bene
494 299 627 332 tribuitur,
643 300 750 334 quando
763 306 823 326 cum
835 300 932 327 mentis

143 349 276 377 hilaritate
296 348 438 382 praebetur.
462 345 538 373 Unde
561 350 588 372 et
609 345 752 379 Apostolus
769 354 775 372 :
802 345 931 379 Hilarem,

142 395 236 428 inquit,
252 394 366 420 datorem
385 392 466 426 diliqit
488 391 557 418 Deus
570 390 614 427 (11
629 390 690 419 Cor.
706 399 743 424 tx,
756 392 795 426 7).
812 392 932 419 Metuen-

141 441 203 468 dum
229 445 270 467 est
295 440 384 474 itaque
410 445 443 465 ne
467 445 568 472 pauper
591 441 636 464 aut
654 445 714 465 curn
740 438 818 465 taedio
841 443 932 465 nostra

141 487 229 514 oblata
246 486 384 521 suscipiat,
409 489 454 511 aut
474 492 507 511 ne
520 486 630 511 omnino
646 486 842 519 praeterrnissus
863 493 931 513 moe-

140 541 202 560 rens
218 532 356 566 tristisque
370 530 488 557 recedat.

177 580 219 605 t't.
236 579 272 605 De
286 577 387 612 rapinis
406 577 499 603 alienis
514 577 711 611 eleemosynam
725 576 812 603 tacere
825 584 877 603 non
891 581 932 603 est

142 624 258 650 osticium
280 622 481 655 miserationis,
509 622 556 649 sed
579 623 790 649 emolumentum
812 622 931 649 sceleris.

140 670 215 697 Unde
232 674 259 697 ct
275 670 420 697 Salomon:
438 668 488 700 Qui
508 668 592 702 offert,
609 669 710 703 iuquit,
734 669 888 703 sacrificium
901 670 933 695 de

138 718 229 752 rapina
245 725 387 752 pauperum
399 738 405 749 ,
430 720 551 750 tanquam
571 716 592 742 si
607 716 665 750 quis
679 715 787 741 victimet
810 715 892 748 filium
907 715 933 741 r'n

139 768 274 797 conspectu
290 763 370 797 patris
384 763 423 788 sui
441 761 534 795 (Eccli.
551 769 639 793 xxxiv,
660 761 718 796 24).
742 761 792 795 Qui
808 761 933 788 enimin-

136 808 208 843 juste
224 809 303 840 tollit,
317 807 388 843 juste
400 808 482 843 359
493 815 626 841 nunquam
639 807 784 838 distribuit,
800 814 849 834 nec
864 806 933 834 bene

138 856 214 883 alleri
229 856 330 891 przebet
344 856 413 890 quod
426 856 460 882 ab
474 855 526 881 atio
539 856 606 881 male
621 860 773 888 extorquet.

983 254 1115 289 proficere
1129 256 1154 283 in
1170 255 1305 290 praeterito
1317 254 1415 282 delicit.
1428 254 1493 282 item
1517 261 1551 282 ex
1564 254 1623 289 ipso
1636 261 1698 283 esse
1713 253 1775 282 bre-

983 299 1024 326 vis
1048 300 1128 335 360
1154 301 1208 327 vita
1224 307 1342 334 praesens
1356 299 1516 333 ostenditur,
1533 306 1568 326 ex
1581 306 1615 327 eo
1635 298 1706 335 quod
1721 306 1775 328 nou

984 351 1133 380 permanet,
1153 347 1199 374 sed
1216 347 1317 374 linitur.
1330 346 1394 374 Tela
1407 346 1478 374 enim
1493 349 1695 373 consummatur
1709 343 1774 381 ntis,

983 395 1010 418 et
1024 390 1076 417 vita
1093 391 1209 430 hominis
1223 392 1351 426 expletur
1366 392 1460 419 diebus
1475 391 1598 426 singuiis.

1018 437 1047 464 t.
1067 437 1143 470 Quod
1157 437 1203 465 diu
1229 438 1256 465 ln
1278 438 1328 465 hae
1343 439 1397 466 vita
1411 438 1518 470 vivitur,
1536 437 1667 473 quaeritur
1686 440 1775 464 utrum

984 489 1154 519 augmentum
1179 492 1212 512 au
1238 485 1336 512 rectius
1361 485 1551 512 detrimentum
1579 484 1694 511 dicatur.
1723 481 1776 510 Sed

985 531 1117 565 quomodo
1141 531 1226 565 possit
1249 535 1325 559 recte
1344 531 1399 558 dici
1425 534 1608 567 augmentum,
1638 529 1706 564 quod
1728 536 1776 564 per

983 576 1167 604 dimensiones
1191 581 1298 604 aetatum
1330 577 1363 604 ad
1391 577 1484 604 mortis
1512 576 1598 604 tendit
1630 576 1775 604 detrimen-

985 626 1039 648 tum
1049 622 1060 647 ’.θ

1020 666 1046 693 5.
1068 666 1119 700 Qui
1135 667 1216 694 vitam
1228 667 1335 702 longam
1349 667 1458 702 quaeris,
1472 666 1504 694 ad
1517 673 1575 694 eam
1589 666 1668 693 tende
1682 665 1776 697 vitam,

985 721 1033 748 pro
1057 721 1108 749 qua
1125 713 1293 741 Christianus
1317 721 1358 746 es,
1385 714 1412 740 id
1441 718 1492 746 est,
1518 717 1729 745 aeternam;non
1744 710 1778 738 ad

986 761 1062 787 istam
1079 781 1086 793 ‚
1110 761 1145 787 de
1170 768 1221 795 qua
1248 760 1280 787 ad
1308 760 1487 787 erudiendum
1514 763 1540 787 te
1565 758 1702 786 descendit
1724 757 1778 784 vita

985 811 1098 840 aeterna,
1116 807 1142 833 id
1157 811 1208 839 est,
1225 806 1348 834 Christus
1364 806 1480 834 Verbum
1496 806 1570 833 carni
1593 805 1778 839 conjunctum.

986 854 1049 881 llaec
1061 858 1104 882 est
1118 855 1190 881 enim
1205 854 1259 880 vita
1275 853 1379 887 vitalis,
1410 857 1503 880 nostra
1525 852 1577 879 ista
1591 852 1644 879 vita
1658 849 1780 878 mortalis

174 902 218 928 18.
240 902 362 936 Magnum
391 901 480 928 scelus
510 905 551 927 est
576 908 618 927 res
643 908 789 935 pauperum
806 904 934 934 praestare
951 894 974 923 Β
988 906 1038 928 est.
1820 930 1832 937 .

1023 948 1049 974 6.
1069 947 1137 974 Mori
1165 951 1270 982 oportet
1293 946 1431 974 bominem
1459 945 1486 972 in
1509 952 1590 972 carne
1616 943 1726 976 mundo,
1745 949 1780 970 rte
1823 943 1826 946 '

140 947 278 979 divitibus,
297 953 323 974 et
339 947 373 973 de
388 946 538 980 sumptibus
554 947 661 979 inopum
673 946 812 980 acquirere
829 946 933 973 favores

140 997 296 1027 potentum;
320 993 405 1019 arenti
432 998 509 1019 terrae
533 1000 627 1019 nouam
648 991 752 1025 tollere,
770 996 797 1019 et
812 991 932 1025 llurnina,

138 1045 198 1073 qute
214 1046 268 1066 non
282 1038 411 1073 indigent,
426 1038 549 1072 irrigare.

176 1084 219 1111 19.
242 1084 436 1117 Nonnunquam
463 1083 572 1117 largitas
599 1082 712 1109 divitum
738 1082 859 1117 prodiga,
880 1089 932 1109 non

138 1130 170 1157 ad
185 1131 337 1163 utilitatem,
362 1131 408 1157 sed
425 1130 457 1157 ad
472 1131 617 1157 elationem
636 1129 782 1156 effunditur
798 1138 804 1155 z
821 1137 934 1164 compa-

138 1180 195 1204 rata
212 1177 367 1212 hypocritis,
383 1177 490 1211 quinon
504 1176 536 1203 ad
552 1175 756 1202 aedificationem
772 1175 870 1202 docent
883 1183 933 1202 au-

138 1222 277 1255 dientium,
293 1223 339 1250 sed
355 1224 387 1250 :td
403 1231 458 1250 suae
474 1223 565 1258 gloriae
591 1222 806 1257 exaggerandum
823 1222 934 1249 cothur-

138 1277 212 1295 num.

173 1313 219 1342 ⁸20.
242 1314 470 1347 Repreltensildlis
481 1319 522 1342 est
536 1316 671 1349 superflua
682 1315 777 1342 effusio
789 1315 931 1350 largitatis.

138 1359 203 1387 Natu
219 1360 262 1395 qui
279 1360 385 1387 modurn
412 1366 501 1387 servat
523 1368 619 1388 avarus
635 1361 699 1388 nulli
715 1366 766 1395 est,
785 1362 831 1389 sed
845 1363 934 1389 omni·-

140 1406 190 1434 bus
206 1407 295 1441 largus
311 1411 361 1434 est.

175 1452 222 1479 at.
244 1453 416 1487 Dispensator
431 1460 484 1479 non
501 1453 579 1480 debet
594 1460 655 1480 esse
676 1454 813 1487 prodigus,
831 1453 878 1480 sed
893 1453 933 1480 di·

141 1504 260 1531 screlus;
291 1500 379 1534 largiri
403 1501 473 1527 enim
499 1500 578 1527 debet
600 1505 728 1535 quantum
757 1505 872 1535 oportet,
893 1505 932 1533 ut,

139 1545 256 1572 tenendo
271 1553 425 1573 mensuram
443 1547 468 1572 in
486 1553 549 1579 uno,
565 1546 679 1574 sufficiat
695 1546 829 1581 plurimis.

439 1602 551 1629 CAPUT
572 1602 639 1629 LXI.

406 1648 444 1675 De
462 1649 581 1675 brevitate
598 1649 666 1676 vitre.

179 1694 204 1720 l.
225 1694 339 1720 Tantum
352 1694 462 1721 enimin
489 1693 540 1723 bac
555 1695 609 1721 vila
630 1699 672 1721 est
701 1695 801 1723 licitum
829 1696 934 1730 operari

139 1740 254 1773 bonutu3
269 1740 323 1767 illic
338 1747 454 1775 namque
469 1748 521 1768 non
541 1740 596 1775 jam
619 1742 740 1775 operatio
751 1747 933 1778 exspectatur,

139 1786 187 1814 sed
203 1787 343 1814 retributio
359 1786 527 1814 meriturum.

173 1832 201 1858 2.
223 1832 285 1859 liaec
300 1832 352 1859 vita
377 1833 467 1866 impiis
482 1833 559 1867 longa
583 1833 706 1869 et’grata
722 1839 773 1867 est,
799 1834 827 1861 in
851 1834 934 1861 oculis

139 1882 227 1905 autern
252 1879 384 1913 justorum
402 1886 492 1906 amara
519 1884 546 1907 et
573 1879 662 1907 brevis
677 1885 728 1907 est.
749 1880 783 1907 Et
804 1880 866 1908 licet
880 1882 933 1908 vita

138 1925 189 1953 ista
211 1925 302 1953 brevis
317 1927 362 1958 sit,
380 1933 468 1953 moras
484 1931 570 1953 lamen
585 1926 635 1953 sibi
651 1927 709 1954 lieri
721 1927 849 1960 creditur,
860 1927 931 1962 quia,

136 1972 331 2006 quantumlibet
356 1972 438 2000 breve
462 1973 497 1999 sit
519 1973 647 2007 temporis
677 1974 804 2008 spatium,
828 1973 933 2001 tametsi

137 2016 238 2044 viventi
254 2024 346 2050 parurn
362 2021 414 2051 est,
433 2018 533 2044 amanti
554 2018 647 2052 procul
664 2018 744 2045 dubio
759 2019 867 2054 longum
880 2023 931 2046 est.

174 2063 201 2090 3.
221 2063 271 2096 Qui
297 2064 358 2090 vitre
378 2063 518 2097 praesentis
542 2063 735 2098 longitudinem
756 2072 809 2092 non
837 2065 870 2092 de
884 2072 934 2092 suo

138 2109 241 2142 spatio,
257 2108 303 2134 sed
320 2108 353 2135 de
375 2108 433 2142 ejus
457 2108 509 2135 line
524 2109 676 2136 considerat
689 2117 767 2144 quam
782 2110 816 2137 sit
844 2110 932 2137 brevis

138 2156 165 2179 et
179 2152 286 2184 misera,
303 2153 366 2179 satis
382 2153 484 2180 utiliter
498 2158 603 2187 pensat.
628 2154 689 2182 Vita
715 2156 785 2182 enim
801 2163 930 2190 praesens,

138 2196 199 2232 quia
223 2197 287 2230 ipsis
306 2198 361 2223 suis
381 2198 555 2225 incrementis
578 2199 678 2232 delicit,
704 2200 792 2227 brevis
807 2206 866 2235 cst;
883 2209 932 2229 suo

176 2252 219 2281 tss.
238 2252 361 2287 Gregor„
379 2258 444 2287 past.
459 2253 534 2286 Cur..
548 2258 617 2287 part.
631 2262 671 2287 tu,
684 2255 711 2288 6,
723 2255 768 2282 22.
783 2256 892 2285 toust.

177 2289 218 2315 t7.
232 2287 354 2322 Gregor..
372 2290 415 2315 ubi
431 2296 504 2322 supr.
518 2289 627 2316 botru.

175 2322 244 2351 thid.
272 2324 298 2350 ln
326 2324 434 2356 Vulgata
462 2324 547 2357 Edit„
573 2325 646 2351 Eccl.
667 2332 745 2351 xxxiv
760 2333 766 2351 :
791 2326 842 2358 Qui
856 2326 929 2360 offert

138 2359 294 2391 sucrificium
313 2366 344 2385 ea:
356 2359 498 2386 :abstantia
511 2367 661 2393 pauperum,
675 2361 747 2394 quasi
758 2361 800 2395 qui
816 2362 928 2389 victimat

140 2394 222 2427 filium
237 2395 262 2420 in
277 2399 412 2430 conspectu
425 2395 514 2428 patris.
533 2394 613 2421 Divus
636 2395 761 2429 Gregor„
789 2396 834 2422 ltb.
857 2402 927 2430 past.

139 2428 225 2461 Curre,
242 2434 310 2464 part.
326 2437 365 2463 nt,
390 2437 448 2463 cap.
464 2430 510 2463 ⁴22,
531 2430 608 2457 aliter
631 2430 708 2457 ass'ert
735 2430 786 2458 boc
806 2431 924 2458 testimov

140 2465 213 2491 nium
230 2473 237 2490 t
255 2464 305 2497 Qut
320 2465 447 2497 immolat,
463 2465 557 2499 inquit,
572 2466 728 2500 sacrificium
741 2465 773 2492 de
785 2467 927 2493 substantia

139 2500 270 2534 pauperis,
284 2501 357 2534 quari
377 2501 430 2535 qai,
447 2505 500 2527 etc.
519 2500 635 2527 isidorus
650 2502 739 2535 itaque
754 2508 801 2535 pro
822 2502 853 2528 de
868 2502 927 2528 rub·

140 2536 234 2561 stantia
259 2543 409 2570 pauperum,
423 2535 488 2562 dixit
515 2536 546 2562 de
564 2536 657 2571 rapina
685 2544 836 2571 pauperum.
850 2537 928 2570 Quod

139 2570 210 2597 unde
226 2570 344 2597 hauserit
359 2571 468 2598 dubium
487 2574 540 2598 est.
565 2570 658 2599 Graece
668 2579 733 2598 sane
747 2572 844 2606 legitur
858 2582 928 2610 χρη-

140 2605 225 2639 μάτων
237 2607 363 2638 πενήτων,
378 2606 404 2633 id
417 2610 468 2639 est.
487 2614 521 2633 ex
544 2606 654 2640 divitiis,
682 2607 740 2634 sive
759 2607 929 2636 facultatibus

139 2647 299 2703 vuffa-uffa
312 2641 565 2712 rffi‘ssisszssnpemm.
579 2677 655 2712 Apud
670 2677 860 2711 Sabatierium,
874 2678 927 2708 loc.

141 2713 200 2743 cit..
218 2710 300 2738 Ecclt.
315 2718 410 2745 nstv,
430 2711 477 2744 24,
499 2713 571 2740 nulla
587 2718 628 2740 est
643 2713 756 2741 varietas
770 2720 786 2740 a
802 2713 928 2748 Vulgata,

140 2752 173 2784 ᾳ
186 2745 327 2774 substantia
341 2755 500 2783 pauperum.
514 2749 557 2775 cui
577 2749 699 2783 congruit
710 2753 806 2777 auctor
823 2748 920 2784 specul

142 2782 212 2806 mter
225 2782 340 2813 append.
358 2783 443 2810 sancti
457 2781 609 2818 Augustini.
621 2785 706 2811 Aassv.

135 2817 140 2822 ’
178 2812 223 2855 ¹9:
242 2813 366 2849 θῶκον..
387 2817 431 2844 ubi
444 2825 519 2852 supr.
535 2818 643 2847 Loatsa.

155 2883 164 2894 ι
177 2847 248 2876 ttut.
261 2848 306 2889 ξΙιι
327 2851 445 2886 plerique
469 2853 546 2887 libri;
576 2861 644 2881 unus
656 2864 682 2887 ,ο
692 2856 801 2891 qratia:
826 2849 929 2890 velet..

141 2883 236 2918 noth„
250 2884 362 2920 adnue.
377 2893 456 2920 quam
465 2889 574 2922 quidem
585 2896 679 2918 voeem
693 2897 742 2919 utos
753 2890 817 2919 althi
830 2889 929 2926 legisse

986 993 1119 1019 moriatur
1135 993 1160 1019 in
1183 992 1270 1019 anima
1286 991 1403 1019 Christo.
1431 991 1497 1018 Nam
1522 998 1584 1018 vere
1608 994 1671 1017 tunc
1689 990 1780 1016 vivere

986 1039 1098 1073 quisque
1119 1038 1252 1070 creditur,
1273 1038 1295 1064 si
1309 1037 1456 1064 secundum
1472 1037 1600 1064 saeculum
1615 1036 1735 1063 moriens
1749 1034 1777 1061 in

986 1088 1044 1114 solo
1060 1087 1115 1114 Deo
1129 1087 1218 1114 vivere
1233 1086 1391 1113 delectetur.

1022 1134 1049 1160 7.
1071 1133 1109 1160 De
1125 1140 1198 1159 mora
1212 1132 1272 1159 vitae
1288 1131 1366 1158 istius
1382 1130 1490 1158 taedium
1506 1129 1604 1164 patitur
1616 1128 1722 1163 justus,
1746 1133 1780 1154 eo

987 1178 1057 1212 quod
1081 1177 1114 1204 ad
1137 1176 1316 1204 desideratam
1342 1175 1453 1210 patriam
1483 1173 1557 1200 tarde
1578 1172 1727 1207 perveniat,
1750 1173 1779 1198 et

986 1225 1047 1251 vilae
1063 1223 1203 1258 praesentis
1218 1229 1366 1250 aerumnam
1382 1221 1467 1249 serius
1486 1220 1599 1247 amittat.

1279 1276 1393 1305 CAPUT
1413 1276 1493 1304 LXtt.

1317 1323 1356 1351 De
1378 1324 1456 1350 exitu.

1023 1370 1047 1397 l.
1069 1370 1195 1403 Quamvis
1205 1370 1289 1396 sancti
1306 1369 1339 1395 ab
1360 1368 1440 1403 hujus
1456 1369 1517 1395 vitae
1533 1366 1658 1394 aerumnis
1672 1362 1779 1393 liberari

986 1423 1015 1443 se
1026 1417 1146 1450 cupiant,
1159 1416 1212 1442 cito
1230 1415 1350 1442 volentes
1362 1415 1437 1441 exire
1448 1414 1481 1440 de
1496 1421 1617 1447 corpore,
1630 1412 1677 1439 Dei
1690 1416 1779 1439 tatueu

985 1462 1160 1496 dispositione
1175 1461 1332 1495 plerumque
1345 1461 1389 1487 diu
1403 1461 1429 1487 in
1445 1460 1494 1486 hac
1514 1461 1567 1486 vila
1582 1463 1732 1490 versantur,
1748 1460 1778 1484 ut

986 1515 1033 1542 per
1050 1508 1127 1542 longa
1156 1507 1304 1534 tolerantiae
1332 1506 1516 1540 experimenta
1543 1504 1655 1532 solidius
1681 1509 1773 1531 eorum

987 1553 1113 1587 patientia
1129 1553 1280 1580 roboretur.

1022 1599 1049 1625 Ξ.
1063 1598 1135 1625 ΜιιΙῑί
1148 1598 1209 1625 odio
1220 1599 1300 1625 vitam
1314 1597 1425 1629 habeut,
1441 1601 1468 1624 et
1482 1601 1569 1624 tamen
1583 1595 1651 1623 mori
1662 1595 1774 1628 timent3
1820 1592 1825 1594 '

986 1645 1055 1680 quod
1070 1645 1204 1679 plerisque
1219 1645 1244 1671 in
1265 1645 1386 1679 angustia
1401 1644 1555 1678 contingere
1577 1643 1656 1675 solet,
1683 1641 1775 1676 sicque

986 1691 1120 1718 contrario
1135 1690 1232 1717 affectu
1246 1695 1273 1718 et
1287 1689 1395 1717 vivendi
1411 1689 1509 1716 habent
1525 1688 1642 1722 taedium,
1668 1691 1696 1715 et
1718 1694 1776 1715 mo-

986 1736 1070 1763 riendi
1084 1741 1194 1763 metum.

987 1799 991 1805 .
1021 1782 1047 1809 5.
1070 1782 1190 1810 Sollicite
1211 1782 1289 1809 debet
1303 1782 1485 1817 unusquisque
1505 1781 1594 1809 vivere
1621 1784 1649 1808 et
1669 1785 1776 1815 semper
1810 1790 1812 1795 ·

987 1830 1129 1857 terminum
1158 1829 1219 1856 vitae
1243 1836 1298 1856 suae
1322 1829 1503 1862 considerare,
1520 1832 1550 1855 ut
1566 1828 1600 1855 de
1614 1826 1778 1861 contempla·
1820 1855 1821 1858 ,

986 1875 1058 1902 tione
1075 1875 1144 1902 illius
1168 1875 1273 1902 animus
1295 1881 1324 1901 se
1350 1882 1456 1908 semper
1479 1873 1514 1900 ad
1535 1873 1587 1900 alta
1603 1871 1735 1904 sustollat.
1749 1874 1778 1899 et
1810 1882 1819 1891 ι

986 1920 1065 1954 hujus
1079 1919 1169 1947 saeculi
1183 1919 1327 1947 blanditias
1340 1923 1443 1947 caveat.
1466 1919 1600 1953 Scriptum
1621 1922 1663 1946 est
1683 1917 1777 1946 enims

985 1965 1019 1993 In
1030 1966 1145 1992 omnibus
1160 1965 1277 1993 oneribus
1291 1966 1340 1991 tais
1356 1973 1499 1992 memorare
1519 1964 1659 1991 novistima
1682 1968 1738 1998 tua,
1754 1967 1778 1991 ee
1808 1981 1812 1986 ·
1828 1992 1832 1996 ,

983 2022 1010 2041 tn
1030 2019 1154 2041 oeternum
1170 2022 1221 2040 non
1243 2013 1358 2047 peccabis
1372 2012 1467 2048 (Eccli.
1484 2020 1530 2045 vu,
1546 2011 1603 2045 40).

1021 2060 1100 2095 361
1121 2060 1148 2086 t.
1171 2059 1283 2086 Venturi
1296 2060 1384 2086 exitus
1399 2057 1547 2092 ignorantia
1563 2058 1663 2085 ineerta
1684 2060 1735 2089 est,
1750 2059 1778 2083 et
1812 2050 1818 2054 ”

984 2107 1047 2133 dum
1064 2106 1132 2132 mori
1148 2105 1208 2140 quis
1223 2112 1277 2132 non
1291 2104 1438 2138 existimat,
1466 2104 1579 2131 tollitur.
1607 2102 1682 2131 Unde
1696 2107 1777 2129 unus·
1807 2106 1810 2107 ⁷

985 2153 1099 2187 quisque
1125 2152 1233 2179 festinet
1248 2159 1282 2179 ne
1306 2151 1333 2178 in
1358 2151 1544 2186 iniquitatibus
1569 2150 1624 2177 suis
1646 2149 1775 2183 rapiatur,
1826 2148 1832 2157 “

984 2199 1119 2233 simulque
1133 2198 1242 2225 liniatur
1256 2197 1311 2224 vita
1327 2203 1387 2224 cum
1403 2197 1489 2230 culpa.
1506 2195 1571 2223 Nam
1587 2195 1709 2223 incentor
1723 2193 1777 2221 dia·
1811 2196 1814 2205 ¹

945 2263 1038 2299 Dnon
1062 2255 1242 2287 meminimus,
1274 2254 1325 2281 nisi
1346 2254 1417 2288 quod
1442 2253 1487 2280 lib.
1513 2260 1559 2280 xttt
1579 2251 1772 2287 Etymotogiar.

985 2291 1067 2323 idem,
1082 2290 1160 2326 maci,
1177 2290 1252 2324 quasi
1267 2289 1399 2324 qelaciem,
1422 2293 1467 2315 aut
1486 2288 1638 2322 minantem,
1660 2288 1709 2313 boc
1720 2290 1772 2319 cst,

984 2326 1095 2361 aetatum
1119 2331 1214 2359 aquam
1225 2324 1323 2350 dictam
1340 2323 1434 2350 voluit.
1457 2322 1535 2354 Quid.
1564 2321 1588 2349 si
1611 2322 1774 2356 qalatt‘oeaex

984 2368 1037 2395 quo
1050 2368 1102 2387 vox
1126 2363 1216 2386 nostra
1238 2358 1300 2394 qaia
1321 2357 1423 2385 abscisa
1447 2358 1501 2384 sit?
1526 2356 1672 2383 Videndum
1693 2357 1774 2383 etiam

983 2395 1045 2429 quid
1058 2395 1093 2440 ε’ὶι
1110 2395 1135 2422 in
1159 2394 1240 2429 gloss.
1257 2393 1376 2420 Callatioe
1395 2392 1516 2424 ἀναιδεῖς,
1532 2393 1648 2430 αἰσχρὸς
1663 2392 1715 2420 ἀπὸ
1730 2391 1774 2419 τοὺ

982 2429 1026 2468 δερ
1035 2429 1342 2498 ὀῗᾶἵεσῦθένζρΐέιιῗᾷἰη
1356 2463 1505 2503 comparati.
1518 2462 1603 2490 Aasv.

1016 2499 1081 2527 Cn.
1102 2507 1155 2532 ut.
1176 2498 1209 2526 N.
1225 2499 1251 2526 Ι.
1265 2497 1390 2533 Gregor„
1406 2499 1452 2525 lib.
1470 2505 1517 2525 vut
1533 2498 1638 2532 Moral..
1652 2504 1712 2532 cap.
1726 2496 1771 2524 ¹2.

980 2536 1155 2605 ιοέἷςῗὶιες..
1167 2570 1215 2597 ub.
1228 2576 1238 2597 ι
1251 2569 1278 2596 in
1292 2569 1402 2601 Ezeen..
1417 2569 1511 2596 nomn.
1529 2568 1572 2596 to.
1583 2568 1693 2596 Lausi.

1015 2605 1084 2633 thia.
1106 2606 1224 2640 Lanatam
1236 2609 1282 2632 ut.
1305 2604 1452 2640 Canqrmmt
1466 2609 1504 2631 ent
1523 2603 1600 2631 Goth.
1624 2604 1777 2637 Toletano&

981 2641 1129 2669 Sal-natine
1143 2647 1208 2667 vero
1221 2641 1319 2667 desunt
1332 2645 1452 2667 extrema
1463 2639 1522 2667 haee
1537 2639 1609 2667 lolia.
1624 2638 1732 2666 bonu.

1016 2677 1044 2705 5.
1065 2676 1107 2704 Ad
1121 2677 1232 2703 verbum
1246 2683 1280 2703 ex
1294 2675 1420 2710 Gregor„
1435 2675 1481 2702 lib.
1496 2681 1556 2708 vm,
1567 2682 1594 2702 c.
1608 2673 1654 2707 ss,
1674 2672 1769 2701 ΙΙοι-ιΙ.

982 2712 1186 2782 Logfsfiregor„
1198 2746 1244 2774 lib.
1260 2754 1287 2774 xr
1300 2745 1405 2779 Horat„
1417 2753 1478 2782 etp.
1491 2745 1538 2774 27.
1553 2745 1675 2783 nonu,
1703 2779 1711 2786 Ι
1723 2749 1735 2770 t.
1764 2731 1772 2746 ⁶

1017 2784 1083 2812 Cn.
1103 2790 1169 2810 ult.
1190 2781 1222 2810 tt.
1238 2782 1265 2810 Ι.
1285 2781 1470 2816 Βίιροιίιίωιε.
1494 2781 1550 2812 ΔΙ.,
1569 2780 1611 2808 dis

981 2820 1130 2885 msam.
1145 2852 1284 2880 tta-aaa
1297 2858 1357 2880 m
1366 2852 1459 2880 am
1469 2855 1564 2879 mai.
1576 2822 1743 2879 mhi

1016 2889 1044 2917 t.
1064 2888 1158 2924 areg..
1173 2888 1221 2917 litt.
1237 2887 1332 2917 uorat.
1349 2894 1406 2923 ειν,
1418 2892 1445 2916 a.
1458 2886 1488 2915 δ.
1499 2885 1612 2915 mun.
1655 2895 1659 2906 τ
1691 2896 1694 2899 ·
1708 2896 1718 2906 ¹·
1742 2891 1749 2896 ·
