1832 3016
38 127 149 206 iginus
171 173 295 212 gentibus
310 170 433 202 barbaris
451 168 614 201 decoriatur,
636 167 729 203 sicque
751 169 831 194 tcrrae
847 164 870 194 A

38 223 186 252 conditur:

308 263 423 293 CAPUT
446 261 565 291 Lxxvt.

77 315 139 342 l3l.
166 313 301 342 Matthaeus
315 310 451 344 apostolus
465 313 492 337 et
502 307 676 343 evangelista,
691 307 736 342 qui
752 306 832 334 etiam

40 371 74 391 ex
89 362 159 390 tribu
171 368 217 388 sua
232 357 295 386 Levi
313 357 426 392 sumpsit
438 362 603 391 cognomen,
616 362 648 382 ex
662 353 803 388 publicano
818 360 832 379 a

40 408 149 436 cbristo
163 405 276 436 alectus,
290 410 322 431 ex
339 407 466 437 peccante
477 401 633 429 translatus.
657 399 706 426 llic
717 399 833 434 primum

41 453 147 489 quidem
161 451 187 478 in
202 449 294 477 Judaea
313 447 489 483 evangelizat.
507 447 674 482 postmodum
697 447 723 475 in
748 448 834 477 Mace·

40 499 120 528 dania
135 496 270 532 praedicat,
282 494 428 530 requiescit
441 493 467 520 in
478 493 615 521 montibus
627 492 797 522 Parthorum.

300 551 415 580 CAPUT
443 550 570 578 Lxxvtt.

80 599 138 628 ¹55.
149 599 263 627 lacobus
272 597 387 632 autumi.
397 597 538 632 episcopus
545 597 774 633 ierosolymorum
785 598 835 632 pri·

39 649 296 681 mus‚cognomento
307 644 410 677 Justus‚
420 644 521 672 sororis
533 645 626 672 matris
637 644 742 678 Domini
754 644 833 677 tilius,

41 694 114 722 unde
128 698 156 720 et
168 692 250 719 frater
266 691 372 719 Domini
389 697 510 724 vocatus,
526 690 606 718 homo
621 690 687 718 lucis
701 695 728 718 et
741 698 835 725 opera-

39 740 97 767 rius
109 738 240 770 veritatis,
253 740 387 772 tantaeque
398 737 477 764 etiam
491 736 650 769 sanctitatis,
662 740 691 763 ut
703 736 835 764 fimbriam

41 786 194 815 vestimenti
217 785 276 820 ejus
295 784 419 812 certatim
437 788 567 818 cuperent
586 783 718 819 attingere
733 783 834 818 populi.

79 831 140 859 ¹30.
154 831 211 864 ilic,
226 830 289 858 dum
313 830 339 857 in
361 828 512 857 Jerusalem
529 828 665 857 Christum
681 828 728 856 Dei
740 828 835 856 Filium

42 877 210 912 praedicaret,
220 876 253 903 de
262 876 385 911 temploa
396 875 496 903 Judaeis
506 875 695 910 praecipitatus,
707 875 837 910 lapidibus
857 876 877 906 Β

43 924 212 959 opprimitur,
235 923 323 958 ibique
346 923 420 956 juxta
442 921 570 956 templum
594 921 729 956 humatur.
753 921 838 955 Quem

43 969 178 1004 ⁴losephus
200 973 281 996 tantoe
302 967 453 996 sanctitatis
466 971 494 994 et
509 966 689 995 venerationis
705 966 731 993 in
746 966 838 994 ,ludaea

45 1015 169 1050 perhibet
192 1015 338 1047 exstitirsc,
361 1018 391 1041 ut
411 1017 520 1048 propter
539 1013 600 1047 eius
625 1013 839 1041 interiectionem

44 1058 212 1095 lerosotynia
228 1059 354 1087 credatur
367 1066 428 1086 esse
442 1058 541 1086 diruta.

261 1116 340 1151 108
357 1114 471 1144 CAPUT
492 1114 620 1142 Lxxvttt

83 1162 145 1190 157.
157 1162 239 1189 ludas
249 1161 341 1189 Jacobi
356 1161 440 1189 frater
451 1160 477 1188 in
491 1160 693 1195 Mesopotamia,
706 1165 786 1196 atque
802 1161 843 1188 in·

46 1209 191 1237 terioribus
203 1209 280 1236 Ponti
293 1208 489 1244 evangelizans„
498 1207 569 1236 teras
582 1211 609 1235 et
622 1207 766 1236 indomitas
777 1216 841 1243 gen-

48 1261 101 1289 tes,
113 1256 189 1290 quasi
206 1255 353 1283 belluarum
367 1260 474 1282 naturas
487 1262 538 1281 suo
551 1253 676 1289 dogmate
691 1255 803 1289 mitigat,
815 1259 843 1282 et

48 1302 109 1329 tidei
125 1301 266 1329 dominicae
291 1301 425 1335 subiugat,
452 1300 574 1336 sepultus
589 1305 631 1329 est
645 1305 734 1328 autem
759 1300 840 1337 Bery-

48 1348 96 1375 tho
110 1347 243 1375 Armeuizc
257 1346 333 1374 urbe.

318 1401 432 1430 CAPUT
451 1400 571 1430 Lxxtx.

84 1447 285 1481 aemunitas,
298 1448 333 1476 de
342 1448 508 1483 septuaginta
515 1447 653 1484 discipulis
664 1456 744 1483 unus,
756 1454 783 1478 et
794 1456 843 1484 pro

48 1496 115 1525 luda
129 1495 257 1524 iscarioth
272 1495 412 1523 duodecim
430 1495 500 1524 inter
514 1496 651 1531 apostolos
669 1497 840 1532 subrogatus,

47 1543 148 1572 electus
158 1547 199 1570 est
212 1546 295 1574 sorte.
310 1547 336 1570 et
347 1542 421 1569 solus
434 1542 492 1570 sine
502 1542 672 1578 cognomine.
686 1542 753 1572 Huic
764 1543 843 1572 datur

50 1589 185 1626 Evangelii
202 1588 353 1625 praedicatio
368 1589 392 1616 in
407 1587 509 1615 Judaea.

327 1635 441 1663 CAPUT
456 1634 565 1663 Lxxx.

855 1582 879 1614 C

86 1683 149 1712 159.
157 1682 250 1710 Simon
258 1681 374 1715 zelotes,
384 1681 428 1716 qui
438 1681 511 1716 prius
520 1681 606 1708 dictus
614 1686 655 1709 est
662 1681 840 1717 chananaeus,

49 1731 109 1762 zelo
132 1729 235 1760 Domini
259 1729 375 1762 ferrcus,
398 1735 447 1764 par
466 1728 492 1756 in
518 1733 697 1764 cognomento
713 1729 795 1762 Petri,
817 1734 843 1757 et

50 1779 147 1808 similis
168 1779 195 1806 in
216 1778 328 1812 honore,
349 1778 451 1813 accepit
475 1776 584 1813 AEgypti
606 1777 797 1813 principatum,
817 1783 844 1806 et

52 1830 112 1862 post
140 1825 268 1853 Jacobum
290 1824 394 1852 ¹lustum
416 1823 570 1851 cathedram
603 1825 688 1852 tenuit
707 1824 843 1860 lerosoly-

52 1879 168 1899 morum.
187 1871 249 1898 Post
261 1877 345 1899 annos
360 1874 450 1897 autem
461 1874 567 1898 centum
580 1870 672 1905 viginti
686 1871 783 1899 meruit
794 1871 844 1899 snb

51 1917 168 1952 Trojano
190 1924 237 1952 per
258 1923 365 1944 crucem
387 1916 522 1945 sustinere
541 1917 663 1953 martyrii
677 1919 841 1953 passionem.

53 1963 128 1992 lacet
139 1964 165 1991 iu
181 1962 330 1998 Bosphoro.

90 2011 151 2039 ¹5¹0.
168 2011 196 2039 ln
212 2010 280 2038 Cod.
301 2010 373 2038 Flor.
387 2009 474 2037 saneti
489 2009 569 2037 Marci
585 2011 621 2037 ita
637 2011 779 2039 exhibetur
794 2013 845 2040 hoc

52 2049 130 2082 caput
143 2055 151 2074 ι
166 2046 301 2073 ΜαιιΙιιτιιι
312 2046 339 2072 in
354 2045 461 2072 nebraeo
474 2045 587 2072 donatus
595 2047 755 2081 exprimitur.
771 2047 846 2075 Idem

52 2083 194 2118 appellatur
209 2081 267 2109 Levi
279 2089 310 2108 ex
329 2081 406 2113 tribu,
429 2089 445 2107 a
464 2089 514 2114 qna
530 2086 599 2107 ortus
615 2082 684 2116 1'uit,·
709 2083 735 2108 iu
754 2082 846 2111 Latino

52 2123 136 2145 autem
146 2124 179 2145 ea:
190 2125 264 2151 opere
272 2116 399 2151 publicani
407 2124 496 2142 nomen
503 2117 610 2150 accepit.
617 2117 677 2151 «juia
687 2125 718 2143 ez
729 2119 846 2151 publica..

53 2154 92 2181 ttis
105 2153 153 2187 suit
163 2154 267 2185 electus,
284 2157 307 2179 ee
322 2153 347 2178 t'n
361 2151 504 2186 apostolum
519 2152 670 2183 translatus.
685 2157 738 2180 etc.
758 2155 843 2181 Ansv.

92 2189 152 2216 157.
170 2188 284 2215 Bert'tlto.
301 2187 345 2214 Sic
358 2187 504 2213 Dorotheus
515 2195 522 2218 ;
535 2187 590 2218 alii,
610 2187 707 2214 Nerito.

91 2224 151 2251 159.
183 2224 221 2250 Ex
247 2223 358 2258 adJectis
383 2218 537 2257 llieronymi
560 2222 685 2257 Catalogo
699 2231 712 2250 a
729 2223 842 2258 Gumis,
859 2226 883 2255 1)

55 2266 112 2295 qua·
122 2263 210 2286 tamen
224 2266 275 2286 non
287 2258 348 2285 huic
355 2257 468 2290 Simoni,
481 2257 527 2284 aed
541 2256 658 2284 Simeoni
670 2259 842 2289 conveniunt.

93 2293 161 2322 lota,
176 2294 253 2327 Quod
279 2293 370 2320 Simon
387 2292 529 2327 Apostolus
555 2293 580 2319 iu
602 2293 739 2327 Bosphoro
752 2295 844 2329 jacue-

55 2330 103 2361 rit.
120 2330 249 2357 incertum
273 2328 380 2356 aliunde
403 2333 455 2355 est.
481 2326 546 2354 Eunt
567 2328 593 2355 in
610 2328 726 2364 AEgynto
750 2331 844 2362 praedi-

55 2371 143 2398 casse,
156 2369 184 2392 et
198 2365 223 2392 in
237 2365 344 2392 Perside
360 2363 488 2398 martyrio
499 2369 668 2398 coronatum,
682 2365 844 2393 certioribus

56 2399 224 2427 documentis
236 2404 351 2427 constat.
370 2400 453 2426 esav.

94 2434 155 2461 110.
181 2435 219 2462 De
242 2434 407 2470 septuaginta
432 2433 580 2466 discipulis.
605 2438 652 2461 aut
678 2436 845 2471 septuaginta

57 2469 162 2496 duobus
181 2470 286 2504 scripsit
310 2470 460 2496 Dorotheus
482 2469 504 2496 T
525 2470 594 2500 rius.
620 2470 665 2505 qui
689 2471 844 2505 singillatim

57 2512 103 2532 eos
132 2509 263 2532 recenset.
290 2504 371 2532 David
401 2504 501 2532 Blonde
514 2507 555 2532 tus
585 2510 663 2532 notas
687 2506 797 2541 adjecit,
819 2512 847 2535 et

57 2539 203 2568 crassiores
217 2538 343 2566 Dorothei
355 2547 447 2567 naevos
459 2539 569 2568 iudicat.
585 2540 671 2568 Auev.

94 2574 157 2602 lu.
172 2573 322 2601 Dorotheus
341 2581 480 2609 perperam
504 2575 600 2604 asserit
619 2576 717 2604 Lucam
747 2577 846 2611 Ephesi

57 2610 167 2638 obiisse.
196 2608 411 2648 Nonnulli-apud
433 2609 524 2637 Patras
552 2611 661 2639 Achaiae
689 2612 845 2640 defunctum

59 2645 176 2676 tradunt,
193 2643 237 2670 ahi
251 2643 351 2670 Thebis
364 2643 495 2672 Achaicis.
508 2645 562 2673 Sed
577 2647 664 2674 verior
681 2651 725 2675 est
737 2653 847 2675 senten·

58 2681 96 2710 tia
116 2679 218 2708 isidori.
233 2678 405 2712 Evangelio-n
419 2679 504 2706 saneti
519 2679 597 2708 Lucae
612 2681 707 2709 Graeco
720 2690 846 2711 sertuone

61 2717 190 2751 scriptum
206 2721 276 2747 esse,
292 2714 329 2740 uti
343 2713 483 2748 &trigetio
497 2714 582 2742 saneti
592 2715 703 2745 haurris
716 2723 743 2745 et
754 2716 845 2752 Marci,

58 2750 208 2779 communis
220 2754 262 2776 est
276 2749 377 2784 opinio,
389 2755 470 2784 quam
482 2749 600 2778 isidorus
610 2758 718 2786 quoque
730 2757 803 2780 tenet
817 2753 844 2781 in

59 2786 254 2816 Piooetuiorum
269 2785 346 2816 libro.
367 2791 441 2811 nuru.
464 2782 511 2816 91.
524 2783 569 2812 ubi
579 2785 706 2821 qua-datu
720 2793 845 2816 annotati

40 2831 45 2835 ⁴
58 2825 122 2851 §unt
132 2821 239 2849 iuliane
250 2819 421 2848 seutentiam.
438 2819 523 2847 Atrev.

47 2864 56 2878 τ
94 2857 164 2886 thid.
189 2856 256 2884 ossa
279 2855 366 2884 sancti
387 2854 467 2884 huet
488 2853 745 2894 ton-tantimopott-
758 2878 766 2894 ‚
790 2865 847 2890 noa

606 119 651 148 ot:
668 117 763 148 ottru
783 115 829 144 Er
848 113 951 143 ont‘ru
973 111 1115 143 PATttUtt

1156 158 1270 188 CAPUT
1293 158 1412 188 Lxxm.
1624 112 1678 144 ‚M

885 260 912 283 et
920 255 1045 283 doctores
1056 254 1186 290 gentium,
1194 254 1240 288 qui
1251 261 1312 281 cum
1321 261 1414 282 omnes
1421 261 1503 282 unum
1510 253 1574 287 sint,
1582 253 1682 289 singuli

886 306 975 329 tamen
999 308 1094 329 eorum
1114 300 1231 336 propriis
1244 300 1378 335 certisque
1394 300 1459 327 locis
1479 300 1506 328 in
1528 301 1629 329 inundo
1649 300 1683 330 ad

885 347 1086 383 praedicandum
1102 351 1189 375 sortes
1204 346 1327 382 proprias
1341 350 1514 379 acceperunt.

921 393 983 421 14¹.
1011 394 1107 421 Petrus
1134 400 1248 426 namque
1271 392 1385 420 Romam
1412 392 1531 427 accepit,
1560 394 1684 422 Andreas

885 440 1025 472 Achaiam,
1033 438 1149 466 lacobus
1157 437 1322 472 Hispaniam,
1332 438 1448 466 loannes
1453 438 1558 473 Asiam,
1565 439 1683 469 Thomas

886 489 998 522 ludiain,
1010 487 1147 515 olattbaeus
1162 485 1359 519 Macedoniam.
1379 486 1459 521 187
1471 485 1609 521 Philippus
1620 487 1685 515 Gal-

886 537 948 564 liam
958 556 965 569 ,
992 535 1203 564 Bartholomaens
1236 534 1398 570 Lycaoniam
1411 555 1419 567 ,
1453 533 1546 562 Simon
1576 534 1683 562 Zelotes
1708 535 1710 538 “

887 583 1045 619 AEgypturn.
1064 582 1177 610 ttattiias
1200 581 1331 614 Νώρακι,
1346 581 1463 609 Jacobus
1482 582 1564 610 irater
1578 581 1684 610 Domini

887 628 1093 664 lerosolymam,
1107 627 1190 655 ludas
1211 628 1293 654 frater
1306 626 1398 654 Jacobi
1413 627 1643 662 Mesopotamiam.

927 674 987 703 ¹42.
1003 674 1086 701 Paulo
1101 678 1190 701 autem
1211 681 1272 701 cum
1283 673 1389 700 crateris
1400 673 1530 707 apostolis
1542 673 1614 701 nulla
1625 681 1685 702 sors

890 721 1001 755 propria
1017 720 1141 753 traditur,
1161 720 1222 755 quia
1233 719 1359 747 omnibus
1373 719 1496 754 gentibus
1519 719 1646 755 magister
1659 724 1687 748 et

890 767 1051 801 praedicator
1065 766 1181 801 eligitur.
1206 765 1273 792 Nam
1290 766 1359 792 sicut
1373 765 1453 792 Petro
1470 770 1498 792 et
1511 765 1621 801 reliquls
1633 766 1686 794 cir-

890 812 1066 839 cumcisionis
1081 817 1122 838 est
1134 811 1300 846 apostolatus
1315 811 1404 844 datus,
1418 811 1455 838 ita
1466 811 1548 839 Paulo
1563 812 1687 847 praeputii

890 858 1064 892 ingentibus.
1089 858 1137 885 llic
1159 863 1248 885 autem
1271 862 1376 894 septem
1401 857 1529 886 Ecclesiis
1555 863 1581 886 et
1601 858 1686 888 tribus

891 904 1055 939 evangelizat
1070 903 1221 939 discipulis.

956 979 961 983 ,
1150 950 1264 979 CAPUT
1294 950 1427 979 Lxxxll.

929 995 991 1024 ¹45.
1003 995 1088 1023 Lucas
1101 996 1297 1032 Antiochenus,
1309 996 1487 1032 evangelista,
1497 997 1689 1032 etapostottcae

892 1043 1062 1078 conscriptor
1083 1043 1216 1076 ltistotizr,
1232 1044 1342 1071 natione
1362 1044 1457 1080 Syrus,
1479 1048 1537 1072 arte
1557 1044 1690 1079 medicus,

893 1089 987 1117 Gra-co
998 1089 1106 1124 eloquio
1120 1090 1254 1124 eruditus,
1267 1098 1347 1125 quem
1368 1090 1489 1125 plerique
1504 1091 1612 1118 tradunt
1625 1099 1690 1126 pro-

893 1134 1009 1169 selytum
1032 1133 1123 1166 tuisse,
1141 1139 1167 1162 et
1192 1134 1318 1162 llebraeas
1343 1135 1446 1163 litteras
1470 1135 1618 1170 ignorasse.
1642 1136 1691 1165 iiic

894 1184 984 1207 tamen
1000 1179 1049 1207 tuit
1064 1180 1138 1207 Pauli
1154 1179 1300 1216 discipulus
1326 1184 1353 1208 et
1367 1180 1520 1209 individuus
1534 1188 1626 1209 comes
1641 1189 1689 1217 pe-

894 1226 1085 1261 regrinationis
1099 1226 1170 1262 ejus.

931 1273 994 1301 ¹4⁴.
1010 1274 1114 1308 Quique
1128 1273 1162 1300 ab
1179 1273 1287 1301 ineunte
1302 1273 1414 1308 pueritia
1436 1273 1603 1302 castissimus
1628 1274 1688 1309 fuit,

894 1325 922 1348 et
946 1320 1108 1355 evangeticae
1129 1319 1327 1354 praedicationis
1360 1327 1428 1355 opus
1460 1321 1589 1348 exercuit.
1620 1321 1691 1350 Obiit

894 1366 1092 1400 septuagesimo
1106 1370 1201 1400 quarto
1216 1367 1277 1394 v'tae
1292 1374 1348 1394 susi
1363 1374 1443 1394 anno.
1461 1366 1587 1400 Sepultus
1602 1367 1627 1395 in
1643 1368 1690 1395 Bi·

895 1412 998 1448 thynia,
1013 1412 1090 1446 cujus
1102 1411 1210 1447 quidem
1225 1419 1286 1440 ossa
1297 1416 1427 1448 regnante
1435 1412 1609 1442 Constantino
1618 1412 1690 1450 Con:

894 1458 1100 1494 stantinopolim
1115 1458 1222 1486 [uerunt
1238 1459 1374 1487 translata.

1154 1503 1268 1532 CAPUT
1289 1505 1433 1533 Lxxxttt.

931 1550 993 1579 ¹45.
1006 1550 1109 1579 Marcus
1118 1551 1289 1586 evangelista,
1299 1551 1368 1579 Petri
1377 1551 1444 1579 disci
1448 1551 1535 1586 polus,
1546 1553 1656 1589 eiusque
1664 1554 1692 1582 in

894 1598 1137 1633 baptismate188
1144 1597 1312 1632 lilius-Cujus
1319 1599 1426 1634 quidem
1438 1599 1612 1635 Evangeliutn
1626 1609 1694 1628 non-

895 1645 960 1673 nulli
971 1652 985 1672 a
1000 1645 1080 1672 Petro
1090 1644 1181 1671 liomze
1195 1644 1322 1672 dictatum
1333 1644 1503 1678 terune-llic,
1516 1654 1549 1674 ne
1558 1649 1590 1674 ad
1604 1654 1693 1675 sacer-

894 1691 997 1719 dotium
1010 1695 1226 1726 promoveretur,
1237 1691 1385 1719 abscidisse
1395 1692 1445 1719 sibi
1458 1692 1581 1727 pollicem
1594 1694 1694 1722 fertur.

932 1737 994 1765 146.
1011 1737 1116 1764 Primus
1138 1741 1226 1765 autem
1246 1737 1417 1766 Alexandriae
1430 1739 1585 1767 cathedram
1598 1741 1691 1774 tenuit.

896 1784 1050 1820 primusque
1079 1782 1216 1811 Ecclesias
1241 1782 1429 1818 :Egyptiorum
1457 1785 1586 1819 tundant,
1614 1787 1694 1814 tantis

896 1830 1028 1858 doctrinm
1043 1833 1070 1856 et
1085 1828 1256 1856 continentiae
1277 1829 1420 1856 virtutibus
1435 1830 1545 1863 florens,
1561 1836 1588 1858 ut
1599 1839 1693 1860 omues

895 1876 1017 1910 discipuli
1030 1875 1129 1903 Christi
1143 1875 1200 1910 ejus
1223 1875 1399 1903 imitationem
1418 1883 1605 1912 sequerentur.
1623 1879 1693 1906 itui·-

895 1927 956 1951 tuus
968 1926 1009 1949 est
1025 1925 1119 1948 octavo
1141 1921 1254 1950 Neronis
1274 1928 1343 1949 anno
1358 1921 1385 1949 in
1400 1922 1572 1957 Alexandria,
1589 1923 1694 1959 placida

896 1969 985 2002 quiete
999 1967 1131 2000 sepultus.

898 2013 1093 2046 Constantino.
1119 2013 1166 2040 scd
1190 2014 1347 2041 constantin
1369 2014 1547 2049 imperatore,
1566 2016 1693 2044 translata

899 2050 980 2076 tuisse
995 2070 1002 2082 ,
1032 2048 1177 2076 multorum
1202 2054 1243 2076 est
1265 2049 1365 2084 opinio.
1391 2049 1493 2083 Quibus
1515 2050 1694 2080 fundamentis

899 2089 1010 2119 utraque
1021 2085 1153 2111 sententia
1171 2085 1315 2118 innitatur,
1340 2084 1426 2112 videri
1449 2089 1537 2119 potest
1550 2088 1576 2114 in
1597 2087 1694 2114 Biblio-

899 2121 973 2147 theca
985 2119 1167 2147 ecclesiastica
1182 2119 1295 2147 Fabricii
1311 2119 1343 2146 ad
1359 2125 1439 2154 caput
1454 2122 1540 2149 sancti
1558 2122 1691 2158 {lierony-

899 2155 934 2182 mi
960 2155 994 2181 de
1017 2160 1109 2182 sancto
1134 2154 1203 2182 Luca
1216 2176 1223 2188 ,
1252 2156 1321 2188 apud
1349 2163 1428 2190 quem
1459 2156 1578 2192 plerique
1602 2158 1694 2192 legunt

898 2189 1065 2222 Constantio,
1089 2189 1133 2217 atii
1156 2195 1288 2223 reponunt
1309 2190 1486 2218 Lottstatttt'no.
1514 2192 1541 2220 ln
1569 2193 1694 2221 Etlttione

899 2226 977 2260 huJ'us
990 2226 1049 2252 libri
1065 2225 1151 2252 sancti
1178 2225 1284 2258 isidori,
1306 2225 1340 2252 de
1355 2232 1415 2253 ortu
1437 2232 1463 2254 et
1478 2227 1551 2255 obitu
1572 2228 1691 2262 Patroni,

896 2268 976 2295 quam
998 2260 1136 2287 Fabricius
1159 2268 1219 2288 cum
1235 2261 1295 2288 aliis
1316 2261 1435 2295 ejusdcm
1452 2262 1599 2297 argumenti
1613 2264 1692 2290 ador-

897 2296 978 2328 navit,
995 2301 1103 2323 notatur
1117 2300 1238 2323 sanctum
1251 2296 1442 2332 llierouymurr.
1454 2297 1479 2324 iu
1496 2298 1598 2332 prxet'at.
1612 2306 1692 2331 super

897 2331 996 2358 Lucam
1019 2332 1157 2365 assignare
1171 2339 1278 2366 quoque
1291 2332 1394 2358 obitum
1411 2334 1497 2362 sancti
1520 2333 1597 2359 Lucae
1622 2342 1692 2362 atino

896 2366 941 2400 74,
958 2367 1016 2398 sed,
1033 2367 1059 2393 in
1079 2367 1203 2402 catalogo
1228 2367 1394 2401 Scriptorum
1410 2367 1576 2398 ecclesiast..
1602 2369 1692 2397 «licere

897 2409 957 2429 eum
973 2409 1058 2428 anuos
1070 2401 1171 2428 vixisse
1185 2410 1286 2429 cxxxiv
1301 2402 1360 2429 sine
1373 2409 1472 2434 uxore;
1486 2403 1614 2430 credihiie
1630 2412 1693 2431 vero

898 2445 958 2464 esse
972 2437 1030 2463 haec
1041 2436 1123 2463 vei-ba
1135 2437 1225 2463 addita
1242 2437 1336 2468 fui-se,
1360 2444 1420 2463 rum
1444 2436 1469 2463 in
1485 2438 1600 2471 antiquis
1614 2439 1693 2466 Codi-

899 2473 975 2499 cibus
998 2479 1051 2498 non
1066 2471 1232 2504 habeantur;
1253 2471 1375 2498 Glossam
1398 2471 1561 2500 ordinariam
1586 2474 1648 2500 vitio
1666 2475 1694 2502 ti·

899 2507 1051 2534 brariorum
1067 2505 1198 2534 accidisse
1211 2506 1376 2533 existimare.
1392 2506 1478 2534 Anav.

936 2541 997 2569 1⁴5.
1012 2541 1038 2568 ln
1055 2541 1179 2568 Editione
1200 2541 1305 2568 laudata
1322 2541 1434 2568 Fabricii
1455 2541 1514 2569 ltaec
1528 2547 1570 2570 est
1584 2549 1644 2571 nota
1659 2545 1693 2572 ad

899 2578 1010 2605 verbum
1026 2575 1179 2610 abscidisse,
1200 2580 1252 2604 etc.
1268 2585 1278 2601 ι
1296 2576 1361 2603 uisi.
1377 2577 1412 2603 5⁵
1426 2585 1434 2602 τ
1449 2576 1475 2604 Si
1491 2577 1551 2611 quis
1570 2579 1692 2612 abscidit,

899 2614 927 2640 in
941 2612 1029 2646 glossa
1049 2619 1128 2646 super
1148 2612 1224 2639 verb.
1245 2611 1367 2639 clericus.
1392 2611 1426 2638 Et
1440 2611 1552 2639 hahetur
1570 2613 1650 2641 etiam
1667 2615 1692 2643 in

900 2651 1012 2683 protogo
1025 2646 1160 2681 Evangelii
1176 2647 1259 2682 ipsius
1270 2648 1355 2674 sancti
1369 2646 1462 2674 Marci.
1475 2647 1528 2675 Sed
1543 2648 1593 2676 hoc
1603 2651 1694 2681 cujus-

899 2684 961 2710 dam
990 2681 1069 2709 Marci
1094 2682 1265 2710 anachoretae
1288 2682 1387 2709 factum
1413 2682 1479 2709 falso
1503 2683 1583 2711 tribui
1604 2684 1693 2712 Marco

899 2718 1072 2752 evangelistae
1082 2717 1161 2744 docet
1172 2717 1312 2748 nai-ouius,
1331 2722 1396 2744 tom.
1412 2717 1421 2744 l
1440 2718 1549 2752 Annei..
1563 2720 1613 2748 sub
1627 2727 1692 2750 ann.

899 2753 999 2781 christi
1011 2751 1057 2785 45,
1072 2759 1146 2780 num.
1159 2759 1243 2787 marg.
1256 2751 1301 2780 to.
1323 2761 1333 2778 i
1351 2753 1436 2780 Anu.

935 2786 997 2816 tto.
1011 2787 1050 2815 De
1066 2787 1244 2815 translatione
1257 2787 1378 2822 corporis
1399 2789 1484 2818 sancti
1508 2790 1588 2820 unici
1601 2791 1691 2820 Vene-

898 2824 950 2852 tias
973 2822 1119 2854 videndus.
1142 2827 1239 2858 prater
1259 2823 1344 2856 alios.
1373 2822 1518 2856 flaminius
1530 2827 1692 2867 cornelius,

899 2863 966 2894 tom.
984 2858 1042 2887 xiil
1057 2858 1204 2889 Ecclenlar.
1221 2858 1346 2888 Variatur.
1360 2860 1445 2890 Anu.
