1832 3016
137 126 172 156 53
646 118 675 145 s.
695 115 822 146 ismom
842 116 1064 146 utsrutuusts
1084 106 1237 145 episcopi

1722 110 1823 145 583⁷

137 183 207 220 quod
221 181 330 218 petitur.
351 179 421 214 Ergo
443 175 622 212 promittimus
642 176 737 210 rogati,
762 174 919 209 pollicemur
930 176 958 206 Α
970 174 1107 209 populum,
1121 174 1200 201 unius
1212 172 1407 200 multitudinem
1428 171 1545 199 civitatis
1570 171 1762 208 intelligimus..

137 231 217 258 ultro.
250 228 316 256 Item
356 225 513 260 pollicemur
549 223 700 258 scriptura,
741 221 920 256 promittimus

137 275 231 303 verbo.

171 321 233 347 440.
248 318 318 346 Inter
331 316 475 352 Properare
486 319 513 343 et
526 315 654 349 festinare.
677 314 781 341 Marcus
801 313 866 340 Cato
881 314 921 341 sic

102 355 107 361 ⁴
134 365 272 399 distinguit
287 362 380 390 dicens
397 371 405 390 ε
421 362 471 395 Qui
484 361 690 396 unumquodque
705 365 809 388 mature
824 360 920 387 transi-

133 410 181 443 git,
198 410 220 436 is
236 413 372 444 properat.
387 408 436 440 Qui
450 408 530 434 multa
544 407 623 434 simul
640 407 740 440 incipit,
757 413 843 440 neque
860 414 920 440 per-

135 453 207 485 ficit,
231 453 254 480 is
270 453 386 479 festinat.
413 451 468 486 Ego
493 450 697 485 unumquodque
720 450 790 484 quod
811 450 919 478 adortus

132 505 206 526 eram
219 497 397 532 transigebam
410 501 433 523 ⁰.

170 543 233 570 441.
251 543 321 570 luter
345 542 461 568 Primum
476 546 503 569 et
517 541 639 576 priorem.
655 541 760 568 Primus
783 548 798 568 e
818 541 919 574 multis,

138 589 212 624 prior
223 596 238 616 e
251 589 365 622 duobus,
380 588 520 622 primarius
535 595 549 613 a
563 587 702 622 dignitate.

177 635 241 662 442.
258 635 327 662 {nter
341 635 434 662 Plures
449 640 476 661 et
490 635 580 669 pluris.
607 634 692 662 Pluris
714 638 755 661 est
775 634 844 668 qnod
865 641 920 660 ma-

138 681 191 715 jori
219 689 321 708 summa
349 682 469 713 laxatur,
499 681 588 715 plures
612 688 677 708 vero
700 681 733 707 de
754 680 921 708 multitudine

135 727 277 754 scribimus
291 727 356 762 [At.
373 725 518 761 scribitur].

171 773 319 800 445.lnter
340 772 431 799 Petivit
450 778 477 800 et
491 773 618 807 expetivit.
642 772 739 799 Petivit
759 779 807 806 pro
829 779 921 806 parum

137 818 184 854 [F.
199 819 261 845 add.
284 819 386 853 petivit]
402 819 519 852 ponitur,
534 819 661 852 expetivit
676 826 724 852 pro
739 819 804 845 satis
819 819 919 853 petivit.

137 864 168 891 Et
188 864 369 891 inimicissime
386 872 417 891 ac
430 864 601 892 veliementer
614 864 723 892 adnisus
734 870 784 892 est.
797 865 837 892 Ex
849 866 920 892 enim
936 863 960 893 B

137 917 185 943 pro
199 909 275 936 valde
289 910 404 943 ponitur.

173 955 235 982 444.
260 956 331 982 luter
348 955 443 990 Pyram
454 961 481 982 et
491 964 581 991 roqum
593 963 602 982 .-
614 955 681 990 Pyra
696 959 737 982 est
759 957 923 983 constructio

135 1001 275 1036 lignorum.
294 1006 434 1036 antequam
465 1002 532 1036 ignis
557 1002 680 1028 admotus
695 1007 746 1029 est.
770 1003 858 1037 Rogus
883 1008 924 1030 est

137 1047 199 1074 dum
215 1047 299 1074 ardet.
317 1048 426 1074 Bustum
442 1054 506 1074 vero
521 1052 692 1082 posteaquam
709 1048 784 1074 arsit.

172 1092 235 1118 445.
261 1091 331 1118 luter
352 1092 455 1118 Plebem
477 1097 502 1117 et
525 1092 660 1125 poputum.
687 1092 765 1119 Plebs
789 1100 803 1118 a
827 1093 923 1126 populo

135 1143 167 1164 eo
181 1136 271 1169 distat,
289 1136 357 1170 quod
372 1137 485 1171 populus
508 1141 548 1163 est
570 1137 702 1172 generalis
716 1138 874 1164 universitas
887 1138 924 1164 ci-

135 1182 208 1208 vium
224 1189 284 1209 cum
307 1183 471 1215 senioribus,
497 1182 571 1217 plebs
593 1187 681 1210 autem
696 1191 757 1218 pars
776 1183 882 1210 hmuilis
897 1188 925 1210 et

136 1227 250 1261 abjecta.

174 1272 239 1301 446.
267 1273 338 1301 Inter
354 1273 505 1308 Pauperiem
529 1278 555 1300 et
576 1279 765 1310 paupertatem,
781 1275 925 1310 Pauperies

136 1317 259 1344 damnum
273 1323 323 1351 est,
342 1323 482 1352 paupertas
495 1319 551 1352 ipsa
567 1320 694 1346 conditio.

171 1363 233 1390 447.
258 1364 328 1390 lnter
343 1363 489 1390 Proclivum
512 1369 538 1391 et
562 1364 699 1391 declivum.
723 1364 859 1392 Proclivus
885 1370 926 1392 est

140 1415 284 1441 ascensus;
302 1409 428 1439 declivus.
447 1410 593 1437 descensus
608 1410 704 1437 facilis.

174 1453 237 1480 448.
259 1453 330 1480 luter
344 1454 502 1488 Puerperant
524 1460 550 1481 et
573 1457 694 1490 pitellam.
716 1456 835 1484 Puellam
850 1457 926 1484 inve-

137 1503 203 1526 stem
217 1499 269 1526 diei
279 1499 332 1534 58
343 1504 369 1526 et
381 1504 458 1527 aetate
471 1501 619 1534 parvulam,
631 1502 705 1536 quasi
717 1503 815 1536 pullam
827 1512 832 1535 ;
847 1511 923 1537 puer-

1007 218 1070 247 451.
1095 219 1166 246 luter
1194 218 1347 252 Pontificem
1375 221 1402 245 et
1415 222 1516 245 uatem.
1547 217 1670 246 Pontifex
1698 223 1768 255 tan-,

971 269 1026 292 tum
1048 273 1181 292 summum
1208 264 1374 292 sacerdotem
1406 265 1549 299 significat,
1576 269 1650 292 vates
1673 264 1761 294 autem

971 309 1046 344 plura
1057 310 1198 344 significat,
1211 314 1257 337 aut
1278 310 1441 344 sacerdotes,
1458 313 1504 337 aut
1519 314 1622 345 poetas,
1637 314 1683 338 aut
1694 310 1765 346 pro--

972 355 1076 389 phetas.
1594 374 1597 375 ⁷
1721 367 1726 372 ·

1006 400 1069 427 452.
1084 400 1156 428 Inter
1170 400 1315 436 Prolaqum
1327 406 1355 429 et
1373 402 1496 429 exsulem.
1518 402 1649 438 Prologus
1667 403 1765 431 volun·

973 449 1038 477 tate.
1054 447 1130 474 exsul
1144 447 1316 474 necessitate.
1576 461 1577 464 =
1626 470 1628 472 ,
1757 447 1763 453 ’

1006 492 1067 519 455.
1081 493 1150 520 inter
1172 493 1291 520 Patrium
1300 497 1326 521 et
1335 498 1480 528 paternum.
1491 494 1634 524 Paternum
1644 500 1684 524 est
1695 497 1766 531 quod

971 538 1054 572 patris
1067 536 1127 571 suit,
1141 542 1168 564 ut
1191 537 1288 565 fundus
1313 543 1449 572 paternos.
1467 538 1676 568 Patriusdicitur
1697 538 1766 576 patri

971 584 1064 611 similis
1071 583 1123 619 [At.
1132 583 1197 617 patri
1205 583 1324 619 affectus]
1331 606 1338 617 ,
1346 589 1373 612 ut
1380 585 1479 618 patrius
1486 585 1589 613 animus
1597 583 1766 623 [At.,'amor.]

1008 630 1069 658 454.
1098 631 1167 658 inter
1193 630 1319 666 Proprius
1346 636 1372 658 et
1395 634 1499 666 propius
1524 630 1591 668 [ΑΜ
1613 633 1767 670 ρνορνίιιηιῙ.

972 675 1100 709 Proprius
1112 680 1153 702 est
1168 683 1277 710 nomen,
1289 678 1397 710 propius
1409 684 1473 704 vero
1486 677 1560 711 juxta
1572 685 1626 706 me.
1761 686 1763 690 ’

1007 721 1069 748 455.
1083 721 1154 748 lnter
1170 721 1351 757 Proeqnantem
1363 727 1389 750 et
1400 724 1533 757 qravidam
1543 723 1600 751 haee
1614 724 1767 754 differentia

973 771 1028 794 est:
1038 772 1218 802 praegnantem
1230 775 1289 795 esse
1300 776 1358 803 quae
1374 770 1496 804 concepit
1506 778 1513 802 ;
1522 770 1670 804 gravidam,
1686 772 1766 806 quam'

974 813 1041 840 uteri
1055 814 1173 849 gravedo
1188 815 1338 848 proximam
1354 817 1438 849 partui
1454 817 1581 844 ostendit.
1764 824 1766 829 ·

1007 858 1070 885 456.
1087 859 1157 886 lnter
1184 859 1296 894 Piqnera
1318 864 1345 886 et
1369 861 1487 895 pignora.
1509 861 1620 896 Pignera
1640 866 1703 890 sunt
1726 870 1769 891 re-

974 911 1045 936 rum,
1062 903 1171 938 pignora
1186 904 1300 931 liliorum
1316 910 1342 932 et
1358 906 1509 933 affectuum.

1009 950 1072 976 4237.
1098 950 1168 977 lnter
1197 950 1348 978 Portentum
1378 956 1405 979 et
1434 959 1585 980 monstrum.
1614 954 1770 983 Portentum

975 996 1094 1030 estquod
1105 996 1157 1031 59
1166 1004 1197 1023 ex
1207 996 1299 1025 formis
1310 998 1422 1025 diversis
1431 1001 1597 1034 proponitur,
1606 1004 1768 1036 monstrum,

975 1042 1045 1076 quod
1061 1047 1134 1068 extra
1155 1046 1277 1069 naturam
1293 1044 1419 1077 nascitur,
1434 1045 1476 1072 vel
1503 1046 1581 1072 nimis
1596 1047 1705 1081 grande,
1724 1048 1769 1075 vel

975 1087 1055 1112 nimis
1070 1087 1160 1113 breve.
1765 1092 1767 1095 “

1011 1132 1073 1158 458.
1089 1131 1159 1159 Inter
1175 1132 1326 1160 Portentum
1347 1138 1374 1161 et
1401 1139 1585 1169 portentosum.
1613 1137 1770 1166 Portentum

975 1177 1071 1204 dicitur
1091 1178 1159 1211 quod
1179 1186 1212 1205 ex
1227 1180 1298 1206 omni
1312 1185 1388 1213 parte
1411 1185 1512 1208 naturae
1531 1176 1704 1211 mutationem
1720 1191 1768 1211 su-

976 1230 1051 1250 mens
1061 1223 1158 1258 aliquid
1172 1225 1329 1258 portendere
1341 1225 1456 1253 futurum
1468 1227 1583 1261 videtur,
1598 1230 1668 1256 sicut
1680 1229 1771 1265 biceps

976 1274 1054 1302 caput
1069 1270 1095 1297 in
1111 1277 1210 1304 corpus
1227 1279 1320 1304 unum,
1337 1272 1379 1298 vel
1403 1273 1472 1300 sieut
1496 1274 1522 1300 in
1537 1273 1633 1302 Xerxis
1650 1277 1721 1311 regia
1735 1284 1769 1304 ex

975 1322 1042 1349 equa
1057 1315 1164 1349 vulpem
1181 1315 1270 1343 serunt
1290 1321 1408 1344 creatam
1425 1318 1599 1355 (Herodian.)
1613 1329 1620 1353 ;
1636 1329 1682 1355 per
1695 1323 1767 1357 qttod

976 1360 1036 1394 eius
1049 1360 1116 1386 solvi
1129 1368 1240 1395 regnum
1257 1366 1393 1398 ostensum
1407 1368 1458 1390 est.
1473 1364 1540 1391 Nam
1556 1370 1708 1399 portentosa
1731 1368 1771 1395 di-

977 1410 1073 1433 cuntur
1086 1415 1146 1441 quae
1159 1415 1193 1434 ex
1220 1412 1295 1442 parte
1309 1410 1430 1443 corporis
1459 1415 1567 1438 sumunt
1593 1413 1767 1441 mutationem

978 1453 1042 1489 [At.‚
1060 1456 1247 1492 notationem];
1264 1461 1302 1489 ut,
1315 1457 1429 1491 exempli
1445 1465 1535 1491 cansa,
1551 1465 1610 1486 cum
1623 1467 1669 1486 sex
1685 1460 1771 1494 digitis

978 1501 1044 1533 nati,
1057 1501 1113 1528 sive
1123 1510 1183 1529 cum
1197 1503 1286 1537 aliqua
1299 1503 1427 1538 pravitate
1442 1503 1505 1539 [F.,
1517 1506 1667 1542 parvitate]
1681 1515 1768 1535 mem-

136 1552 227 1579 peram
239 1553 312 1577 vero,
328 1553 387 1580 quae
399 1546 511 1580 primum
524 1555 634 1581 puerum
645 1549 722 1575 enixa
736 1553 787 1580 est,
799 1553 825 1575 et
840 1550 865 1576 in
877 1557 924 1576 an·
940 1547 962 1578 C
978 1546 1095 1574 brorum.

137 1589 179 1617 nis
204 1591 349 1624 puerilibus
374 1593 452 1625 parit.
485 1592 559 1620 Unde
587 1597 615 1620 et
641 1593 765 1621 Horatius
780 1594 857 1629 (Lib.
886 1603 922 1630 iv,

137 1635 179 1662 od.
195 1634 225 1669 4)
238 1643 245 1662 2

288 1679 424 1705 Laudantur
435 1681 506 1706 simili
520 1682 587 1712 prole
599 1689 737 1713 puerperae.

171 1719 233 1747 449.
259 1721 328 1747 inter
351 1721 522 1755 Pampineum
551 1729 578 1750 et
604 1725 791 1758 pampinosum.
817 1725 923 1759 Pampi-

137 1771 215 1791 neum
226 1770 267 1792 est
279 1770 361 1793 totum
373 1766 406 1794 (le
418 1768 559 1801 pampinis,
573 1770 758 1803 pampinosum
769 1771 836 1803 (guod
849 1779 923 1805 pam-

138 1810 207 1844 pinis
222 1811 326 1844 plenum
342 1817 392 1839 est.

173 1854 234 1882 450.
252 1856 321 1884 lnter
336 1857 466 1892 Populum
478 1864 505 1886 et
517 1861 633 1895 populos,
648 1869 708 1888 cum
719 1862 789 1889 enim
811 1864 923 1898 populos

139 1907 250 1928 numero
274 1902 367 1936 plurali
388 1904 511 1938 dicimus,
539 1906 619 1933 urbes
645 1907 838 1942 significamus;
863 1916 923 1936 cum

172 1971 207 1977 ——
222 1957 367 1992 Scriptura.
385 1960 438 1991 ΑΙ..
455 1960 553 1988 Minus.
568 1962 598 1988 F.
617 1963 701 1989 minis.

174 1991 244 2019 Ibid.
262 1993 322 2019 ttae
335 1998 376 2020 est
389 1995 471 2028 prima
483 1997 632 2023 differentia
647 2005 705 2031 quae
717 1998 743 2024 in
759 1999 845 2026 altero
855 1999 924 2027 libro

138 2034 191 2086 pon
207 2027 370 2089 akibabetico
392 2031 518 2063 occurrit,
544 2032 648 2059 brevior
667 2037 756 2060 tamen
774 2041 853 2066 quam
873 2036 923 2063 lioc

148 2069 206 2088 oco.
244 2071 303 2089 κεν.

173 2096 235 2123 440.
253 2098 281 2124 ln
301 2099 421 2126 oratione
446 2107 524 2134 quam
540 2101 573 2128 de
588 2103 642 2128 suis
656 2102 799 2130 virtutibus
818 2104 918 2132 liabuit.

137 2130 221 2164 Agell.
238 2132 284 2159 lib.
301 2140 337 2164 vi,
354 2140 414 2164 cap.
429 2135 472 2161 14.
495 2135 576 2168 Non„
599 2137 662 2163 dict.
684 2139 813 2172 festinare.
831 2140 917 2172 Fest.,

138 2165 200 2192 dicta
215 2174 363 2199 properare.
382 2167 413 2196 C.
429 2168 520 2196 Front.
539 2170 590 2203 Qui
610 2178 739 2206 properat,
751 2179 856 2207 apparet

139 2207 192 2226 esse
203 2201 326 2234 defessus,
340 2202 384 2235 qui
395 2203 506 2235 festinat,
522 2205 621 2231 videtur
632 2214 685 2232 esse
701 2208 864 2242 defatiqotus.

174 2248 208 2254 —-
221 2235 435 2272 Unumquodque.
450 2237 507 2271 M„
525 2238 664 2274 Nunquam
687 2242 840 2276 quidquam,
852 2245 920 2279 quod

139 2270 245 2297 adortus
255 2279 335 2304 eram,
351 2273 499 2299 transibam.
511 2273 591 2302 Ortus
603 2275 651 2302 Ms.
666 2276 754 2309 Forte,
771 2285 856 2307 orsus.

175 2304 235 2331 441.
257 2306 294 2332 Ex
307 2306 434 2341 Agraetio.

171 2338 235 2366 442.
250 2341 288 2367 Ex
303 2342 430 2375 Agraetio.

171 2370 258 2408 44511
263 2375 432 2404 ηῦηίεὶιιίηιε.
446 2378 517 2414 Lego
528 2379 681 2414 enixissime,
690 2385 734 2408 aut
742 2382 918 2411 intensissime.

173 2407 236 2436 444.
252 2410 291 2437 E'x
305 2410 392 2444 Serv„
408 2412 441 2439 ad
455 2413 493 2441 ill.
507 2421 526 2441 ιι
538 2414 614 2449 AEn.,
630 2414 787 2444 Constituere
800 2427 887 2453 pyras.

173 2457 209 2463 -—
223 2444 307 2478 Fest„
318 2446 394 2479 dict..
406 2447 516 2475 bustum.
611 2457 613 2459 ’

173 2477 236 2506 445.
255 2479 298 2506 Sic
308 2480 324 2507 9
334 2481 443 2518 Terent.
454 2483 571 2512 Scaurus
580 2485 613 2512 de
621 2484 799 2521 Orthograph.
811 2497 818 2515 2
833 2488 921 2524 Popu-

138 2511 179 2538 tas
193 2519 230 2540 eat
241 2515 268 2541 in
279 2523 330 2550 quo
338 2517 420 2543 omnis
436 2525 495 2551 pars
516 2520 624 2547 civitatis
633 2541 641 2554 ,
658 2528 743 2548 omnen
753 2524 808 2558 eJ’us
819 2523 921 2552 ordines

140 2549 298 2588 continemur
309 2558 320 2576 .·
332 2551 406 2584 plebs
425 2559 458 2579 ea
472 2553 569 2582 dicitur
579 2575 588 2588 ‚
607 2555 634 2583 in
647 2563 698 2590 qua
713 2563 806 2591 gentes
823 2559 927 2587 civium‘

140 2583 316 2614 patrium-non
326 2585 426 2613 insunt.
807 2590 810 2593 ⁴

174 2614 235 2643 446.
250 2617 335 2652 Fest.,
351 2621 413 2648 dict.
428 2621 586 2658 pauperies,-
597 2633 631 2653 ex
645 2633 697 2660 quo
716 2625 784 2656 torte
801 2625 924 2658 seribenss

140 2648 212 2682 dum,
227 2659 361 2694 paupertas
374 2661 411 2683 eat
424 2657 512 2686 damn.
524 2660 597 2694 ‘qnod
609 2661 756 2695 quadrupes
771 2664 842 2699 facit.

176 2684 239 2713 ⁴t8.
254 2687 504 2729 Liuvffltymotog„
513 2693 599 2722 littera
611 2697 642 2724 P.
652 2695 744 2724 Puella
754 2703 791 2725 est
801 2701 918 2734 paruula,

141 2720 377 2756 auximanum-*et
391 2726 437 2753 lib.
458 2736 496 2761 ιι,
512 2727 580 2764 capi
595 2731 622 2762 l,
637 2730 754 2765 Pupilla,
792 2735 844 2762 aod
855 2743 920 2771 pura

106 2773 108 2775 ,
140 2754 173 2779 sit
197 2758 220 2780 et
242 2758 391 2792 impolluta,
415 2766 445 2788 ιιι
465 2769 522 2791 sunt
546 2765 649 2799 puetloe.
665 2766 698 2793 Et
712 2767 751 2803 sic
794 2769 933 2802 tetionam'·

141 2787 238 2820 puttam
259 2790 286 2817 in
298 2794 427 2834 pupillam
450 2796 520 2826 forte
541 2800 600 2838 quis
621 2801 775 2831 “mundum
788 2806 922 2844 'eonem'

140 2827 200 2850 cuni
216 2827 243 2851 et
254 2823 353 2856 Gracia
364 2830 380 2859 ἡ
393 2829 455 2868 κόρη
466 2837 608 2870 utrumque
621 2840 649 2865 et
662 2836 788 2871 pupillam
798 2839 920 2884 ’erpua-

1014 1594 1078 1622 459.
1090 1595 1161 1622 lnter
1185 1596 1335 1624 Portentum
1359 1601 1385 1624 et
1400 1601 1534 1625 ostentum.
1553 1597 1709 1626 Portentum
1724 1608 1772 1643 ηει-ι

978 1641 1061 1667 scitur
1085 1646 1111 1668 et
1129 1642 1154 1667 in
1177 1649 1223 1669 sua
1240 1648 1377 1677 permanet
1390 1644 1536 1677 qualitate3
1559 1648 1692 1672 ostentum
1707 1653 1772 1674 vero

977 1685 1064 1712 subito
1079 1685 1190 1713 offertur
1205 1688 1300 1721 oculis,
1318 1693 1345 1715 et
1358 1688 1526 1716 subducitur.
1543 1690 1588 1717 Sic
1618 1694 1769 1725 portentum

978 1729 1097 1757 dicitura
1111 1732 1305 1765 portendendo,
1323 1733 1348 1760 id
1362 1738 1403 1761 est
1418 1742 1498 1768 porro
1509 1735 1685 1769 ostendendo,
1702 1737 1772 1765 sicut

977 1779 1004 1801 et
1015 1776 1174 1811 prodigium,
1189 1778 1258 1811 quod
1275 1785 1355 1812 porro
1370 1779 1451 1811 dicat,
1468 1779 1493 1806 id
1509 1784 1550 1807 est
1561 1780 1648 1808 lutura
1663 1781 1696 1809 de
1707 1782 1768 1810 lon-

977 1827 1010 1854 ge
1025 1821 1161 1854 praedicat.
1174 1823 1323 1850 Monstrum
1338 1831 1402 1851 sane
1417 1832 1431 1851 a
1443 1826 1544 1852 monitu
1560 1826 1601 1854 vel
1615 1832 1768 1856 monstran-

978 1866 1012 1893 do
1034 1867 1144 1901 dictum,
1161 1869 1231 1902 quod
1255 1869 1357 1910 aliquid
1371 1871 1545 1905 significando
1565 1872 1731 1901 demonstret
1743 1879 1771 1904 et

968 1912 1077 1939 statim.
1091 1912 1212 1947 Quinque
1227 1918 1288 1941 sunt
1300 1919 1388 1942 autem
1404 1923 1502 1950 genera
1528 1918 1720 1953 prodigiorum,
1738 1925 1767 1948 ut

981 1965 1032 1993 lam
1049 1968 1191 2003 significet.
1208 1969 1264 1996 Vox
1287 1975 1372 1997 tamen
1398 1971 1496 2003 puttam
1517 1980 1570 1999 non
1589 1977 1691 2002 temere
1704 1965 1770 2010 reji-

979 2001 1084 2035 cienda,
1106 2004 1320 2039 quandoquidem
1334 2011 1360 2032 et
1373 2005 1440 2033 Non.
1464 2006 1573 2042 pullum,
1589 2008 1674 2042 inquit
1686 2010 1769 2037 oetatr'c

979 2037 1095 2069 novettae,
1108 2039 1140 2065 ab
1150 2040 1255 2073 antiquo
1270 2040 1344 2067 verbo
1358 2042 1467 2074 pultare,
1484 2044 1554 2077 quod
1570 2049 1646 2070 vetus
1662 2045 1767 2077 glossa—

978 2072 1044 2098 rium
1067 2074 1195 2107 agnoscit,
1210 2080 1302 2109 estque
1326 2076 1498 2113 παραφνᾶδας
1512 2078 1622 2118 βᾴλὴιν,
1637 2080 1701 2113 pulli
1716 2091 1769 2107 πα-

974 2107 1179 2170 ᾒῖἵὲᾰιιῗὲΐθίιρεε
1189 2114 1262 2137 certo
1271 2110 1340 2137 hauc
1350 2111 1470 2139 eamdem
1479 2112 1620 2140 lectionem
1631 2115 1770 2149 superiore

871 2184 922 2202 non
936 2180 963 2209 D
1009 2196 1044 2201 —
1064 2183 1214 2218 Etymolog.
1230 2184 1278 2212 lib.
1294 2192 1324 2218 n,
1338 2192 1397 2220 cap.
1412 2186 1439 2213 2.

1005 2220 1070 2248 449.
1086 2222 1164 2249 Serv.
1176 2223 1208 2249 ad
1221 2223 1260 2251 ill.
1274 2224 1371 2257 1'AEn.,
1387 2225 1499 2253 Nemora
1511 2227 1576 2254 inter
1590 2229 1708 2263 frondea.

1007 2260 1079 2287 laid.
1093 2262 1291 2297 Pamptnosum.
1305 2264 1454 2292 Adhibetur
1465 2266 1522 2294 liaec
1532 2274 1582 2294 vox
1593 2275 1608 2295 a
1618 2268 1767 2298 Columella

973 2299 1000 2322 ct
1020 2295 1120 2324 Plinio.
1135 2298 1223 2324 Aazv.
1764 2320 1766 2322 -

1008 2331 1072 2358 451.
1095 2332 1153 2359 Lib.
1167 2332 1318 2368 Etymolog.
1333 2342 1380 2369 vu,
1395 2341 1454 2369 cap.
1470 2336 1513 2364 ¹2.

1007 2371 1070 2398 452.
1086 2371 1146 2399 Vid.
1157 2371 1235 2400 Serv.
1252 2372 1285 2400 ad
1300 2373 1339 2401 ill.
1354 2382 1362 2401 ι
1376 2373 1441 2403 AEn.
1457 2374 1606 2413 Prosuqus,
1622 2376 1768 2412 Lauinaque

971 2407 1028 2433 veni
1031 2412 1039 2433 t
1046 2406 1144 2433 littora.
1761 2420 1765 2427 ¹

1007 2439 1069 2467 456.
1086 2441 1127 2468 Ex
1144 2441 1270 2476 Agraetio.

1007 2479 1070 2507 457.
1082 2480 1192 2508 Fronto.
1205 2481 1263 2508 Sic:
1273 2481 1435 2516 Portentum,
1448 2485 1516 2521 quod
1526 2494 1618 2521 porro,
1633 2492 1658 2515 et
1670 2489 1766 2518 diutius

971 2520 1066 2547 manet,
1094 2517 1259 2551 futurumque
1285 2519 1447 2552 postmodum
1483 2521 1581 2556 aliquid
1613 2523 1742 2557 significat
1753 2533 1766 2558 ,-

971 2554 1112 2577 monstrum
1123 2555 1159 2577 eut
1180 2556 1268 2578 contra
1295 2558 1423 2586 naturam,
1435 2560 1463 2582 ut
1485 2560 1521 2582 eat
1543 2556 1716 2592 Minotaurus.
1736 2563 1766 2588 et

971 2584 1050 2618 infra,
1066 2585 1092 2612 in
1105 2591 1218 2612 monstro
1228 2591 1312 2615 rectus
1330 2589 1393 2616 ordo
1407 2590 1506 2618 naturoe
1517 2592 1623 2620 vertitur
1635 2600 1646 2621 .·
1660 2594 1687 2622 tu
1701 2599 1767 2630 potu·

970 2623 1039 2647 tento
1053 2619 1172 2654 differtur
1183 2626 1298 2650 eventus.
1309 2622 1393 2658 uon„
1408 2625 1472 2654 diet.
1491 2631 1616 2654 monum.

1005 2658 1069 2687 458.
1084 2659 1231 2695 etymolog.
1245 2661 1332 2696 lib.·u,
1347 2670 1407 2699 cap.
1420 2663 1446 2692 5.
1501 2673 1504 2680 ·
1643 2670 1672 2684 ’κ’

1007 2698 1220 2727 terminantium
1235 2700 1262 2728 in
1279 2700 1350 2729 textu
1366 2703 1482 2742 legebat,
1492 2702 1610 2743 utputo,
1622 2703 1772 2746 firmitate}

970 2740 1019 2769 pro
1031 2738 1085 2768 qim
1102 2734 1263 2769 conjiciebat
1275 2738 1410 2772 pravitate.
1425 2740 1522 2778 Annas
1544 2766 1561 2783 ,Α
1585 2750 1589 2754 ·
1658 2767 1661 2773 .
1758 2749 1765 2777 .'

988 2779 992 2782 ’
1004 2773 1069 2802 459.
1083 2772 1115 2801 C.
1130 2772 1231 2802 Fronto
1241 2777 1334 2806 eodem
1345 2775 1424 2808 sensu
1442 2774 1581 2815 οιιώἳίᾶιιι.
1591 2779 1661 2816 ’ποά
1669 2779 1766 2818 ,κακέ

970 2809 1181 2836 consuetudinem
1195 2809 1314 2849 offertur,
1326 2818 1351 2842 et
1367 2814 1446 2849 inl’ra,
1460 2815 1488 2851 ip
1607 2816 1702 2847 raim
1711 2817 1779 2852 att*—

969 2843 1181 2878 minictratiomm
1193 2845 1277 2882 (laeuo
1288 2844 1496 2892 aunuatim)
1574 2849 1583 2880 .’
1719 2855 1725 2861 ”
1771 2853 1776 2856 ”

987 2705 990 2713 ι
