1832 3016
76 180 126 210 ⁴97

77 284 168 312 liavit?
182 282 361 318 iniquitatem,
379 279 558 314 iniquitatem,
575 281 742 315 iniquitatem
764 290 863 317 ponam

77 339 153 364 eom;
177 335 205 358 ει
217 329 267 356 hoc
282 333 334 354 uon
347 326 446 354 tactum
460 331 516 360 est,
527 327 614 356 donec
627 328 717 356 veniat
734 329 810 363 cujus
823 334 865 357 est

75 375 214 412 judicium,
227 376 254 401 et
267 371 368 400 tradam
383 371 417 400 ei.
441 381 451 398 ι

111 433 139 460 2.
152 432 190 459 De
199 437 252 465 quo
264 429 345 457 isaias
357 438 364 455 :
384 438 394 454 ι
409 429 547 464 Dominus,
561 430 630 458 sicut
644 430 732 465 tortis,
743 432 863 467 egredie-

77 484 130 511 tur,
141 481 178 510 et,
191 476 260 504 sicut
276 477 317 503 vir
341 476 486 511 praeliator,
503 477 644 511 suscitabit
669 479 770 511 zelum,
786 479 864 506 voci-

75 523 212 554 serabitur,
228 527 255 549 et
266 522 404 554 clamabit,
418 527 444 550 et
456 530 537 557 super
547 523 669 551 inimicos
680 531 744 551 suos
755 525 864 552 confor-

75 569 185 597 tabitur.
200 568 282 596 Tacui
295 576 413 603 semper,
425 569 496 603 silui,
510 569 612 603 patiens
623 570 670 604 fui,
685 570 753 598 sieut
764 571 862 605 paries,

73 614 176 650 loquar,
198 614 345 649 dissipabo,
361 619 388 642 et
405 615 554 642 absorbebo
569 616 648 643 simul
663 625 672 641 ι
691 615 768 652 (lsai.
789 624 843 643 xut
855 637 862 648 ‚

73 662 129 697 13).
160 662 216 690 Eoe
237 662 271 689 ad
292 662 440 690 secundum
465 663 608 689 adventum
633 665 737 696 attinet,
763 664 788 690 in
813 671 865 698 quo

72 716 125 737 non
142 708 260 741 humilis,
277 712 303 735 ut
317 707 462 742 judicetur,
479 708 526 735 sed
542 714 569 735 ut
591 708 674 743 judex
696 709 771 736 sortis
790 717 865 741 egre-

72 755 178 787 dietur3
192 762 278 789 neque
294 754 401 788 tacebit,
415 755 484 789 quod
497 756 522 782 in
546 756 629 789 priori
650 755 766 783 adventu
790 756 862 787 fecit,

71 807 117 829 aut
132 801 235 836 patiens
251 800 319 834 erit,
335 801 404 828 sicut
427 801 476 827 suit
499 802 524 828 in
548 802 674 836 passione
702 803 800 836 carnis,
816 802 864 830 sed

69 847 194 882 judicans
209 846 410 879 vociferabitur,
424 847 548 882 loquetur
561 852 590 874 ut.
613 848 710 882 paries,
736 848 796 882 quia
822 857 864 877 re·

71 898 162 928 pente,
178 892 254 928 quasi
266 893 353 928 paries
367 900 506 926 corruens,
516 901 578 921 suos
592 893 684 922 hostes
698 898 740 922 est
754 902 864 929 oppres-

69 947 158 967 surus.

106 985 158 1020 63
174 986 200 1013 5.
214 985 270 1012 Hoc
284 985 365 1012 etiam
379 989 406 1012 et
417 985 569 1012 testimonio
584 985 735 1013 Psalmistae
746 986 866 1020 docetur,

70 1030 115 1057 ubi
129 1031 191 1057 dicit
206 1039 212 1056 :
227 1030 297 1058 Deus
319 1031 452 1066 manifeste
463 1032 556 1064 veniel,
572 1031 641 1058 Deus
663 1037 756 1065 noster,
773 1038 797 1060 et
817 1041 868 1060 non

70 1075 155 1102 silebit
176 1075 261 1110 (Psal.
289 1083 364 1107 xux,
391 1076 435 1110 5);
461 1076 550 1111 utique
574 1078 636 1111 quia
662 1079 711 1105 etsi
732 1079 757 1105 in
782 1079 868 1113 primo

75 1119 235 1147 humilitatis
251 1127 305 1147 suae
319 1121 434 1147 adventu
449 1122 530 1148 tacuit
540 1121 686 1156 judicatus,
701 1123 726 1149 in
740 1117 867 1156 secundo,

72 1164 134 1192 dum
152 1164 308 1192 manifestus
322 1166 435 1198 venerit,
453 1171 482 1192 ιιι
494 1167 604 1201 judicet.
623 1175 676 1195 non
693 1169 800 1202 tacebit,
821 1171 869 1198 sed

76 1211 214 1243 clamabit,
232 1215 259 1237 ut
273 1210 366 1238 reddat
381 1212 491 1245 singulis
505 1213 652 1240 secundum
669 1221 749 1248 opera
763 1222 865 1242 eorum.

113 1266 140 1292 t.
156 1265 281 1300 Sequitur
293 1274 301 1292 ι
312 1265 383 1301 anis
395 1271 454 1293 ante
464 1275 520 1293 eum
534 1268 642 1302 ardebit,
659 1269 730 1303 quia,
746 1275 774 1296 ut
786 1270 867 1304 ligna,

73 1311 176 1345 lenum,
202 1312 338 1346 stipulam,
364 1311 574 1347 delinquentium
600 1321 807 1349 consumpturus
828 1322 870 1344 est

74 1364 166 1391 opera,
182 1363 222 1388 ac,
238 1357 307 1384 sicut
322 1365 426 1388 aurum,
441 1363 580 1392 argentum
594 1359 750 1394 lapidesque
767 1362 867 1394 pretio-

72 1408 128 1434 sos,
150 1401 282 1437 justorum
306 1403 465 1437 probaturus
480 1407 521 1430 est
534 1408 606 1437 gesta
623 1403 650 1438 (1
662 1404 722 1432 Cor.
747 1413 788 1439 ιιι,
812 1406 867 1440 12).

74 1447 124 1481 Qui
136 1446 230 1474 dicturi
246 1451 307 1474 suut
322 1456 328 1474 :
347 1447 519 1475 Transivinms
534 1457 577 1483 per
591 1451 674 1484 iqnem
688 1455 710 1476 et
726 1459 829 1486 aquam,
845 1449 869 1478 el

71 1494 196 1521 induxisti
206 1502 251 1521 noa
266 1495 291 1521 in
300 1495 470 1530 refriqerium.
482 1496 621 1523 Advocabit
631 1497 722 1523 coelum
733 1498 869 1525 desursum

72 1546 96 1568 ιι
117 1545 210 1568 terram
235 1541 377 1568 discernere
396 1542 519 1576 populum
541 1551 624 1570 suum.
647 1542 804 1579 Conqreyate
831 1544 870 1571 illi

72 1592 171 1615 sanctos
190 1590 256 1623 eJ'us,
272 1588 315 1622 qui
336 1589 455 1615 ordinant
476 1594 650 1616 testamentum
666 1592 721 1625 eJ'us
735 1599 811 1624 super
824 1599 867 1618 sa-

72 1633 179 1667 crificia,
201 1638 224 1660 et
244 1634 432 1661 annuntiabunt
450 1635 505 1661 coeli
523 1635 652 1669 justitiam
666 1638 731 1671 eJ'us,
748 1637 867 1671 quoniam

75 1678 144 1706 Deus
160 1680 238 1712 judex
251 1686 288 1706 est
299 1679 383 1714 (Psal.
402 1688 463 1712 va,
480 1680 531 1713 12;
549 1689 620 1714 xux,
636 1681 675 1716 t).

103 1723 139 1751 5.
155 1724 188 1751 Et
203 1724 296 1758 lsaias,
311 1725 441 1759 Auditum,
457 1726 551 1760 inquit,
573 1728 648 1762 saciet
663 1727 789 1755 Dominus
809 1729 865 1763 qlo-

75 1769 140 1795 riam
163 1770 230 1796 vocis
251 1777 314 1804 suce,
336 1775 359 1797 et
379 1775 500 1798 terrorem
523 1772 621 1798 brachii
646 1774 684 1799 sui
706 1774 818 1801 ostendet
841 1775 868 1801 in

75 1814 271 1842 comminatione
284 1816 388 1849 suroris,
404 1821 427 1843 et
442 1818 546 1851 flamma
557 1819 622 1852 iqnis
633 1819 787 1847 devorantis.
803 1821 868 1848 Alli-

74 1859 115 1885 det
133 1859 159 1885 in
181 1859 278 1887 turbine
298 1865 321 1887 et
343 1861 370 1887 in
389 1861 475 1895 lapide
485 1864 618 1897 grandinis
633 1864 709 1898 (lsai.
728 1873 791 1898 xxx,
808 1867 865 1901 50).

76 1905 215 1933 Brachium
238 1907 308 1933 enim
335 1907 379 1934 Dei
396 1907 516 1935 Christus
532 1914 583 1942 est,
608 1911 650 1944 qui
673 1911 698 1937 in
720 1911 826 1939 flamina
841 1917 869 1940 et

77 1955 179 1978 terrore
203 1953 369 1986 tempestatis
383 1953 598 1988 adjudicandum
613 1961 741 1984 venturus
762 1962 811 1984 est.
830 1958 867 1985 lte

76 1995 152 2030 cujus
169 1996 262 2026 iterum
283 1997 383 2031 judicio
398 1998 468 2026 idem
489 2000 616 2033 propbeta
639 2001 678 2028 sie
700 2002 764 2029 dicit
777 2012 785 2028 :
800 2003 868 2029 Con-

76 2048 162 2076 surqe,
176 2041 240 2067 sicut
251 2042 277 2068 in
288 2043 376 2070 diebus
390 2044 510 2079 antiquis,
527 2046 553 2072 in
569 2048 772 2081 qenerationibus
786 2057 867 2076 zoeou-

76 2085 168 2112 lorum.
186 2086 310 2122 Numquid
323 2096 374 2115 non
385 2093 411 2115 tu
421 2091 564 2124 percussisti
572 2092 717 2126 superbum,
730 2094 868 2122 vulnerasti

76 2130 232 2158 draconem?
246 2132 322 2167 (lsai.
339 2142 375 2166 ιι,
392 2134 432 2170 9.)

110 2176 137 2204 6.
154 2177 203 2204 ilic
224 2179 358 2207 secundus
371 2181 470 2208 Christi
492 2182 651 2215 praedicatur
672 2184 814 2219 adventus,
837 2192 867 2215 ut

76 2229 107 2249 ea
121 2221 218 2250 virtute
230 2231 373 2260 consurgat
396 2227 430 2254 ad
446 2228 587 2262 iudicium,
612 2230 644 2256 ad
671 2233 866 2266 separationem

76 2266 205 2296 bonorum
227 2275 306 2305 atque
331 2273 471 2307 malorum,
495 2282 548 2309 qua
572 2276 668 2304 virtute
695 2279 816 2306 surrexit
838 2280 864 2307 in

76 2314 289 2346 generationibus
316 2318 485 2347 saeculorum.
512 2320 568 2348 Hoc
595 2326 636 2349 est
658 2323 684 2350 in
711 2325 861 2361 principio,
878 2310 905 2340 D

77 2359 182 2392 quando
194 2363 325 2394 percussit
345 2365 497 2399 superbum,
513 2366 540 2394 id
554 2371 605 2401 est,
620 2367 767 2403 diabolum,
784 2378 863 2406 sepa-

79 2403 162 2430 rando
174 2412 234 2433 euni
251 2414 267 2433 a
280 2407 411 2437 bonorum
425 2412 560 2439 consortio
574 2414 740 2447 angelorum.
759 2417 797 2444 De
812 2425 864 2452 quo

79 2448 177 2477 Christi
198 2451 296 2485 iudicio
318 2457 346 2481 et
366 2454 489 2484 Michaeas
517 2459 646 2492 propbeta
670 2460 711 2488 sic
734 2461 865 2497 loquitur,

115 2529 143 2569 2.
159 2528 233 2556 Sicut
245 2531 328 2571 paries
339 2531 438 2567 loquar,
453 2534 514 2563 lsai.
537 2544 601 2570 nu,
627 2537 671 2565 15.
696 2538 860 2574 Hispalensis

80 2564 145 2598 legit
158 2562 309 2591 Part-mens
327 2565 352 2593 lo
370 2575 428 2595 w.
441 2568 620 2599 Tarraconen.
637 2573 738 2607 minor,
752 2574 861 2602 Patiens

80 2598 179 2633 loquar.
195 2598 261 2631 Quae
272 2606 335 2627 vera
350 2575 437 2642 lectio
450 2609 500 2631 est.
517 2604 571 2632 Nos
586 2611 676 2635 autem
688 2609 810 2636 vitiosam
824 2612 861 2637 te-

80 2635 196 2662 ctionem
224 2641 376 2663 necessario
400 2637 554 2672 reliquimus
564 2660 572 2673 ,
607 2643 713 2670 uoniam
738 2644 860 2678 interius,

81 2669 126 2696 ubi
140 2667 191 2695 boc
201 2668 380 2698 testimonium
391 2671 552 2707 explicetur,
577 2675 602 2702 is
611 2675 692 2704 doru·
716 2677 774 2712 ipse
795 2679 835 2707 ait
851 2687 859 2706 :

81 2702 208 2744 ludicans
215 2703 406 2744 υρείἶιναθίικν,
537 2713 564 2736 ιιι
574 2711 668 2743 purten.
676 2713 738 2748 quia
749 2718 860 2748 repente,

81 2745 157 2803 fflt
179 2746 263 2773 parm
289 2746 427 2774 corruens,
445 2748 508 2770 em
525 2742 611 2772 boam
632 2749 671 2773 m
687 2753 862 2782 oppressurae.

60 2790 85 2817 Ψ·
118 2791 190 2841 πίω.
204 2807 261 2842 At,
271 2809 381 2844 iudicet,
392 2811 618 2848 profanatus.

48 2835 214 3016 *iti-Al..
228 2850 340 2880 mm,
355 2850 494 2883 aemam,
510 2851 541 2876 nt
560 2846 711 2879 damnem
732 2852 865 2901 poputum.

24 2981 31 3016 l

410 177 456 206 DE·
475 175 556 205 ΗΒΕ.
574 176 773 206 ennomus
793 177 934 207 CONTRA
952 178 1096 209 Junffios
1110 179 1215 209 LIBER
1235 181 1374 210 Primus.

77 238 121 266 hic
139 241 180 266 est
198 236 244 271 qui
261 234 374 263 humiles
392 233 549 267 sublevavit,
569 238 598 262 et
620 235 752 264 sublimes
776 236 862 263 humi·
875 238 902 268 Α
913 236 1004 265 dicens
1031 246 1038 264 :

1660 182 1715 211 ⁴98

1065 238 1166 272 Audite,
1191 239 1279 272 colles,
1297 239 1428 276 Judicium
1451 239 1567 274 Domini,
1587 243 1613 267 et
1635 240 1715 275 lorti«

915 283 1084 317 fundamenta
1097 288 1180 317 terrae,
1196 285 1258 319 quia
1276 285 1408 319 judicium
1423 284 1529 312 Domini
1543 293 1602 312 cum
1618 287 1715 322 populo

914 336 961 354 suo
979 333 1002 355 et
1019 337 1076 358 cum
1088 329 1170 356 Israel
1184 330 1379 365 dijudicabitur,
1395 330 1487 358 dicens
1498 339 1506 357 ·.
1519 331 1619 366 Popule
1631 340 1712 366 meur,

914 375 976 410 quid
987 377 1034 411 feci
1047 377 1101 408 tibi,
1117 382 1161 403 aut
1172 377 1234 411 quid
1250 377 1370 404 molestus
1385 377 1424 412 sui
1434 377 1498 404 tibi?
1509 378 1637 413 responde
1651 379 1716 406 milti

917 421 1011 457 (uicti.
1028 430 1066 455 vt,
1082 423 1121 457 i).

951 467 977 494 7.
991 467 1066 495 'l'uuc
1077 469 1158 502 enim,
1173 469 1248 503 iuxta
1261 469 1427 502 Za'cbariam,
1445 470 1583 504 Videbunt,
1594 473 1621 498 in
1640 481 1715 507 quem

915 514 1085 548 confixerunt,
1108 519 1132 541 et
1147 515 1269 550 planqent
1281 524 1338 542 eum
1351 516 1468 551 planctu,
1482 516 1557 551 quasi
1568 525 1645 552 super
1658 519 1717 544 uni-

915 562 1037 598 genitum,
1061 566 1086 589 et
1110 563 1234 590 dolebunt
1256 572 1332 598 super
1355 572 1424 597 eum,
1452 568 1479 590 ut
1504 564 1587 591 doleri
1611 566 1673 592 solet
1691 566 1719 592 in

915 613 994 635 morte
1005 609 1166 644 primoqeniti
1181 609 1274 644 (Ζαι-Ιι.
1289 617 1336 642 xtt,
1354 610 1409 644 10).
1437 609 1569 637 Dolebunt
1581 611 1652 637 enim
1663 611 1718 646 64

915 661 930 680 a
956 661 985 680 se
1010 654 1169 681 crucitixum
1185 676 1192 687 ‚
1214 663 1273 682 cum
1297 655 1415 683 viderint
1439 656 1603 690 judicantem
1619 677 1626 689 ‚
1647 657 1717 684 etin

915 699 1002 726 Patris
1017 707 1048 726 ac
1062 707 1108 726 sua
1124 700 1263 734 majestate
1278 705 1445 736 regnantem,
1460 701 1511 728 Job
1524 709 1640 736 quoque,
1654 708 1716 730 ante

915 744 1003 779 legem
1026 745 1190 779 evangelicis
1204 746 1346 774 virtutibus
1360 747 1459 780 clarus,
1475 747 1659 775 redimendum
1675 756 1715 782 se,

915 794 943 817 et.
967 791 1191 823 resuscitandum,
1214 796 1241 819 et
1264 793 1319 820 Deo
1340 792 1435 827 judici,
1457 794 1503 828 qui
1528 799 1655 821 venturus
1676 800 1718 822 est

914 835 1036 870 iudicare
1064 837 1139 863 vivos
1154 842 1181 864 ει
1199 842 1330 871 mortuos,
1352 840 1580 874 praesentandum,
1604 842 1719 875 propbe-

917 880 967 907 tica
983 880 1142 908 auctoritate
1158 884 1314 916 pronuntiat
1327 884 1419 910 dicens
1439 893 1445 910 :
1470 884 1552 911 Credo
1568 886 1636 912 enim
1649 886 1719 920 quod

880 930 904 960 Β
917 927 1065 962 redemptor
1077 936 1146 955 meus
1162 930 1230 961 vivit,
1248 934 1271 956 el
1286 930 1313 956 in
1327 931 1465 957 novissimo
1480 931 1521 958 die
1535 932 1566 959 de
1581 937 1649 959 terra
1659 941 1721 959 sur-

919 978 1034 999 recturus
1049 982 1116 1006 sum,
1136 978 1160 1000 et
1175 983 1278 1002 rursum
1300 977 1477 1003 circumdabor
1494 978 1560 1013 pelle
1574 987 1639 1012 mea,
1657 983 1679 1005 et
1694 980 1722 1006 in

920 1027 997 1045 carne
1013 1028 1068 1046 mea
1086 1020 1173 1046 videbo
1190 1020 1274 1048 Deum
1294 1035 1321 1054 μ..
1346 1022 1506 1050 Salvatorem
1527 1033 1619 1051 meuaen.
1636 1025 1722 1058 Quem

919 1065 1016 1097 Deum,
1034 1066 1084 1093 nisi
1097 1068 1141 1101 qui
1153 1067 1283 1094 videndus
1293 1073 1333 1095 est
1345 1069 1497 1103 injudicio?
1509 1071 1577 1099 sicut
1591 1072 1719 1106 legimus:

924 1110 1053 1138 Videbunt
1069 1113 1094 1138 in
1106 1121 1179 1147 quem
1193 1115 1353 1146 confixerunt
1368 1115 1460 1149 (Zaclt.
1478 1123 1525 1148 xit,
1545 1116 1600 1151 10).

957 1157 982 1183 8.
999 1158 1083 1189 Quem
1104 1159 1210 1192 quidam
1236 1159 1327 1186 dicunt
1354 1161 1380 1187 in
1405 1168 1437 1188 eo
1461 1161 1521 1188 loco
1541 1161 1721 1196 judicaturum

920 1202 1026 1237 impios,
1044 1204 1087 1230 ubi
1105 1206 1160 1238 ipse
1175 1209 1217 1232 est
1234 1205 1378 1239 judicatus,
1390 1206 1464 1234 loele
1480 1207 1608 1241 propheta
1622 1212 1722 1235 testan-

921 1253 969 1276 te:
992 1249 1152 1284 Exsul-qaue,
1177 1251 1272 1285 inquit,
1291 1256 1315 1278 et
1334 1253 1474 1278 ascendant
1490 1260 1575 1278 omnes
1588 1257 1673 1287 yentec
1694 1255 1722 1281 in

921 1294 987 1321 valle
1001 1294 1137 1330 Iosophat,
1154 1296 1188 1322 ibi
1202 1297 1303 1329 sedebo,
1319 1298 1471 1332 ntjudicem
1487 1306 1573 1325 omnes
1594 1306 1678 1334 gentes
1694 1301 1721 1327 in

921 1342 1026 1368 circuitu
1043 1341 1121 1376 (Joel.
1136 1350 1176 1374 ιιι,
1194 1342 1249 1376 12).
1264 1343 1328 1370 Nam
1346 1344 1465 1378 plerique
1488 1344 1523 1371 ibi
1543 1351 1667 1373 asserunt
1681 1347 1722 1374 su-

922 1391 1010 1413 turum
1024 1387 1165 1421 judicium,
1182 1387 1226 1414 ubi
1242 1395 1334 1422 passus
1347 1393 1389 1415 εει
1405 1389 1542 1423 Dominus,
1566 1390 1632 1418 isaia
1658 1400 1720 1426 pro·

919 1431 1000 1460 hante
1016 1441 1022 1459 :
1039 1433 1298 1470 Consummationem,
1323 1441 1347 1463 et
1359 1437 1576 1466 abbreviationem
1592 1439 1721 1467 Dominus

921 1478 989 1506 Dens
1010 1481 1166 1507 exercituum
1194 1482 1268 1516 saciet
1293 1483 1319 1509 in
1344 1483 1427 1510 medio
1450 1485 1518 1511 orbis
1544 1490 1617 1513 terrae
1634 1486 1718 1521 (lsai.

920 1532 946 1557 x,
973 1525 1007 1551 ⁵25
1019 1526 1039 1559 ).

956 1569 983 1598 9.
1000 1571 1064 1604 Quae
1087 1574 1285 1599 consummatio
1311 1578 1337 1600 et
1360 1574 1526 1602 abbreviatio
1552 1583 1720 1611 praecessura

883 1621 905 1652 C
921 1623 980 1650 quae
994 1621 1082 1650 potest
1095 1624 1166 1650 esse,
1184 1619 1234 1645 nisi
1250 1618 1342 1653 judicii
1357 1620 1455 1647 futuri?
1476 1621 1529 1648 Sed
1543 1622 1587 1649 ubi
1611 1623 1645 1649 sit
1658 1631 1719 1651 me-

919 1662 991 1688 dium
1008 1667 1084 1689 terrae
1101 1663 1175 1694 illud,
1190 1664 1267 1691 fidele
1283 1665 1315 1692 de
1331 1667 1454 1700 passione
1471 1667 1574 1694 Domini
1596 1669 1717 1696 testimo-

919 1709 993 1735 nium
1010 1708 1093 1735 David
1110 1711 1236 1743 ostendit,
1251 1712 1294 1744 qui
1309 1712 1372 1739 dicit
1382 1721 1389 1741 ;
1399 1713 1467 1739 Deus
1478 1719 1563 1741 autem
1574 1723 1621 1742 rex
1633 1721 1718 1743 noster

920 1760 977 1781 ante
990 1756 1085 1781 soecuta
1100 1761 1219 1785 operatus
1234 1762 1272 1784 est
1286 1758 1395 1785 salutem
1406 1761 1432 1786 in
1445 1761 1528 1787 medio
1542 1766 1615 1787 terrie
1630 1761 1716 1796 (Psal.

920 1808 1012 1833 txxut,
1031 1800 1087 1835 12).
1113 1801 1189 1829 Nulla
1211 1803 1282 1829 enim
1309 1804 1359 1830 alia
1384 1809 1426 1831 est
1449 1805 1522 1833 salus
1548 1812 1649 1839 nostra,
1666 1808 1718 1835 nisi

919 1845 1067 1879 redemptio
1082 1847 1185 1873 Domini
1203 1849 1285 1875 nostri
1297 1848 1445 1878 Salvatoris
1458 1856 1485 1879 et
1495 1851 1603 1887 judicis,
1619 1861 1678 1887 quae
1689 1854 1717 1882 in

919 1891 1008 1918 medio
1023 1895 1100 1919 terrae
1116 1897 1174 1920 orta
1190 1899 1240 1921 est.

1210 1939 1324 1968 CAPUT
1343 1940 1423 1969 tht.

1198 1996 1322 2032 Epiloqus
1337 1999 1430 2033 operi-5.

956 2055 982 2078 1.
996 2051 1065 2079 Ecce
1079 2053 1139 2080 novi
1154 2054 1298 2082 testimonii
1317 2056 1433 2091 judicem
1453 2062 1481 2084 et
1499 2066 1588 2094 regem
1605 2060 1639 2087 de
1652 2067 1714 2095 pro—

919 2096 1017 2130 phetis,
1042 2105 1105 2125 ecce
1129 2098 1265 2127 Christum
1293 2109 1324 2128 ex
1348 2102 1405 2136 lege
1429 2104 1547 2132 omnium
1571 2105 1713 2134 Dominum

919 2143 1093 2172 ostendimus.
1118 2145 1222 2173 Tenent
1254 2148 1304 2174 ista
1328 2149 1416 2176 omnia
1440 2150 1502 2177 libri
1524 2151 1712 2187 liebraeorum,

918 2189 1008 2223 legunt
1023 2195 1117 2217 cuncta
1128 2191 1224 2223 sudaei,
1237 2193 1284 2220 sed
1298 2201 1351 2220 non
1367 2194 1527 2230 intelligunt.
1539 2197 1606 2230 Quia
1617 2199 1710 2225 omnia

918 2234 1020 2268 signata
1037 2240 1099 2262 sunt
1111 2236 1173 2270 illis,
1190 2238 1317 2272 propbeta
1332 2243 1447 2267 testante
1461 2249 1468 2268 :
1485 2241 1518 2268 Et
1531 2247 1605 2268 erunt
1617 2251 1715 2270 senno-

917 2287 960 2306 nes
986 2280 1043 2307 libri
1064 2281 1151 2316 hujus,
1173 2283 1238 2309 sicut
1251 2292 1379 2312 sermonen
1402 2286 1460 2313 libri
1481 2288 1587 2322 signati,
1604 2296 1678 2321 quem
1692 2291 1715 2317 εἰ

917 2325 971 2359 quis
993 2326 1090 2353 dederit
1106 2327 1201 2354 homini
1222 2330 1344 2356 nescienti
1368 2331 1481 2364 litteras,
1500 2337 1526 2358 et
1549 2333 1618 2359 dieat
1635 2333 1714 2369 Lege,

917 2373 1066 2405 respondeat
1089 2372 1182 2399 Nescio
1204 2375 1318 2408 litteras,
1343 2381 1365 2402 et
1386 2377 1439 2411 65
1457 2385 1559 2403 rursum
1578 2377 1619 2404 det
1639 2379 1715 2407 alteri

918 2418 1005 2445 scienti
1021 2417 1128 2450 litteras,
1142 2423 1166 2444 et
1181 2418 1249 2445 dicat
1263 2419 1344 2454 [κρῆ
1354 2421 1398 2447 itte
1416 2429 1474 2448 vero
1484 2423 1636 2454 reapondeat
1651 2423 1714 2452 Non

919 2471 1033 2499 possum,
1047 2463 1162 2498 siqnatus
1174 2468 1211 2490 est
1224 2466 1291 2490 enim
1301 2465 1365 2492 liber
1378 2465 1454 2500 (Ieai.
1469 2474 1539 2499 xxix,
1557 2467 1611 2502 tt).

950 2541 978 2568 5.
995 2541 1050 2574 Al..
1068 2540 1195 2575 lapidibus
1209 2542 1354 2576 yrattdim'e.
1371 2542 1442 2571 Mtttt.

952 2575 978 2603 6.
994 2576 1050 2608 At„
1067 2576 1236 2609 principibus,
1252 2577 1364 2611 quando.
1379 2578 1449 2605 Min.

950 2611 977 2637 7.
1001 2609 1084 2638 Credo
1097 2611 1164 2637 enim
1184 2612 1251 2646 quod
1267 2612 1424 2645 Redemptor
1438 2622 1509 2641 meus
1529 2614 1600 2644 vivit.
1625 2615 1712 2646 Locus

914 2651 955 2674 est
974 2645 1035 2679 Job,
1059 2653 1113 2677 xix,
1133 2645 1179 2678 25,
1203 2654 1256 2679 quo
1278 2647 1432 2681 Hieronym.
1448 2649 1481 2676 ad
1507 2650 1709 2680 Pammachium

914 2681 1030 2708 attirmat
1039 2680 1140 2707 nullum
1147 2682 1267 2715 apertius
1278 2681 1303 2708 in
1315 2681 1404 2709 Veteri
1415 2683 1588 2712 ‘testamento
1599 2693 1707 2716 exstare

914 2716 948 2778 ἔα
974 2715 1088 2777 lutatam
1114 2722 1257 2750 corporum
1277 2717 1501 2746 resurrectionem
1526 2721 1707 2756 comproban-

934 2758 987 2778 am.
1041 2758 1085 2777 ιιι.

951 2784 978 2812 8.
995 2785 1051 2816 Al..
1066 2785 1238 2821 elevationem,
1272 2794 1303 2813 ro
1316 2787 1538 2817 abbreviationem.
1554 2790 1624 2820 Mu.

954 2819 1022 2847 lbid.
1041 2819 1175 2848 interdum
1189 2820 1218 2847 in
1255 2821 1357 2850 ditione
1377 2821 1468 2851 Grtatii
1486 2826 1602 2855 occurrit
1614 2833 1706 2855 eoncu-

917 2855 996 2882 matio
1009 2855 1274 2890 “conmutationem
1286 2864 1336 2892 pro
1349 2860 1534 2888 eomummatio
1546 2865 1575 2897 ει
1583 2866 1706 2894 comum·

917 2890 1064 2923 mationem,
1078 2897 1137 2926 qua
1149 2895 1222 2920 rect·
1234 2895 1276 2920 εει
1288 2893 1430 2928 scriptura.
1445 2893 1532 2924 Aur.
