1832 3016
992 139 1777 164 —-----—------.—.—.-—„

813 181 877 232 IN
914 188 943 232 J
946 191 1115 236 OSUE.

354 287 435 324 477
449 286 563 318 CAPUT
580 288 744 321 PRIMUM-i

236 333 275 360 De
288 337 368 360 morte
384 333 413 359 M
415 334 470 368 ayn·
483 339 507 360 et
532 335 678 370 principatu
689 335 752 364 lesu
767 337 849 367 Nave.

187 379 212 405 l.
230 378 292 405 Post
303 383 415 406 mortem
429 379 512 414 Moysi
527 379 645 415 loquitur
660 381 790 411 Dominus
800 384 833 412 ad
847 384 938 421 Jnsue,

151 423 243 450 dicens
261 432 266 449 :
286 422 388 458 Moyses
403 431 486 449 servits
511 432 579 450 meus
601 430 717 453 mortuus
733 432 783 460 est,
803 436 891 464 surge,
916 435 940 457 et

147 468 229 494 transi
239 467 390 500 Iordanem,
407 472 434 494 tu
445 472 469 495 et
483 469 566 496 omnis
578 470 700 505 populus,
716 472 743 499 t‘n
757 477 850 501 terram
862 483 938 510 quam

147 519 192 548 eqo
207 513 272 540 dabo
286 513 346 547 filiis
361 511 455 540 Israel.

182 559 209 586 2.
223 559 368 586 petunctus
384 564 426 587 est
450 567 513 595 ergo
532 561 649 598 Moyses,
673 563 800 593 detuncta
821 570 863 594 est
883 567 937 601 lex,

146 603 241 638 legalia
264 609 395 639 praecepta
410 604 464 639 jam
480 612 601 641 cessant,
618 612 645 636 et
668 609 772 638 obtinet
794 610 883 645 lesus,
911 613 938 640 id

147 654 188 677 est
203 650 324 677 Salvator
337 650 459 679 Christus
475 652 556 681 Filius
569 654 625 688 Dei,
640 656 815 690 principatum
828 665 835 685 :
850 658 939 686 intro-

145 696 219 723 ducit
231 697 355 730 populum
370 697 395 724 ln
409 701 507 725 terram
521 699 555 727 de
565 707 617 734 qua
628 699 691 727 dicit
705 701 832 729 Dominus
847 711 852 729 :
865 702 938 731 Beati

145 743 229 777 miles,
253 744 372 776 quoniam
392 745 441 779 ipsi
460 746 623 780 possidebunt
645 752 738 775 terram
762 749 876 784 (Manli.
892 750 936 786 v).

455 799 567 829 CAPUT
587 801 617 828 ll.

203 847 243 874 De
258 847 357 874 duobus
372 848 574 883 exploro-'oribus
599 854 622 876 et
644 850 716 877 Raab
730 851 868 879 meretrice.

183 893 205 918 l.
224 893 275 920 lste
286 893 362 920 Jcsus
377 893 446 920 lilius
462 893 519 921 Nun
531 894 614 922 mittit
629 895 696 923 duos
708 897 890 931 exploratores
903 898 935 925 ad

143 937 248 965 Jericho
263 938 370 971 urbem,
384 939 428 973 qui
444 940 626 974 suscipiuntur
640 948 654 967 a
676 943 819 970 meretrice
843 943 929 971 Raab.

920 332 923 334 .
951 296 981 329 A
991 293 1197 333 tueritmystieis
1204 296 1390 334 manentis,
1403 303 1469 328 tune
1476 298 1648 334 sacerdotum
1656 275 1782 335 minmo-

993 341 1040 370 riis
1053 348 1100 377 per
1113 341 1283 378 baptismum,
1298 345 1372 380 quasi
1382 352 1430 380 pot·
1441 345 1565 375 iordanis
1578 347 1678 378 fluent·
1689 349 1780 386 ingre·

993 387 1075 423 ditur,
1097 393 1126 418 et
1140 394 1238 419 terram
1250 391 1370 421 coelestis
1379 393 1598 429 repromissionis
1612 391 1781 432 adipiseiturl

1027 434 1054 462 5.
1069 434 1146 469 Quod
1160 443 1225 464 vero
1239 445 1302 472 pars
1313 445 1442 473 aquarum
1458 439 1575 469 fluminis
1585 446 1658 470 retro
1669 442 1782 472 resilivit

992 486 1170 514 perseverans
1178 482 1204 510 in
1216 482 1368 517 dulcedine,
1380 491 1440 520 pars
1451 486 1555 515 veroin
1565 494 1686 516 amarum
1700 489 1780 517 maris

991 526 1121 561 gurgitem
1136 527 1240 561 defluit,
1255 528 1314 556 haec
1324 529 1408 565 figura
1419 530 1615 566 baptizatorum
1624 532 1779 562 varietatem

991 571 1124 607 designat,
1139 573 1201 608 quia
1211 580 1305 602 omnes
1319 575 1365 610 qui
1376 575 1555 611 baptizantur,
1563 578 1659 612 partim
1670 579 1779 614 quidem

990 625 1023 645 ex
1039 618 1103 653 ipsis
1117 623 1253 654 acceptam
1267 621 1361 655 gratiae
1375 621 1493 650 eoelestis
1507 622 1674 654 dulcedinem
1689 629 1779 655 custo-

990 663 1079 697 diunt,
1094 665 1192 699 partim
1205 672 1270 694 vero
1283 666 1310 695 in
1322 672 1493 702 peccatorum
1504 670 1708 700 amaritudinem
1720 679 1781 700 con-

989 714 1140 738 vertuntur.

1025 757 1052 784 lt.
1068 757 1145 790 Quod
1166 765 1230 785 vero
1250 759 1426 787 sacerdotalis
1448 760 1515 788 ordo
1535 765 1562 789 et
1584 761 1706 791 leviticus
1730 764 1781 791 iter

988 802 1106 830 ostendit
1128 803 1225 839 populo
1241 804 1301 839 Dei,
1318 805 1502 840 magisterium
1516 804 1682 838 sacerdotate
1704 806 1780 836 mon.-

988 852 1099 876 strstnr.
1115 849 1167 884 lpsi
1187 850 1258 877 enim
1273 854 1300 877 et
1314 850 1412 879 docent
1425 853 1552 886 populum
1565 855 1639 882 exire
1653 855 1687 884 de
1699 855 1781 892 AEgy-

988 897 1045 930 pto,
1059 893 1086 921 id
1102 898 1154 928 est,
1167 894 1200 922 de
1213 895 1350 924 erroribus
1362 897 1465 932 mundi,
1481 902 1508 925 et
1518 897 1600 934 479
1611 900 1722 928 transire
1734 909 1781 936 per

989 946 1109 967 eremum
1123 944 1235 972 vastam,
1251 940 1278 968 id
1291 945 1342 975 est,
1357 949 1405 976 per
1418 943 1508 971 saeculi
1522 945 1692 973 tentationes.
1704 946 1780 979 Quod

142 982 220 1010 Jesus
235 983 285 1010 iste
301 983 353 1010 dux
370 985 459 1019 populi
475 985 501 1012 in
523 986 669 1021 semetipso
686 986 826 1016 Dominum
842 988 933 1017 lesum
949 981 974 1011 B
988 993 1053 1014 vero
1082 987 1254 1014 sacerdotalis
1283 992 1310 1015 et
1334 987 1470 1028 Leviticus
1496 989 1563 1018 ordo
1588 991 1690 1019 assistit
1711 999 1780 1020 arcae

141 1028 277 1056 Christum
293 1035 319 1058 et
344 1031 474 1058 vocabulo
488 1032 605 1060 ostendit
621 1038 648 1060 et
661 1033 743 1061 sacto.
760 1033 869 1062 Jericho
885 1043 935 1063 au-

140 1077 195 1100 tem
211 1075 304 1101 civitas
320 1075 434 1103 mundus
446 1077 496 1104 iste
511 1081 563 1110 est,
578 1077 611 1104 ad
623 1085 702 1112 quem
714 1078 844 1107 Dominus
858 1080 935 1109 Jesus

141 1118 264 1147 Christus
280 1121 312 1147 ad
329 1122 535 1155 perscrutandos
550 1130 640 1150 mores
658 1123 796 1151 hominum
810 1125 863 1153 duo
884 1125 936 1154 Te-

141 1170 273 1193 stamenta
288 1166 396 1194 direxit.

175 1211 203 1237 2.
218 1211 283 1238 Nam
299 1212 324 1239 in
338 1221 398 1240 cum
409 1234 417 1247 ,
433 1218 461 1240 ut
475 1214 640 1242 credentium
666 1216 757 1250 tidem,
776 1220 821 1245 aut
848 1218 935 1246 rebel-

140 1256 203 1283 lium
222 1257 397 1291 pcrviencinm
414 1258 519 1292 plenius
538 1260 737 1295 comprobaret,
755 1266 817 1290 ante
833 1263 934 1290 adven·

141 1305 195 1328 tum
209 1301 302 1336 judicii
314 1303 366 1337 sni,
379 1304 453 1338 quasi
465 1305 649 1338 exploratores
660 1306 738 1339 duos,
751 1307 834 1343 478
847 1308 932 1343 legem

140 1352 168 1375 ot
193 1348 365 1382 Evangelium
389 1349 541 1377 destinavit.
568 1349 642 1378 Raab
664 1359 728 1379 vero
752 1357 842 1388 typum
863 1358 934 1381 tenet

138 1393 280 1427 Ecclesiae,
295 1402 354 1429 quae
369 1395 401 1422 dc
426 1397 560 1424 extrancis
589 1401 668 1432 atque
693 1399 786 1426 alicnis
811 1401 933 1434 gentibus

141 1444 301 1475 congregata
311 1445 362 1474 est,
375 1448 434 1475 quoe
449 1445 526 1469 antea
542 1443 633 1470 vivens
642 1443 668 1470 in
679 1443 819 1472 desideriis
832 1447 931 1481 earnis,

137 1487 320 1514 fornicabatur
336 1488 362 1514 in
376 1488 464 1515 idolis.
483 1489 520 1516 De
536 1488 631 1516 talibus
646 1490 683 1516 ait
706 1490 834 1518 Dominus
861 1493 931 1526 quod

136 1534 291 1568 praecedent
305 1542 352 1561 vos
368 1534 394 1561 in
408 1542 489 1568 regno
503 1535 642 1562 eoetorum.
658 1535 766 1570 (Matth.
783 1537 851 1572 xxi).

174 1580 199 1606 3.
216 1579 278 1606 llaec
294 1580 373 1614 igitur
387 1580 556 1607 Testamenta
571 1581 677 1608 Domini
691 1582 748 1608 sola
763 1584 892 1617 suscepit,
904 1588 931 1611 et

135 1625 229 1652 cadem
245 1625 360 1652 tideliter
372 1630 524 1658 conservat,
542 1626 658 1654 inimicis
669 1630 780 1655 omnino
804 1636 856 1655 non
873 1634 929 1656 tra-

135 1670 211 1703 didit,
228 1671 284 1705 ipsa
301 1672 389 1705 potius
402 1672 549 1706 periclitari
563 1676 670 1706 optans,
687 1673 835 1701 dummodo
846 1674 928 1703 illaesa

134 1724 166 1744 nc
180 1717 252 1744 salva
268 1722 398 1744 servaret.
411 1717 474 1744 llaec
486 1724 610 1744 casurum
626 1718 767 1751 mundum,
779 1719 848 1746 sicut
858 1719 929 1747 iliam

133 1763 279 1795 civitatem,
304 1763 416 1790 tirmiter
431 1763 553 1790 credidit.
575 1763 638 1790 lloec
654 1771 703 1798 pro
718 1771 748 1791 se
771 1771 803 1791 ac
820 1772 929 1793 suorum

133 1810 252 1836 omnium
268 1810 353 1836 salute
368 1814 472 1844 pactum
494 1816 555 1836 eum
570 1809 748 1836 Testamentis
762 1809 867 1838 Domini
891 1811 930 1838 se-

133 1857 180 1883 cit.
210 1856 272 1883 llaec
295 1856 321 1882 in
348 1856 427 1883 domo
450 1863 497 1882 sua
525 1862 645 1888 coecum,
666 1855 692 1882 id
716 1860 767 1889 est,
793 1857 927 1891 sanguinis

132 1902 237 1935 signnm
267 1901 365 1935 posuit.
395 1902 473 1927 lixtra
489 1900 557 1928 banc
578 1901 600 1928 si
615 1902 674 1936 quis
691 1901 813 1930 inventus
836 1903 925 1937 luerit,

131 1947 236 1974 ruinam
253 1947 344 1974 saeculi
359 1952 438 1982 atquc
453 1947 606 1975 incendium
621 1946 713 1974 mundi
728 1947 801 1975 nulla
822 1948 926 1977 ratione

132 1992 236 2019 vitabit.

438 2039 550 2068 CAPUT
571 2039 616 2067 ΙΙΙ.

240 2085 276 2112 Dc
290 2086 402 2113 transitu
427 2085 500 2113 Arcoe
514 2090 537 2112 et
548 2086 671 2113 divisione
685 2086 819 2114 Iordanis.

166 2142 192 2168 t.
208 2141 315 2168 Transit
331 2142 426 2169 deinde
441 2142 554 2176 populus
578 2149 638 2169 cum
665 2139 727 2170 arca
757 2143 924 2171 Testamenti

95 2179 101 2194 ‘
130 2192 203 2215 trans
217 2187 370 2214 Jordanem.
388 2187 441 2214 Sed
453 2187 516 2221 quid
534 2187 585 2214 sibi
602 2187 658 2214 vult
685 2188 755 2221 quod
778 2189 923 2216 Jordanem

128 2233 221 2261 eadem
233 2240 295 2259 arca
311 2238 473 2264 transeunte,
491 2240 537 2266 per
549 2232 702 2259 sacerdotes
713 2238 739 2259 et
754 2233 861 2262 Levitas
875 2234 923 2262 de-

127 2279 232 2306 ducitur
249 2278 335 2310 turba,
353 2278 456 2311 sicque,
471 2282 558 2303 stante
572 2284 639 2311 aqua
653 2276 772 2304 fluminis
787 2278 813 2304 in
829 2285 922 2306 cumu-

126 2324 192 2357 lum,
209 2323 255 2350 Dei
272 2323 383 2357 populus
398 2323 447 2349 iter
463 2321 564 2348 incedit
579 2321 734 2348 innoxium?
745 2321 807 2349 lloec
830 2323 920 2350 omnia

126 2370 272 2404 implentur
287 2369 314 2396 in
329 2369 456 2396 Ecclesiae
471 2368 575 2403 populis
589 2368 701 2402 mystica
715 2368 883 2402 operatione.

160 2428 187 2455 2.
204 2429 274 2456 Dum
287 2429 357 2456 enim
370 2427 428 2463 quis
443 2426 475 2454 ad
493 2425 615 2460 baptismi
640 2425 743 2452 venet-it
766 2423 876 2457 fontem,
892 2429 919 2453 et

124 2474 289 2502 consistente
311 2473 471 2501 sacerdotali
495 2476 522 2499 et
548 2471 655 2499 levitico
681 2470 775 2499 ordine
800 2470 918 2499 initiatus

159 2544 223 2571 Clu).
239 2552 258 2571 t.
275 2543 305 2570 N.
319 2542 347 2569 2.
363 2542 514 2576 Defunctus,
530 2547 614 2575 usque
629 2539 663 2568 ad
675 2540 796 2577 defuncta
813 2543 851 2568 est
863 2539 914 2567 lex.

125 2580 209 2611 θήρῃ,
226 2579 319 2609 homil.
337 2578 362 2608 1.
380 2578 475 2606 Gnln..
806 2610 811 2615 -
895 2609 901 2615 ι

159 2615 222 2642 Cur.
239 2622 268 2642 ll.
286 2614 316 2640 N.
332 2613 358 2640 2.
377 2612 449 2640 Raab
461 2619 518 2639 uero
533 2614 620 2646 typum
637 2615 701 2639 tenet
713 2608 845 2638 Ecclestoe.
857 2609 916 2637 Ort—

124 2657 206 2684 genes
222 2656 303 2683 smpe,
319 2652 344 2676 et
362 2647 520 2676 Ambrosius
536 2646 582 2675 lib.
597 2645 631 2674 de
657 2646 770 2679 Salona..
784 2649 813 2674 et
826 2644 914 2682 Augu-

123 2686 209 2712 stinus
227 2685 347 2719 pluribus
359 2685 410 2710 loo.
425 2682 521 2711 Galat..
831 2715 837 2721 ¹

160 2719 222 2746 cst.
235 2728 273 2746 tn.
282 2719 313 2746 N.
324 2719 347 2745 l.
356 2718 458 2745 Transit
465 2714 911 2753 deindepoputmlordan.origen„

123 2753 216 2782 homil.
232 2762 269 2782 tv.
285 2754 380 2783 Gaui..
853 2785 860 2792 ⁸
889 2786 896 2792 ,

159 2787 186 2814 5.
202 2788 268 2816 Pars
282 2798 350 2823 vero,
364 2793 417 2817 etc.
433 2788 487 2823 AL,
502 2796 562 2823 pars
577 2795 636 2815 vero
649 2794 740 2815 amara
761 2785 913 2824 defluunt·

123 2823 205 2853 nitro.
221 2824 348 2858 Aluum
367 2831 425 2853 vero
449 2824 476 2852 in
498 2822 718 2870 antoropcortflttit
740 2821 842 2859 qul-35⁴5v
859 2822 913 2848 itta-

987 1031 1162 1065 Testamenti‚
1178 1032 1204 1059 in
1219 1040 1271 1067 qua
1286 1032 1329 1060 lex
1344 1037 1465 1068 portatur
1476 1054 1485 1068 ,
1498 1035 1556 1063 sine
1569 1035 1662 1071 dubio.
1681 1042 1710 1067 ut
1727 1037 1778 1073 ipsi

987 1077 1137 1106 illuminent
1151 1078 1290 1113 poputum.

1289 1135 1402 1165 CAPUT
1421 1136 1466 1164 lv.

1084 1181 1124 1210 De
1136 1182 1236 1210 duabus
1247 1183 1325 1211 unsis
1338 1183 1453 1211 tribubus
1472 1185 1682 1220 proecsdaetttt‘btte.

1023 1228 1050 1256 t.
1068 1227 1133 1255 Duae
1146 1227 1228 1256 semis
1242 1229 1408 1263 tribus‚qnae
1419 1233 1492 1258 trans
1506 1230 1650 1260 Jordanem
1661 1239 1677 1261 a
1690 1231 1779 1269 ltoyse

987 1278 1147 1308 acceperant
1161 1278 1271 1307 terram,
1284 1275 1387 1304 relictis
1397 1277 1554 1306 mulieribus
1573 1283 1602 1307 et
1622 1279 1778 1315 infantibus,

987 1327 1047 1347 cum
1062 1319 1190 1347 tratribus
1207 1325 1388 1355 transeuntes,
1405 1323 1561 1356 praebebant
1573 1324 1628 1353 illis
1642 1327 1778 1361 pugnandi

985 1366 1126 1400 auxilium,
1157 1373 1295 1401 usquequo
1314 1373 1341 1395 et
1360 1368 1410 1402 ipsi
1423 1375 1652 1405 consequerentur
1665 1371 1778 1403 haerodi-

986 1415 1078 1439 tatem.
1095 1412 1153 1444 Isti,
1174 1412 1218 1446 qui
1234 1419 1281 1446 per
1300 1412 1408 1448 Moysen
1428 1414 1561 1448 accipiunt
1588 1415 1772 1445 liaereditatom

986 1461 1059 1484 trans
1078 1457 1233 1491 Iordanem,
1261 1462 1290 1486 et
1313 1466 1372 1487 cum
1394 1459 1522 1489 fratribus
1548 1461 1604 1489 suis
1630 1463 1726 1491 armati
1749 1468 1777 1492 et

985 1503 1121 1537 pra-cincti
1137 1503 1274 1537 incedunt,
1289 1503 1327 1532 illi
1351 1505 1403 1533 hoc
1427 1505 1488 1534 loeo
1514 1506 1709 1543 intelliguntur,
1731 1510 1777 1544 qui

983 1550 1098 1584 primum
1124 1557 1171 1584 per
1194 1550 1304 1585 Moysen
1325 1550 1483 1580 haereditate
1505 1551 1572 1587 legis
1592 1553 1670 1587 potiti
1696 1559 1775 1588 sunt,

984 1595 1054 1623 unde
1068 1600 1095 1623 et
1109 1595 1277 1631 primogeniti
1293 1603 1388 1624 omnes
1400 1604 1461 1625 esse
1473 1603 1666 1627 memorantur.

1017 1642 1043 1668 2.
1060 1642 1151 1669 Ruben
1174 1642 1273 1676 quippe
1288 1642 1480 1677 primogenitus
1495 1643 1577 1671 Jacob
1598 1649 1639 1672 est
1657 1652 1690 1672 ex
1712 1644 1771 1679 Lia,

944 1666 967 1698 C
985 1687 1041 1714 Gad
1055 1687 1245 1722 primogenitus
1259 1687 1380 1721 eiusdem
1394 1688 1428 1716 de
1442 1688 1552 1723 Zelplia,
1568 1689 1705 1717 lilanasses
1719 1692 1774 1725 pri-

984 1734 1133 1768 mogenitus
1148 1738 1190 1762 est
1213 1733 1324 1768 Joseph',
1349 1734 1382 1762 de
1395 1734 1520 1770 AEgyptia
1546 1735 1600 1764 tilia
1625 1737 1773 1767 sacerdotis

983 1779 1144 1815 Putipltaris.
1161 1780 1191 1808 ln
1204 1780 1246 1807 bis
1267 1788 1331 1815 ergo
1356 1781 1540 1817 primogenitis
1567 1783 1714 1818 figuraliter
1732 1786 1772 1817 illi

981 1833 1014 1853 ex
1029 1827 1110 1861 priori
1126 1826 1225 1861 populo
1238 1826 1423 1861 designantur,
1440 1828 1484 1861 qui
1498 1835 1545 1863 per
1559 1829 1647 1864 legem
1665 1830 1771 1864 placue-

981 1875 1043 1898 runt
1059 1871 1124 1904 Deo,
1145 1871 1244 1905 quique
1259 1878 1311 1898 nou
1327 1872 1511 1907 requiescunt,
1525 1873 1573 1901 sed
1600 1874 1716 1908 expediti
1734 1876 1770 1912 *ad

980 1916 1109 1944 auxilium
1125 1916 1235 1944 fratrum
1259 1924 1370 1944 suorum
1385 1922 1559 1953 consurgunt.
1574 1918 1769 1950 Laborantibus

979 1963 1051 1992 enim
1065 1962 1141 1991 nobis
1164 1963 1191 1991 in
1205 1971 1291 1999 agone
1311 1965 1391 2000 hujus
1415 1964 1477 1993 vitas
1503 1970 1583 2000 atque
1611 1966 1769 2002 habentibus

979 2014 1115 2037 certamen
1128 2010 1257 2038 adversus
1272 2011 1420 2039 contrarias
1431 2015 1578 2047 potestates
1589 2035 1597 2048 ‚
1612 2015 1722 2044 veniunt
1740 2016 1767 2044 in

977 2057 1106 2085 auxilium
1123 2057 1199 2085 nobis
1215 2058 1253 2086 illi
1268 2059 1313 2092 qui
1337 2062 1400 2086 ante
1423 2058 1567 2088 adventum
1593 2059 1692 2089 Christi
1719 2069 1766 2096 per

978 2103 1063 2138 legem
1076 2103 1212 2138 justificati
1224 2108 1296 2131 sunt.

1012 2151 1039 2178 5.
1055 2150 1182 2178 Videmus
1194 2150 1266 2177 enim
1280 2150 1389 2184 leniam,
1405 2150 1560 2183 Jeremiam.
1571 2149 1704 2179 accinctos
1715 2158 1765 2180 ex-

976 2195 1134 2230 peditosque
1144 2195 1177 2222 ad
1193 2195 1322 2222 auxilium
1335 2200 1468 2230 nostrum,
1482 2196 1516 2225 de
1531 2197 1692 2225 voluminum
1703 2205 1766 2225 suo-

974 2249 1032 2269 rum
1045 2241 1142 2276 jaculis
1156 2241 1244 2269 cordis
1256 2241 1342 2269 nostri
1356 2241 1503 2270 acerrimos
1517 2242 1608 2270 hostes
1621 2243 1765 2271 vulneran-

974 2291 1025 2314 tes.
1041 2286 1196 2322 accingitur
1211 2290 1238 2314 et
1257 2285 1351 2313 Daniel
1365 2286 1398 2313 ad
1413 2286 1540 2314 auxilium
1554 2290 1687 2320 nostrum,
1702 2295 1763 2316 cum

973 2340 1022 2360 nos
1035 2333 1068 2360 de
1083 2340 1166 2368 regno
1180 2331 1280 2360 Christi
1294 2335 1322 2359 et
1338 2331 1372 2360 de
1385 2330 1544 2360 Antium-isti
1566 2330 1654 2360 lutura
1668 2333 1763 2373 fraude

972 2378 1080 2406 instruit
1095 2382 1174 2413 atque
1185 2381 1343 2412 praemonet.

1006 2423 1033 2450 4.
1046 2423 1130 2452 Adest
1142 2427 1169 2451 et
1181 2423 1316 2456 Ezechiel,
1330 2426 1499 2452 sacramente
1514 2425 1591 2453 nobis
1604 2426 1722 2455 coelestia
1733 2429 1759 2456 in

970 2469 1198 2507 quadriformibus
1212 2473 1332 2498 rotarum
1355 2468 1463 2499 circulis
1487 2471 1607 2508 signans.
1629 2472 1707 2503 Ducit
1734 2479 1762 2503 et

966 2537 1120 2601 mhfflcfv.
1134 2571 1167 2600 N.
1184 2572 1210 2600 t.
1227 2570 1293 2600 Dum
1302 2571 1376 2601 semis
1390 2571 1482 2600 tribus.
1493 2570 1566 2608 orig.
1582 2571 1661 2601 verba
1671 2572 1758 2611 plera-

966 2615 1029 2644 que,
1044 2608 1117 2636 hom.
1133 2607 1160 2635 5.
1177 2605 1273 2636 earn„

1001 2641 1070 2671 lutet.
1079 2640 1239 2670 Haerednate
1253 2642 1315 2678 legis
1329 2642 1404 2679 potiti
1417 2646 1487 2673 sunt·
1498 2640 1556 2672 Non
1567 2643 1660 2681 gratim
1675 2649 1758 2679 evan-

964 2677 1069 2715 gelicae.
1087 2677 1147 2706 vid.
1158 2678 1231 2712 orig.
1245 2677 1341 2707 Grusr„
1731 2714 1737 2721 ⁸

1001 2711 1071 2741 Ibid.
1087 2711 1161 2741 Unde
1181 2718 1215 2746 et,
1229 2717 1283 2741 etc.
1310 2713 1373 2741 AL:
1488 2718 1576 2751 omaso
1595 2713 1757 2754 primogentti

965 2748 1120 2815 mxcv-(vel
1133 2748 1231 2786 sugere)
1251 2748 1294 2784 qui
1311 2752 1383 2781 trans
1421 2748 1541 2782 ortionem
1563 2746 1663 2782 m
1646 2780 1649 2782 ,
1684 2750 1754 2782 §ttiu-

1001 2817 1029 2847 ι.
1042 2816 1172 2849 soma.
1186 2817 1243 2852 tu..
1253 2818 1292 2853 tu
1302 2822 1407 2857 epm.
1423 2801 1517 2858 aure
1534 2823 1536 2827 ’

1708 2887 1715 2901 l

1801 0 1832 268 t
