1832 3016
144 178 203 205 293

657 166 686 194 S.
706 163 831 193 tStnont
850 161 1071 191 utst’ttmusts
1091 160 1242 191 episcopt

149 235 205 268 19).
223 229 355 265 Sntguine
379 225 438 261 agni
469 223 617 251 illiniuntur
631 222 813 250 Israelitatunt
830 224 930 254 postes,
946 221 972 251 Δ
985 219 1096 251 cedens,
1110 218 1260 246 adulterino
1274 223 1369 244 acrore
1383 219 1538 250 corruptum
1554 218 1605 243 est.
1621 215 1650 242 ln
1663 214 1713 243 hac
1723 222 1775 244 no·

151 287 183 306 ne
197 281 311 304 uastatur
332 271 440 306 angelus
455 269 552 296 audeat
565 268 666 295 inl'etre
681 267 839 302 perniciem.

183 323 372 355 ,LSignantur
392 318 469 352 signo
489 316 630 343 dominicae
644 314 776 349 passionis
796 313 822 340 in
838 313 933 340 fronti-

147 371 194 396 bus
218 367 308 394 sidetes
332 363 421 398 populi
444 363 476 390 ad
502 362 612 389 tutelam
636 361 741 393 salutis,
757 360 823 388 utlti
837 360 887 387 soli
900 360 934 386 ab

146 413 253 441 interitu
269 412 432 443 liberemur,
449 409 493 442 qui
518 415 614 434 cruore
635 406 777 434 dominicae
802 405 933 441 passionis

143 458 225 485 corde
239 462 264 484 et
280 456 366 483 fronte
381 455 474 489 signati
488 458 561 486 sunt,
575 452 620 487 qui
634 452 714 480 etiam
728 459 808 486 opere
820 452 934 486 loquun-

146 508 187 530 tur
204 511 210 529 z
229 503 362 537 Signatum
381 504 416 526 est
431 507 506 533 super
522 506 567 524 ηοι
583 498 667 524 tumen
680 496 765 524 vultus
781 497 829 530 tui,
842 496 933 523 Domi·-

141 558 181 576 πε.
197 548 271 576 Unde
285 552 311 574 et
333 545 480 581 appellatur
496 545 552 579 ipsa
568 544 724 571 solemnitas
750 543 846 576 Pham,
863 542 933 577 quod

145 602 192 621 nos
207 593 340 620 transitum
367 597 509 626 possumus
531 597 639 622 vocare,
654 597 686 617 eo
702 590 771 624 quod
786 589 819 616 de
834 588 929 623 pejori-

144 641 192 667 bus
215 640 246 666 ad
274 638 384 666 meliora
411 641 570 672 pergentes,
595 636 766 663 tenebrosam
790 635 933 670 AEgyptum

143 686 362 721 derelinquimus.

178 733 203 759 5.
226 732 300 766 Quod
320 738 408 759 autem
423 735 459 758 att
473 739 508 759 oe
527 731 587 766 agni
602 730 672 757 illius
687 738 733 757 esu
750 739 756 757 :
773 730 861 756 Onnzis
872 730 934 756 alie-

143 779 233 813 m'ycna
255 786 303 804 non
317 777 429 804 comedet
443 785 474 803 ex
487 785 525 810 eo,
543 781 564 803 et
577 777 603 803 in
618 784 669 802 una
681 776 756 802 domo
777 776 933 807 comedetur,

143 832 187 851 nec
202 823 310 858 efferetis
334 823 364 849 de
389 823 507 849 carnibus
530 823 585 857 ejus
608 824 689 858 foras,
707 821 756 849 boc
778 822 810 848 de
835 821 935 848 Christi

143 870 261 905 eorporis
275 874 454 901 sacramento,
471 868 548 903 cujus
563 875 648 903 agnus
674 868 718 894 ille
733 868 846 901 liguram
861 867 934 894 obti-

143 917 210 949 nuit,
235 915 340 950 proprie
362 919 468 943 tenetur
504 914 631 949 scriptum
658 914 756 947 :cujus
782 920 879 947 corpus
909 917 936 940 et
952 925 974 955 Β

141 965 248 998 sangnis
269 963 295 990 in
311 970 363 990 una
384 962 474 995 domo,
502 961 527 989 id
540 966 599 995 est,
616 962 642 988 in
657 969 708 987 una
729 960 847 987 Ecclesia
863 959 935 987 vesci

142 1010 305 1045 praecipitur,
332 1017 381 1037 nec
407 1009 498 1037 efferri
526 1008 608 1042 toras,
633 1008 660 1034 in
685 1006 806 1042 plebibus
833 1006 938 1034 scilicet

142 1055 349 1088 haereticorum.
381 1062 440 1090 quae
469 1054 502 1082 ab
525 1054 619 1082 eadem
644 1052 770 1081 Ecclesiae
797 1052 937 1080 catholicae

142 1104 244 1132 unitate
255 1104 319 1132 l'oris
331 1108 471 1139 vagantur.

433 1149 547 1178 CAPUT
569 1148 638 1176 xvt.

337 1197 374 1225 De
388 1198 513 1224 thesauris
543 1195 739 1231 AEqyptiorum.

181 1244 206 1270 l.
228 1243 358 1277 Praecepit
382 1244 480 1271 deliine
502 1243 601 1277 populo
617 1242 688 1268 Deus
712 1249 759 1276 per
775 1241 894 1276 Moysen,
910 1244 939 1266 ut

144 1289 177 1317 ab
201 1289 332 1324 AEgyptiis
359 1289 407 1316 sibi
439 1288 607 1315 commodata
624 1292 756 1321 peterent,
773 1295 831 1320 quae
856 1286 940 1312 auler-

144 1341 214 1364 rent.
240 1337 335 1370 Sicque
350 1335 455 1370 Moyses
483 1339 508 1360 et
525 1334 637 1368 populus·
655 1334 826 1366 proficiscens
838 1353 846 1364 ,
873 1338 939 1358 auro

144 1386 171 1408 et
185 1385 296 1415 argento
311 1381 436 1414 spoliavit
450 1379 590 1415 AEgyptios
614 1380 689 1413 jussu
706 1379 810 1405 Domini
826 1378 883 1411 Dei,
899 1377 938 1404 ni-

144 1427 182 1455 bit
195 1427 291 1461 injuste
310 1426 439 1461 jubentis.

182 1473 210 1499 Ξ.
231 1473 299 1506 Quid
327 1481 392 1507 ergo
418 1473 476 1499 baec
492 1470 732 1506 praefiguraverint,
758 1469 807 1495 nisi
828 1468 896 1503 quod
913 1468 939 1495 in

145 1527 221 1552 auro,
237 1524 264 1546 et
289 1524 411 1554 argento,
438 1526 469 1545 ac
481 1522 555 1544 veste
572 1516 758 1551 AEgyptiotunt
785 1514 940 1548 signiliratae

146 1569 210 1592 sunt
233 1565 352 1599 quaednm
375 1564 516 1597 doetrinae,
531 1563 609 1597 371
627 1570 685 1595 qua:
703 1569 734 1588 ex
753 1561 808 1594 ipsa
825 1567 941 1587 consue-

146 1610 239 1637 tudine
249 1611 365 1644 gentium
379 1617 431 1636 non
441 1608 527 1635 inutili
540 1607 627 1634 studio
643 1605 799 1633 discuntur?
815 1605 867 1632 Sed
883 1605 939 1632 sive
953 1621 975 1651 C

147 1655 198 1683 hoc
212 1655 357 1689 significet,
374 1655 431 1682 sire
446 1654 520 1686 illud,
535 1653 606 1688 qnod
622 1660 653 1679 ex
671 1651 736 1686 ipsis
748 1651 871 1685 gentibus
883 1651 941 1676 ani-

147 1709 197 1728 mae
212 1702 344 1735 pretiosae,
369 1706 493 1735 tanquam
524 1707 584 1726 vasa
600 1706 680 1726 aurea
697 1703 723 1725 et
739 1702 864 1731 argentea
880 1705 940 1723 cum

147 1748 203 1775 suis
218 1748 308 1782 utique
332 1746 502 1782 corporibus,
526 1745 596 1780 quod
612 1750 700 1772 vestes
718 1745 878 1778 significant,
896 1742 942 1769 ad-

145 1794 293 1829 junguntur
308 1794 407 1828 populo
421 1794 478 1824 Dei,
499 1798 526 1819 ut
549 1793 628 1819 simul
645 1793 677 1819 ‹lc
693 1791 742 1818 ltoc
757 1790 867 1824 szcculo,
884 1796 942 1817 tau-

147 1848 224 1875 quatn
236 1841 270 1868 de
285 1841 413 1875 AEgypto‚
429 1840 587 1866 liberentur.

431 1885 544 1912 CAPUT
575 1884 655 1911 Xi'll.

453 1931 492 1958 De
525 1931 636 1965 azymis.

187 1978 214 2006 1.
230 1978 306 2012 Quod
320 1985 383 2005 vero
399 1972 446 2010 an,
467 1977 599 2004 set'tttenlo
616 1976 731 2007 sublato,
751 1974 791 2002 sic
806 1974 943 2010 profectos

149 2032 209 2052 esse
230 2025 298 2051 lilios
314 2023 396 2051 lsrael
412 2023 445 2051 de
466 2023 596 2058 AEgypto,
613 2023 663 2049 boc
684 2026 710 2047 et
725 2028 739 2046 a
760 2021 838 2047 nobis
856 2020 944 2046 montis

148 2071 282 2103 omnibus.
296 2071 317 2098 si
340 2071 396 2098 (leri
410 2075 506 2105 potest,
520 2069 711 2097 elaborandum
728 2072 779 2101 cst,
798 2072 825 2094 ut
839 2075 942 2095 exeun-

148 2121 187 2144 tes
203 2125 219 2144 a
233 2117 323 2144 saeculi
336 2117 413 2152 liujus
430 2117 577 2148 illecebris,
592 2124 644 2142 non
658 2115 827 2142 ambulemus
843 2115 869 2141 in
886 2114 944 2141 ser-

149 2166 239 2188 mento
258 2162 355 2188 veteris
377 2161 485 2188 malitiae
507 2166 535 2188 et
559 2161 702 2194 nequitiae,
731 2160 778 2187 sed
797 2159 823 2187 in
843 2159 944 2194 azymis

149 2207 309 2235 sinceritatis
330 2211 358 2233 et
388 2207 518 2240 veritatis,
541 2206 613 2241 quod
639 2206 720 2233 estin
744 2207 804 2233 novi
829 2205 944 2232 bominis

150 2254 352 2281 conversatione
371 2272 379 2286 ,
402 2253 496 2280 relicto
518 2253 629 2287 pristino
655 2252 764 2279 bomine
785 2259 845 2278 cum
871 2251 942 2278 vitiis

150 2301 215 2327 suis.

186 2344 212 2371 2.
231 2344 319 2372 Etilli
339 2344 446 2379 quidem
472 2346 574 2377 septem
591 2341 686 2369 diebus
701 2349 794 2376 azyma
818 2340 943 2367 comede-

150 2392 223 2418 bant.
240 2390 294 2418 Nos
309 2397 374 2417 vero
391 2390 415 2416 si
440 2389 608 2423 simpliciter,
626 2393 653 2415 et
675 2395 740 2421 pure
765 2393 902 2414 versemur
916 2386 941 2413 in

151 2436 194 2463 liis
217 2441 319 2468 septem
341 2435 448 2468 diebus,
464 2434 561 2469 quibus
587 2432 703 2459 mundus
725 2432 775 2459 iste
799 2431 943 2466 peragitur,

151 2481 199 2516 qni
210 2489 318 2516 semper
332 2481 359 2508 in
379 2488 429 2508 sno
449 2479 542 2507 ordine
556 2479 744 2509 revolvuntur,
767 2481 794 2504 et
812 2475 943 2511 quotidie,

152 2528 228 2556 nobis
240 2535 324 2563 agnus
339 2527 482 2560 occiditur,
497 2532 524 2554 et
535 2525 635 2561 pasclia
650 2523 769 2559 quotidie
783 2523 944 2556 celebratur,

152 2575 174 2601 si
194 2575 353 2604 fermentum
369 2573 489 2606 malitiae,
506 2577 534 2601 et
547 2573 674 2607 nequitiae
691 2579 746 2598 non
762 2570 904 2604 babemus,
921 2569 956 2597 si>

152 2620 282 2653 innovati.
301 2620 367 2648 nibil
380 2628 415 2648 ex
428 2620 527 2648 veteris
541 2618 724 2658 corruptionis
738 2617 839 2646 malitia
854 2616 944 2644 facere

153 2667 325 2695 delectemur.

188 2712 216 2741 5.
231 2712 297 2740 Nam
323 2711 387 2748 quid
405 2715 447 2739 est
462 2710 533 2738 aliud
552 2709 726 2743 fermentum,
741 2708 794 2736 nisi
808 2685 945 2744 corruptio

153 2762 254 2787 naturae
263 2759 275 2787 τ
285 2759 356 2794 quod
365 2763 393 2787 et
403 2758 490 2794 ipsum
502 2757 576 2793 prius
587 2763 603 2784 a
616 2755 732 2784 naturali
747 2753 890 2783 dulcedine
901 2757 946 2783 re·

188 2826 254 2855 Gn».
260 2835 336 2856 mn.
351 2827 382 2857 N.
392 2828 420 2856 ¹.
426 2827 495 2857 Fere
502 2830 587 2856 totum
573 2826 656 2893 bam
669 2822 842 2868 esputexser

153 2862 254 2891 Sancto
262 2860 396 2893 ttttotouso
417 2862 540 2901 demut
628 2861 700 2896 ιιιιιιὶ
726 2891 732 2894 ,
780 2857 849 2895 2⁹⁹-

154 2895 311 2931 intramus,
325 2862 540 2927 ιιι.’ἇ1ιήιιιι“ι
514 2896 555 2927 ‘m
539 2862 734 2934 &Qut-tiit
776 2889 807 2933 ,ᾖ
823 2926 854 2934 ,,.

985 266 1026 293 bis
1040 266 1196 301 ptaecipitur
1211 265 1360 297 mansione,
1381 267 1411 291 ut
1432 271 1540 299 semper
1564 262 1726 298 egressionis
1741 270 1775 291 ex

985 312 1102 348 AEgypto
1122 319 1254 340 memores
1275 311 1368 344 simus,
1395 314 1423 338 ut
1439 310 1607 338 celebremus
1623 309 1733 345 pascha,
1749 308 1776 337 id

985 364 1036 393 est,
1052 359 1192 387 transitum
1213 364 1333 388 nostrum
1351 359 1386 387 de
1407 358 1543 393 prioribus
1557 357 1591 385 ad
1613 356 1735 390 meliora,
1751 359 1778 384 et

987 405 1164 441 primogenita
1185 406 1272 434 nostri
1300 405 1380 439 uteri,
1395 405 1420 432 id
1434 410 1486 436 est,
1500 408 1652 432 nostrotum
1667 409 1778 437 operum

985 458 1195 489 cunctarumque
1210 454 1338 481 virtutum
1362 452 1521 488 principium
1545 452 1659 480 Domino
1680 457 1778 479 conse·
1823 453 1832 494 ζ

986 506 1102 528 cremus.

1270 544 1382 572 CAPUT
1402 544 1495 572 xvttt.

1192 599 1231 626 De
1243 599 1361 627 columna
1372 601 1452 636 ignis,
1465 604 1488 626 et
1502 599 1577 626 nube.

1025 658 1050 685 l.
1071 658 1130 685 Jam
1161 662 1223 685 tunc
1243 657 1348 685 ridetur
1371 658 1500 684 Dominus
1516 662 1594 684 mit-'tc
1615 657 1641 684 in
1657 658 1779 684 columna
1826 669 1832 671 ·

987 703 1067 739 ignis,
1077 708 1103 731 et
1115 712 1162 738 per
1175 705 1246 732 diem
1257 705 1337 739 372
1350 704 1375 731 in
1390 705 1510 731 columna
1523 704 1609 736 nubis,
1626 704 1781 738 pratcedens
1828 695 1832 700 ⁴

987 753 1126 787 populum,
1142 757 1169 779 et
1193 751 1245 778 dux
1262 751 1366 778 itineris
1388 751 1482 778 iactus.
1507 750 1595 777 Nubes
1615 750 1665 777 ista
1682 757 1782 784 pra-ce-

987 799 1052 826 d¹·ns
1065 799 1188 825 Christus
1201 803 1240 824 est
1250 805 1257 824 :
1267 797 1338 824 idem
1360 797 1440 824 etiam
1459 797 1592 828 columna,
1606 796 1665 831 quia
1679 800 1778 829 rectus,

987 851 1013 873 et
1028 845 1132 877 firmus,
1148 849 1175 872 et
1190 843 1306 870 fulciens
1320 842 1504 870 infirmitatem
1520 847 1650 869 nostram.
1667 841 1717 868 Per
1732 849 1781 868 no-
1827 862 1832 863 .

988 897 1058 920 ctem
1072 892 1177 923 lucens,
1192 898 1240 925 per
1255 890 1325 917 diem
1338 897 1389 916 non
1403 890 1505 921 lucens,
1520 888 1604 922 utqui
1623 896 1674 915 non
1693 886 1783 914 vident

990 939 1106 971 videant,
1121 943 1148 965 et
1163 937 1208 972 qui
1222 936 1312 964 vident
1327 936 1391 963 caeci
1402 934 1465 962 stant
1481 935 1572 969 (Joan.
1591 942 1614 961 ιιι
1626 954 1634 967 ,
1645 933 1702 967 39).

1023 985 1050 1014 2.
1066 985 1158 1012 Potest
1174 988 1201 1012 et
1215 984 1253 1011 sic
1268 991 1319 1010 non
1333 983 1479 1018 incongrue
1491 981 1587 1015 accipi,
1601 980 1670 1015 quod
1682 978 1781 1006 Christi

988 1038 1187 1060 sacramentum
1212 1035 1337 1065 tanquam
1359 1029 1385 1055 in
1411 1028 1455 1055 die
1477 1027 1674 1054 manifestatum
1697 1029 1738 1052 est
1757 1024 1783 1051 in

988 1086 1077 1111 carne,
1096 1083 1220 1112 tanquam
1246 1077 1271 1103 in
1290 1075 1377 1107 nube;
1395 1075 1420 1101 in
1440 1074 1542 1109 judicio
1560 1080 1632 1104 vero,
1657 1077 1783 1106 tanquam

989 1125 1015 1152 itt
1031 1128 1133 1152 terrore
1154 1126 1297 1155 nocturno,
1313 1121 1374 1155 quia
1391 1125 1453 1147 tunc
1471 1120 1522 1146 erit
1535 1126 1631 1153 magna
1646 1117 1784 1145 tribulatio

989 1171 1079 1198 saeculi
1103 1175 1229 1206 tanquam
1253 1170 1331 1205 ignis,
1349 1173 1376 1196 et
1406 1167 1504 1196 lucebit
1525 1167 1615 1202 justis,
1631 1171 1659 1194 et
1681 1163 1785 1194 ardebit

989 1217 1104 1252 injustis.

1295 1260 1408 1289 CAPUT
1426 1259 1509 1289 ΧΙΧ.ἶ

1242 1318 1280 1345 De
1299 1318 1422 1345 divisione
1441 1317 1520 1344 maris

1028 1376 1054 1402 l.
1071 1375 1249 1410 Sequentibus
1275 1375 1337 1401 inde
1362 1374 1512 1409 AEgyptiis‚
1539 1373 1655 1408 percutit
1682 1373 1786 1408 Moyses

992 1422 1065 1457 virga
1079 1429 1172 1456 aquas,
1189 1426 1216 1448 et
1244 1421 1407 1448 transierunt
1429 1420 1478 1446 lilii
1504 1420 1584 1447 lsrael
1607 1428 1653 1453 per
1669 1419 1786 1446 medium

993 1477 1066 1497 mare
1088 1469 1218 1495 Rubrum.
1244 1467 1312 1501 Quid
1332 1474 1406 1494 mare
1427 1467 1557 1500 Rubrum,
1574 1466 1626 1493 nisi
1639 1466 1787 1500 baptismus

993 1522 1033 1545 est
1050 1517 1150 1544 Cltristi
1166 1515 1295 1550 sanguine
1314 1514 1507 1542 consecratus?
1529 1513 1625 1540 llostes
1643 1517 1787 1546 sequentes

993 1571 1053 1590 cum
1070 1571 1143 1597 rege,
1158 1561 1202 1596 qui
1215 1569 1230 1588 a
1247 1566 1321 1595 tergo
1336 1561 1495 1591 moriuntur,
1514 1563 1623 1593 peccata
1643 1563 1705 1585 sunt
1719 1565 1786 1592 pt-ae-

994 1610 1080 1642 tet-ita,
1107 1616 1167 1643 quae
1186 1608 1320 1639 delentur,
1336 1611 1362 1634 et
1390 1605 1525 1636 diabolus,
1542 1603 1588 1639 qui
1610 1604 1637 1630 in
1655 1602 1786 1636 spirituali

995 1657 1126 1691 baptismo
1141 1654 1294 1681 suffocatur.
1312 1653 1438 1680 Premunt
1458 1651 1565 1686 quidem
1587 1649 1726 1685 AEgyptii;
1741 1656 1786 1677 ur-

994 1708 1057 1739 gent
1073 1708 1099 1730 et
1110 1703 1210 1730 instant
1226 1704 1345 1737 peccata,
1359 1699 1407 1727 sed
1428 1705 1512 1733 usque
1525 1697 1559 1725 ad
1572 1704 1679 1731 aquam.

1292 1755 1405 1783 CAPUT
1426 1754 1484 1782 XX.

1311 1813 1347 1841 De
1366 1813 1474 1840 cantico.

1034 1877 1056 1903 l.
1068 1876 1132 1903 Post
1143 1873 1284 1902 transitum
1300 1871 1384 1899 Rubri
1399 1870 1481 1898 maris
1503 1868 1575 1897 canit
1589 1867 1722 1896 canticum
1738 1872 1787 1902 po-

997 1923 1075 1958 pulus
1099 1922 1163 1953 Deo,
1186 1919 1319 1955 AEgyptiis
1343 1923 1369 1946 et
1386 1918 1525 1945 Pharaone
1546 1914 1704 1943 submersis.
1727 1913 1786 1942 Non

995 1969 1071 1996 aliter
1092 1973 1119 1995 et
1134 1967 1238 1998 fideles,
1255 1970 1396 2000 postquam
1408 1964 1446 1991 ‘de
1465 1963 1573 1990 lavacro
1589 1960 1786 1993 conscendunt,

996 2014 1135 2042 exstinctis
1162 2011 1287 2047 peccatis,
1318 2010 1447 2044 hymnum
1475 2008 1502 2036 in
1518 2014 1582 2035 voce
1605 2005 1788 2041 gratulationis
1821 2026 1825 2027 .

996 2060 1129 2092 emittunt,
1146 2058 1282 2086 dicentes:
1308 2055 1447 2083 Cantemus
1462 2054 1584 2086 Domino,
1602 2053 1711 2088 qtoriose
1722 2053 1788 2078 enlm

996 2106 1179 2140 honorificatus
1199 2108 1257 2136 ειη
1283 2111 1374 2137 equum
1401 2107 1424 2129 et
1442 2107 1603 2129 ascensorem
1623 2099 1729 2135 projecit
1761 2097 1788 2124 ιἰι

996 2163 1074 2181 mure.
1828 2174 1832 2175 ⁷

1031 2200 1058 2226 9..
1076 2198 1151 2232 Quod
1168 2202 1256 2225 tamen
1271 2195 1367 2224 melius
1381 2199 1408 2222 et
1423 2193 1529 2229 dignius
1545 2192 1590 2220 ille
1605 2190 1672 2219 dicit
1685 2190 1728 2224 qui
1740 2189 1789 2232 ba·
1828 2218 1832 2219 ⁷

996 2245 1084 2272 buerit
1098 2249 1252 2279 tympanum
1275 2243 1302 2269 in
1318 2249 1398 2269 manu
1414 2248 1472 2272 sua,
1489 2239 1557 2266 sicut
1577 2237 1671 2269 Maria,
1694 2235 1720 2263 id
1736 2239 1788 2269 est,

996 2298 1105 2317 carnem
1120 2297 1195 2316 suam
1210 2286 1372 2316 crucifixerit
1381 2292 1442 2313 cum
1453 2284 1523 2311 vitiis
1532 2279 1789 2316 etconcupiscentiis
1827 2294 1832 2311 5

997 2336 1068 2373 (Gal.
1095 2337 1133 2370 v),
1150 2340 1178 2363 et
1205 2331 1406 2361 mortificaverit
1433 2330 1552 2358 membra
1574 2335 1621 2356 sua
1646 2335 1705 2362 qute
1728 2328 1798 2354 sunt,
1819 2327 1832 2365 j]

997 2389 1078 2415 super
1094 2387 1191 2408 terram
1204 2378 1313 2414 (coloss.
1332 2377 1384 2411 ιιι).
1820 2367 1832 2379 ⁴

1031 2428 1057 2454 5.
1080 2427 1138 2454 lam
1159 2424 1256 2453 debinc
1271 2424 1377 2451 ducitur
1397 2426 1456 2456 post
1472 2420 1554 2448 uraris
1578 2419 1720 2447 transitum
1742 2423 1790 2452 po-
1822 2425 1832 2455 ς

997 2474 1074 2508 pulus
1100 2480 1146 2507 per
1165 2471 1313 2506 desertum.
1347 2467 1475 2503 Baptizati
1498 2466 1602 2494 scilicet
1623 2471 1717 2493 omnes
1741 2470 1791 2499 per
1805 2459 1832 2513 q

997 2519 1138 2551 muudum.
1154 2526 1206 2545 non
1219 2516 1386 2551 perfruentes
1398 2514 1529 2550 promissa
1544 2513 1644 2548 patna
1658 2510 1705 2539 sed
1717 2509 1806 2555 quod
1829 2517 1832 2527 ¹

997 2573 1051 2594 non
1061 2565 1160 2597 videat,
1174 2563 1316 2599 sperando,
1329 2567 1354 2590 et
1366 2569 1413 2597 per
1427 2557 1669 2596 patieritiam1373
1680 2552 1792 2592 exspec-

996 2613 1089 2647 tando,
1114 2617 1242 2645 tanquam
1257 2609 1283 2638 in
1295 2610 1404 2638 deserto
1416 2613 1490 2640 sunt.
1503 2613 1530 2636 et
1544 2605 1599 2634 illic
1612 2597 1778 2639 taberioli-‘se

996 2658 1153 2696 portentosa
1159 2660 1332 2687 tentationes.
1341 2662 1377 2684 ne
1382 2658 1552 2682 revertantur
1559 2649 1658 2679 eorde‘
1652 2656 1690 2677 ιιι

997 2709 1069 2738 tum,
1081 2711 1131 2732 nec
1144 2703 1181 2732 ibi
1195 2703 1303 2732 tandem
1312 2701 1437 2731 cbristus
1447 2699 1562 2747 deserit,
1573 2699 1634 2727 nam
1644 2695 1672 2725 'ot
1676 2693 1732 2723 illa*

997 2750 1280 2780 lumnanonreeedit.
1427 2763 1429 2765 ·
1451 2777 1457 2781 ,
1526 2763 1543 2768 *¹
1570 2759 1574 2765 ’
1654 2755 1659 2769 ’

983 2821 1134 2855 rectitudo.
1147 2826 1172 2850 st
1184 2821 1306 2857 fimana,
1317 2814 1342 2871 ιι
1353 2797 1510 2855 sumt-“o
1510 2791 1695 2850 mm*
1711 2801 1716 2807 ³
1742 2796 1757 2806 Π

997 2857 1068 2886 tatis.
1076 2859 1171 2887 Anv.
1220 2869 1230 2882 ι
1312 2887 1315 2898 3
1396 2895 1397 2899 Ἰ
1383 2860 1450 2892 :J
1471 2859 1479 2869 ’
1506 2859 1530 2880 ι-
1544 2855 1575 2877 t
1575 2860 1684 2892 ..ωιωῖ
1723 2856 1765 2883 γι

1342 2905 1421 2943 “5:—
1425 2893 1651 2955 ἰνὶιτὶιωθνέ
1666 2923 1692 2946 Ιιι
1727 2909 1770 2949 J]

1263 2911 1341 2952 '¹¹11'¹
1357 2939 1365 2952 ι
