1832 3016
132 179 181 210 29¹

133 236 276 268 haereditas
289 235 350 268 Dei,
363 233 390 262 id
404 237 454 266 est.
469 233 593 268 populus,
609 234 643 261 ab
663 241 696 262 eo
719 234 791 262 foras
804 234 915 271 missus,
929 237 957 269 A

130 284 280 314 immundus
301 283 385 309 tactus
411 284 462 308 est.
487 280 562 308 Sicut
573 282 703 316 scriptum
727 285 770 309 est
791 281 827 310 de
853 290 885 310 ea
905 291 914 311 ε

131 327 166 358 Ut
175 328 235 363 quid
245 327 336 354 avertis
348 328 440 361 [aciem
454 331 534 359 tuam,
548 331 573 353 et
592 325 723 354 dexteram
737 331 808 354 tuam
822 328 853 356 de
863 337 916 357 me-

127 374 170 401 dio
181 373 240 401 sinu
252 377 295 400 tao
306 371 366 407 (Pa.
379 380 472 407 txxtn,
484 371 544 406 ¹1)?
556 371 609 400 Sed
622 372 684 407 quid
698 372 737 401 itti
749 370 804 402 ait?
814 373 916 402 Revoca

125 429 180 447 eam
200 421 226 447 in
242 419 325 446 sinum
337 424 418 447 taum.
434 417 587 451 Revocavit,
603 422 630 446 et
640 425 749 447 reversa
761 423 803 448 est
816 419 850 448 ad
869 427 914 448 co-

124 465 207 494 lorem
222 473 308 493 suum.

158 511 184 539 2.
200 511 244 540 Sic
258 515 284 540 et
295 510 370 547 plebs
388 510 481 538 Judaea
495 518 567 538 nunc
583 509 670 539 aliena
685 516 727 540 est
747 519 762 540 a
778 511 839 540 sinu
853 511 912 546 Dei,

122 562 150 586 et
163 559 227 586 toris
242 557 377 585 immunda
392 557 535 591 remansit;
564 557 612 586 sed
638 558 775 587 revocabit
797 566 868 593 eam,
885 563 914 587 et

121 605 219 632 redibit
233 605 266 631 ad
281 603 420 638 pristinum
436 604 566 638 colorem,
582 604 646 633 dum
661 606 801 640 agnoverit
822 606 912 634 Domi·

122 657 184 676 num
198 648 373 676 Salvatorem.
388 648 464 676 Nunc
478 649 553 676 enim
568 650 675 677 caecitas
689 658 722 678 ex
735 655 811 686 parte
825 652 911 679 conti-

120 693 159 728 git
174 694 199 720 in
214 693 304 726 lsrael,
318 693 401 720 donec
414 693 552 727 plenitudo
562 694 682 729 gentium
693 695 819 730 introeat.
836 701 862 724 et
875 696 912 725 sie

100 763 104 774 ,
120 739 207 767 omnis
218 739 300 767 lsrael
311 738 402 766 salvus
417 738 475 766 liat.

434 797 549 826 CAPUT
565 797 599 826 X.

100 871 103 886 a
270 842 308 870 De
321 842 396 878 aquic
410 844 538 870 conversis
551 845 577 870 in
591 844 754 879 sanquinem.

99 889 102 901 ‘
156 888 181 916 1.
198 888 298 916 Deinde
312 895 389 923 aquae
402 888 491 916 missae
505 889 530 916 iu
548 893 647 917 terram
668 898 684 918 a
697 890 788 926 Moyse
802 893 911 918 vertun-

658 174 688 204 S.
707 172 829 203 tStbont
850 170 1068 206 utsPALtthts
1090 175 1242 206 ertscoPt

1703 176 1758 208 292

1264 235 1377 264 CAPUT
1396 234 1453 263 xlt.

1158 282 1196 311 De
1208 283 1278 318 virqa
1292 283 1319 310 in
1333 283 1470 310 draconem
1482 289 1564 310 vena.

1002 329 1027 356 t.
1039 328 1158 365 Proiecit
1166 329 1264 357 deinde
1275 329 1379 365 Moyses
1389 329 1490 364 virgam
1503 337 1593 358 coram
1606 329 1756 366 Pharaone,

964 379 993 403 et
1003 383 1114 411 serpens
1129 376 1216 405 tactus
1238 377 1375 404 devoravit
1397 381 1535 411 serpentes
1558 377 1757 413 ‚Egyptian-um,
1788 396 1801 405 ι

964 421 1117 456 significans
1130 423 1201 457 quod
1220 422 1332 450 verbum
1353 429 1416 450 caro
1443 423 1528 455 lieret,
1554 423 1599 457 qui
1624 422 1758 458 serpentis
1792 438 1795 443 ·

964 466 1015 494 diri
1031 473 1134 495 venena
1156 473 1298 495 evacuaret
1313 475 1361 502 per
1376 467 1560 496 remissionem
1574 473 1601 495 et
1615 468 1756 504 indulgen-

965 512 1028 540 tiam
1041 518 1225 548 peecatorum.
1240 514 1320 549 Virga
1329 518 1372 542 est
1381 515 1453 542 enim
1463 514 1573 542 verbum
1585 514 1633 542 Dei
1644 518 1757 548 rectum,

964 560 1064 595 regale,
1079 560 1186 595 plenum
1203 562 1354 595 potestatis,
1370 561 1474 596 insigne
1487 561 1604 597 imperii.

998 606 1025 633 2.
1037 606 1116 642 Virga
1130 614 1241 641 serpens
1256 608 1324 635 tacta
1337 614 1390 641 est,
1405 609 1530 644 quoniam
1543 609 1590 644 qui
1603 613 1661 637 erat
1675 609 1758 638 Filius

965 653 1023 686 Dei,
1039 661 1076 681 ex
1092 653 1147 681 Deo
1167 654 1248 683 Patre
1264 660 1355 687 natus,
1371 655 1440 683 filius
1456 656 1572 683 hominis
1596 656 1681 684 fuctus
1705 661 1756 691 est,

963 703 1042 727 natus
1057 707 1089 727 ex
1104 700 1217 735 virgine,
1230 701 1275 736 qui
1290 701 1366 736 quasi
1381 709 1492 736 serpens
1508 701 1640 729 exaltatus
1655 702 1681 729 in
1696 709 1756 729 cru-

963 752 1032 778 cem,
1054 745 1214 773 medicinam
1234 747 1390 775 vulneribus
1416 747 1510 775 infudit
1530 747 1664 776 humanis.
1683 747 1758 776 Unde

963 791 1020 826 ipse
1041 791 1170 819 Dominus
1185 792 1242 819 ait:
1261 793 1334 820 Sicut
1349 792 1451 828 Moyses
1475 793 1593 820 exaltavit
1618 798 1759 829 serpentem

963 837 990 863 in
1004 836 1116 871 deserto,
1131 837 1169 864 ita
1188 838 1296 865 exaltari
1308 842 1406 873 oportet
1421 837 1521 866 Filium
1535 838 1645 866 hominis
1662 837 1755 874 (loan-

963 882 1016 917 tn).

120 940 162 962 tut·
177 935 202 961 in
217 934 385 968 sauguinem,
402 935 429 962 id
442 938 493 968 est,
510 935 602 970 populi
619 936 646 963 iu
659 936 796 972 sauguinis
811 936 910 964 Christi
925 936 948 968 B
998 928 1025 956 5·
1043 929 1121 965 Virga
1143 930 1213 958 enim
1229 930 1323 966 M⁰Y⁵52
1337 931 1362 958 3¹¹
1379 931 1523 959 df³⁰⁰¹¹e¹¹¹
1544 939 1686 967 0⁰¹¹V⁰fs³2
1701 939 1757 959 ¹¹¹³·

118 981 208 1009 fident-
225 985 305 1017 Aquae
321 982 403 1015 enirn,
418 983 456 1010 ait
468 984 653 1019 Apocalypsis,
667 992 734 1019 quas
747 984 848 1020 vidisti,
863 992 911 1021 po-

118 1028 172 1063 puli
187 1033 259 1062 sunt,
274 1034 301 1056 et
316 1033 408 1063 gentes
423 1030 518 1063 (Apoc.
534 1030 611 1065 xvtt).

356 1087 436 1122 365
462 1087 575 1114 CAPUT
597 1087 642 1114 xt.

251 1131 290 1158 De
304 1132 420 1166 ingressa
433 1131 534 1167 Moysis
546 1133 581 1159 ad
597 1132 772 1161 Pharaonem.

156 1178 181 1204 1.
193 1177 256 1205 Post
267 1178 325 1204 hoec
339 1179 437 1205 intrant
447 1178 479 1205 ad
492 1178 659 1206 Pharaonem
673 1180 777 1215 Moyses
785 1183 812 1207 et
822 1179 911 1207 Aaron

119 1227 241 1258 petentes
255 1223 324 1250 viam
341 1224 422 1251 trium
448 1225 552 1252 dierum
575 1225 724 1260 profiscisci
749 1226 776 1253 in
805 1226 912 1254 deserto

116 1270 242 1304 poputum
266 1270 358 1303 lsrael,
374 1274 401 1298 et
413 1270 449 1298 ibi
465 1271 619 1299 sacrificare
634 1272 746 1299 Domino
763 1272 829 1300 Deo.
847 1273 912 1306 Quat

115 1322 157 1345 est
170 1318 211 1345 via
237 1317 316 1345 trium
332 1319 447 1353 dierum,
465 1327 524 1354 quae
540 1319 617 1347 nobis
638 1320 787 1347 incedenda
813 1325 866 1353 est,
882 1324 911 1347 ut

118 1369 247 1391 exeuntes
260 1364 294 1391 de
307 1364 421 1399 AEpyplo
435 1365 576 1399 pervenire
588 1366 721 1400 possimus
736 1366 769 1393 ad
784 1366 871 1393 locum
884 1366 909 1392 iu

120 1417 173 1442 quo
189 1410 327 1437 immolare
343 1410 508 1438 debeamus?
523 1410 571 1438 Via
586 1411 635 1438 ista
654 1411 779 1439 Christus
799 1416 850 1447 est,
865 1412 909 1447 qui

115 1453 182 1481 dixit
195 1462 201 1479 :
219 1454 274 1489 Ego
289 1463 343 1481 sum
356 1455 407 1488 via,
423 1456 515 1483 veritat
530 1475 538 1489 ,
552 1461 575 1482 el
592 1457 642 1482 vita
656 1456 746 1491 (loon.
762 1458 829 1492 xiv).

150 1499 176 1526 2.
193 1500 256 1533 Quae
272 1500 311 1527 via
326 1501 415 1528 triduo
431 1502 507 1529 nobis
530 1502 679 1530 incedenda
694 1507 744 1530 est.
767 1504 818 1536 Qui
837 1504 908 1531 enim

114 1544 252 1573 consessus
267 1546 348 1574 fuerit
362 1546 504 1574 Dominum
520 1547 611 1575 «lesum
629 1549 656 1576 in
670 1556 717 1576 ore
730 1557 790 1582 suo,
803 1554 830 1577 et
847 1558 909 1578 cre-

113 1590 209 1618 diderit
223 1592 250 1619 in
264 1592 346 1620 eorde
356 1600 405 1620 suo
419 1594 489 1628 quod
502 1594 571 1621 Deus
585 1596 722 1623 suscitavit
738 1604 798 1623 eum
811 1603 826 1623 a
837 1603 909 1624 mor·

112 1637 164 1664 tuis
179 1638 258 1665 tertia
271 1638 325 1673 die,
344 1639 434 1667 salvus
447 1639 507 1667 erit.
526 1641 589 1668 llaee
604 1645 646 1669 est
671 1649 735 1677 ergo
756 1642 837 1670 tridui
852 1643 906 1678 via,
921 1625 945 1659 C

113 1689 250 1718 perquam
266 1685 420 1719 pervenitur
433 1686 467 1712 ad
489 1685 577 1714 locum
593 1687 620 1713 in
643 1695 697 1722 quo
722 1688 833 1715 Domino
857 1688 908 1715 im-

114 1729 228 1757 moletur
238 1735 264 1757 et
275 1731 403 1758 reddatur
417 1731 580 1760 sacrificium
602 1733 698 1761 laudis.
720 1734 908 1762 Abominatio-

112 1781 160 1801 nes
174 1795 181 1807 ,
203 1775 342 1810 inquiunt,
366 1776 551 1812 AEgyptiorum
574 1778 772 1808 immolabimus
794 1781 907 1809 Domino

111 1820 167 1848 Deo
183 1827 286 1850 nostro.

145 1877 172 1904 5.
187 1877 255 1905 Oves
269 1878 367 1913 quippe
386 1879 504 1915 AEgyptii
531 1880 610 1908 edere
638 1881 830 1916 dedignantur3
858 1883 905 1911 sed

110 1923 180 1958 quod
200 1923 387 1952 abominantur
401 1926 531 1961 AEgyptii,
548 1926 599 1954 hoe
614 1927 740 1955 lsraelitae
765 1928 819 1956 Deo
840 1928 905 1957 otre-

110 1974 183 2004 rum,
198 1970 259 2004 quia
271 1971 468 2006 simplicitatem
480 1973 663 2006 conscienum,
676 1981 754 2008 quam
770 1975 905 2008 sapientes

110 2012 188 2049 hujus
200 2016 300 2050 sxuculi,
318 2016 368 2043 hoc
379 2021 430 2050 est,
446 2018 518 2046 cives
530 2018 660 2054 AEgyptii,
670 2020 744 2054 quasi
756 2020 904 2048 fatuitatem

109 2059 250 2094 deputant,
267 2062 334 2089 hane
348 2063 413 2096 justi
429 2063 484 2091 Deo
500 2066 525 2092 in
540 2066 701 2093 sacrificium
715 2067 864 2100 immolant,
877 2071 904 2095 et

110 2111 157 2137 per
170 2104 196 2131 id
210 2106 264 2132 Deo
277 2107 382 2140 placere
398 2115 551 2143 procurant,
568 2111 639 2144 quod
654 2113 752 2139 saecuto
763 2118 789 2140 et
803 2113 904 2141 mundo

109 2149 242 2183 abjectum
266 2155 292 2177 et
305 2154 506 2188 contemptibile
529 2162 588 2182 csse
608 2157 790 2190 considerant,
807 2166 902 2186 seeun-

108 2194 170 2222 dutn
183 2196 350 2230 Apostolum,
367 2199 410 2232 qui
426 2200 462 2226 ait
478 2209 484 2226 :
502 2200 571 2227 Nam
586 2210 642 2235 qua:
654 2203 732 2230 stulta
744 2206 903 2232 autumandi

107 2241 181 2278 eleqt't
197 2241 274 2276 Deus,
291 2247 317 2269 ut
333 2245 474 2278 confundat
485 2248 611 2280 sapientes
626 2247 656 2284 (Ι
669 2248 729 2276 Cor.
745 2250 777 2286 ι).

143 2286 169 2314 Δ.
186 2287 226 2315 Ex
244 2297 296 2322 quo
310 2295 400 2317 autem
427 2292 508 2326 coepit
523 2293 595 2327 loqui
610 2293 714 2330 Moyses
728 2296 761 2323 ad
784 2296 902 2326 Pharao-

961 983 1055 1011 gorum
1071 978 1212 1005 ahsorhuit
1227 979 1333 1013 virg:=s;
1347 982 1375 1006 et
1388 978 1512 1006 Christus
1525 984 1585 1014 post
1598 979 1690 1014 gloriae
1700 986 1756 1008 suae

962 1021 1119 1055 dignitatem
1138 1023 1224 1050 factus
1245 1029 1286 1051 est
1299 1023 1428 1051 obediens
1443 1033 1527 1060 usque
1540 1025 1574 1052 ad
1590 1030 1715 1059 mortem,
1730 1029 1757 1053 et

962 1075 1011 1103 per
1019 1069 1102 1103 ipsam
1114 1074 1228 1096 mortem
1239 1070 1327 1097 carnis
1339 1070 1506 1105 consumpsit
1517 1070 1638 1098 aculeum
1650 1070 1754 1105 mortis,

961 1117 1104 1141 attestante
1117 1115 1246 1149 propheta
1261 1123 1269 1141 :
1287 1115 1338 1142 Ero
1352 1123 1421 1143 mors
1437 1120 1492 1151 tua,
1505 1124 1520 1144 o
1535 1124 1615 1152 mors,
1631 1124 1674 1145 ero
1685 1124 1755 1145 mor-

961 1168 1005 1187 sus
1022 1164 1089 1195 tuus,
1106 1160 1204 1196 inferne
1215 1161 1294 1196 (Osee
1309 1161 1379 1198 xut).

1257 1218 1371 1246 CAPUT
1392 1218 1461 1247 ΧΙΙΙ.

1159 1263 1199 1291 De
1213 1264 1381 1291 obduratione
1396 1264 1553 1293 Pharaonis.

999 1309 1023 1335 t.
1040 1308 1174 1336 induravit
1190 1309 1319 1337 Dominus
1332 1317 1378 1337 cor
1392 1310 1550 1346 Pharaonis,
1567 1311 1670 1340 scilicet
1691 1312 1754 1347 quia

961 1355 1096 1383 diabolum
1110 1356 1144 1382 ita
1159 1356 1291 1383 induravit
1307 1359 1368 1390 post
1382 1362 1534 1391 peceatum,
1550 1362 1579 1385 ut
1591 1358 1754 1393 poeniteutiae

961 1402 1167 1437 compunctione
1182 1410 1314 1437 nunquam
1329 1403 1493 1436 emolliatur,
1507 1404 1577 1432 sicut
1598 1405 1626 1432 in
1645 1404 1695 1432 Job
1718 1404 1754 1433 de

961 1455 994 1476 eo
1006 1447 1134 1484 scriptum
1149 1452 1208 1477 est:
1220 1448 1405 1483 Indurabitur,
1424 1449 1498 1484 quati
1520 1450 1586 1485 lapis
1602 1449 1673 1485 (Job.
1685 1449 1751 1485 xm).

1205 1504 1284 1539 367
1305 1504 1417 1532 CAPUT
1437 1504 1507 1532 xtv.

1227 1549 1266 1575 De
1285 1549 1372 1577 decem
1390 1550 1482 1585 ptaqis.

998 1595 1025 1623 t.
1045 1594 1145 1622 Dehinc
1166 1595 1317 1623 inseruntur
1345 1597 1427 1631 plagae
1443 1599 1470 1624 iu
1493 1596 1650 1633 AEgyptum.
1677 1598 1752 1627 Licet

961 1640 1003 1667 illa
1011 1640 1036 1667 in
1047 1641 1179 1676 AEgyptiis
1186 1642 1363 1676 corporaliter
1369 1648 1442 1678 gesta
1453 1648 1523 1678 sunt,
1532 1644 1706 1678 spiritualiter
1713 1648 1753 1672 ta-

961 1695 1022 1715 men
1034 1696 1105 1715 nunc
1112 1694 1240 1723 geruntur
1251 1689 1278 1717 in
1287 1690 1373 1717 nobis.
1384 1690 1516 1726 AEgyptus
1531 1699 1647 1726 namquo
1660 1691 1752 1720 soeeuli

959 1735 1044 1763 fortna
1055 1740 1107 1764 est.
1123 1736 1210 1764 Prima
1226 1737 1313 1772 plaga,
1326 1738 1354 1765 in
1366 1746 1418 1773 qua
1430 1739 1517 1772 primo
1540 1746 1617 1774 aquae
1642 1744 1752 1767 vertun-

960 1794 1003 1817 tur
1027 1789 1054 1816 in
1081 1790 1251 1823 sanguinem.
1276 1791 1360 1825 Aquoe
1376 1791 1511 1826 AEgyptiae
1526 1792 1650 1825 erratica,
1665 1796 1693 1820 et
1713 1791 1752 1820 lu-

959 1835 1034 1863 brica
1047 1835 1269 1870 philosophorum
1285 1842 1347 1864 sunt
1362 1838 1498 1872 dogmata.

994 1882 1021 1908 2.
1042 1884 1107 1914 Quae
1126 1883 1222 1910 merito
1244 1883 1270 1910 in
1294 1884 1452 1919 sanguinem
1479 1889 1627 1917 vertuntur,
1644 1883 1704 1919 quia
1722 1884 1751 1911 in

957 1935 1045 1955 rerum
1057 1929 1143 1955 camis
1152 1929 1429 1958 carnalitersentiunt.
1447 1930 1499 1958 Sed
1516 1930 1561 1957 ubi
1571 1937 1635 1958 crux
1649 1929 1750 1958 Christi

957 1974 1056 2001 mundo
1082 1973 1144 2001 huic
1169 1975 1258 2002 lumen
1290 1977 1413 2004 veritatis
1437 1977 1574 2010 ostendit,
1598 1975 1751 2010 huiusmodi

957 2028 1017 2048 eum
1039 2022 1254 2056 correptionibus
1278 2029 1382 2059 arguet,
1402 2028 1432 2051 ut
1449 2032 1482 2052 ex
1506 2023 1635 2059 qualitate
1656 2029 1750 2058 poena-
1800 2063 1803 2066 ἦ

957 2073 1016 2093 rum
1033 2068 1154 2101 proprios
1166 2073 1292 2102 agnoscat
1318 2076 1433 2096 errores.

991 2114 1019 2142 5.
1041 2116 1069 2143 ln
1085 2116 1202 2144 secunda
1215 2124 1280 2144 vero
1296 2117 1372 2152 plaga
1387 2125 1461 2145 ranoe
1483 2117 1674 2153 producuntur,
1688 2117 1748 2152 qui-

954 2161 1004 2189 bus
1026 2162 1140 2190 indicari
1167 2163 1312 2197 figulariter
1334 2164 1498 2192 arbitrantur
1521 2165 1638 2192 carmina
1653 2169 1747 2200 poeta—
1773 2171 1778 2200 ἶ

953 2215 1025 2242 rum,
1037 2209 1082 2243 qui
1096 2209 1168 2236 inani
1183 2211 1310 2244 quadam,
1325 2215 1352 2238 et
1363 2209 1453 2237 inllata
1465 2210 1659 2246 modulatione,
1673 2211 1748 2240 velut

954 2261 1081 2281 ranarum
1103 2255 1177 2283 sonis
1197 2260 1223 2283 et
1237 2255 1361 2283 cantibus
1382 2257 1482 2283 mundo
1505 2257 1568 2284 huic
1583 2257 1747 2292 deceptionis

952 2298 1056 2327 fabulas
1079 2300 1241 2328 intulerunt.
1263 2301 1338 2328 Rana
1352 2306 1395 2329 est
1413 2302 1483 2329 enim
1498 2302 1686 2338 loquacissima
1697 2311 1746 2331 va·

107 2341 180 2368 netu,
192 2334 318 2369 affligitur
330 2337 413 2371 magis
425 2339 535 2373 populus
548 2339 604 2367 Dei.
624 2341 663 2367 Ex
677 2349 730 2376 quo
744 2343 771 2370 in
783 2344 899 2372 animam
915 2333 940 2363 D
953 2344 1038 2378 nitas;
1062 2346 1095 2373 ad
1118 2346 1184 2374 nihil
1205 2347 1277 2373 enim
1303 2346 1375 2374 aliud
1397 2346 1495 2375 animal
1509 2347 1598 2382 ipsum
1613 2347 1678 2376 utile
1692 2351 1744 2384 est,

106 2378 222 2407 hominis
238 2387 326 2408 sermo
340 2381 384 2408 [ιι-ἱ
403 2382 484 2419 366
499 2385 618 2418 perlatus
633 2386 723 2421 fuerit,
739 2388 827 2416 acrius
846 2390 901 2417 eal-

105 2424 174 2453 lldus
190 2425 275 2454 hostis
285 2427 433 2462 consurgit,
449 2433 477 2456 et
492 2429 594 2465 majora
609 2432 682 2464 vitia,
698 2433 794 2467 quihus
807 2436 899 2462 vinca·

107 2475 160 2508 tur,
173 2473 301 2502 immittit.
317 2474 394 2502 Prius
409 2483 473 2504 vero
496 2484 577 2512 quam
601 2479 704 2506 veniret
724 2486 824 2514 sermo,
853 2481 898 2516 qui

105 2525 228 2553 argueret
241 2520 315 2555 vitia.
331 2521 359 2550 iu
378 2529 445 2556 pace
464 2523 607 2553 durabant.
621 2525 676 2553 Sed
689 2525 734 2553 ulii
747 2533 838 2555 sermo
850 2526 899 2555 Dei

106 2563 195 2593 faeere
216 2566 330 2601 (πωροι-ιι
350 2566 562 2605 alstemi-isque
577 2570 734 2606 dindina,
751 2576 815 2600 tuae
826 2579 898 2601 con-

106 2609 221 2639 turbatio
233 2618 328 2647 magna
341 2616 489 2649 consurgit.

140 2687 256 2731 Cam-xt-
268 2691 303 2720 N.
318 2692 344 2721 1.
359 2693 424 2729 Qaoe
436 2699 474 2727 m
486 2694 528 2726 via
540 2694 620 2726 ,tm
630 2695 706 2726 dina

105 2724 426 2791 marffiifflriiffiiss‘nip‘i
456 2751 467 2766 ,
483 2730 570 2772 and.
583 2738 621 2766 tv,
634 2732 710 2765 hom.

448 2774 507 2834 wat.
531 2809 559 2835 e.
572 2801 619 2833 to.

105 2797 892 2946 mmfflfffflfflffi

763 2731 864 2767 Gssssc.

947 2621 1095 2655 cernentis,
1110 2621 1231 2659 effugiat.
1245 2623 1350 2660 Corpus
1363 2628 1454 2653 autem
1467 2624 1512 2654 cut
1524 2622 1657 2664 insederit
1665 2623 1743 2666 aeds*

656 2799 659 2802 ,
674 2774 708 2797 tte
730 2767 766 2797 nd
787 2769 890 2804 phem
940 2777 988 2806 no,
999 2779 1080 2807 quam
1093 2782 1152 2810 quat
1163 2775 1248 2813 inani,

941 2840 1173 2925 ῗΰ-ἪἼΜ

829 2982 841 2991 ·
859 2982 879 3002 -,
907 2971 1011 3003 ἴτ’ὲῖἶ
1020 2972 1060 2999 :⁴

951 2391 1003 2418 nisi
1026 2392 1097 2426 quod
1112 2400 1211 2420 sonum
1234 2393 1309 2421 vocis
1333 2393 1463 2428 improbis
1477 2398 1504 2422 et
1518 2394 1678 2431 importunis
1690 2395 1745 2425 cla-

951 2438 1071 2465 moribus
1088 2438 1188 2466 reddit.
1200 2463 1211 2468 ν

985 2482 1014 2509 4.
1035 2483 1098 2510 Post
1123 2484 1181 2512 haec
1205 2483 1334 2519 cyniphes
1355 2485 1549 2521 producuntur.
1572 2486 1632 2515 Hoc
1644 2486 1744 2516 animat

950 2528 1060 2563 quidem
1085 2528 1180 2563 pennis
1203 2531 1376 2574 suspenditur
1405 2539 1453 2566 per
1474 2539 1538 2561 aera
1553 2530 1744 2566 volita-‘sueti

949 2574 986 2602 ita
999 2574 1100 2603 subtile
1109 2579 1162 2610 est,
1173 2580 1204 2604 ει
1213 2577 1358 2612 minutum,
1370 2578 1480 2606 unoculi
1491 2578 1591 2612 visun,
1602 2577 1744 2608 nietam·

759 2697 890 2733 usquead
940 2697 1023 2729 etiam
1038 2703 1110 2738 apud
1124 2703 1166 2732 Au
1184 2705 1282 2738 nstin„
1295 2704 1432 2734 serm-87
1444 2704 1481 2738 do
1510 2705 1514 2709 “
1558 2719 1561 2726 ι

975 2736 1159 2771 montinum.
1186 2740 1359 2781 amatim]
1375 2753 1379 2761 2
1442 2751 1461 2762 ω

961 2784 1365 2850 ,catenata-unfit&
1388 2794 1429 2834 (ἱ

1327 2881 1343 2903 1·
1371 2861 1501 2902 *em-s
1528 2873 1627 2894 ω-
1651 2875 1656 2879 ·
