1832 3016
32 171 85 200 753

534 166 579 195 DE
598 163 876 194 zcccssstAsthts
894 163 1038 193 oFFlCtts
1056 165 1112 194 Lm
1129 164 1152 193 1.

1619 162 1674 191 750

16 254 18 256 .
34 228 165 256 charitate
190 226 352 255 reconciliati
380 230 475 252 omnes
497 223 611 251 invicem
633 222 714 257 digne
734 229 825 249 sacra·
841 223 868 252 A
880 230 939 250 rum
954 223 1062 250 Patrum
1071 221 1216 250 collatione
1229 220 1301 256 apud
1322 220 1455 257 synodum
1478 219 1614 249 Nioenatn
1629 225 1676 249 est

35 278 126 300 mento
149 273 269 308 corporis
293 275 320 299 et
342 269 477 305 sanguinis
499 268 598 296 Christi
626 269 824 300 consocientur,

36 321 97 355 quia
114 328 165 347 non
181 319 275 352 recipit
287 317 482 345 dissensionem
497 316 653 351 cujusquam
670 314 771 342 Christi
787 316 827 342 in-

37 366 169 393 divisibile
193 371 297 398 corpus.
322 363 418 395 Quinta
437 362 670 406 deindeeinscrtttr
691 361 777 388 illatio
801 361 827 387 in

37 411 247 439 sanctificatione
272 408 427 440 oblationis,
450 408 475 435 in
497 415 547 441 qua
570 408 651 434 etiam
674 410 702 434 et
727 407 760 433 ad
781 405 828 433 net

38 458 141 484 laudem
157 454 324 483 terrestrium
341 459 526 481 creaturarum
542 454 724 487 virtutumque
746 452 829 480 ccele-

37 504 116 531 stiutn
131 501 287 529 universitas
304 505 472 535 provocatur,
499 504 526 526 et
549 499 628 535 381
650 499 778 526 Hosanna
802 498 829 524 in

36 549 139 576 excelsis
160 552 291 579 cantatur,
316 547 385 582 quod
415 547 553 574 Salvatore
576 546 610 573 de
630 553 729 580 genere
746 544 830 572 David

37 598 162 622 nascente
176 594 247 621 satus
263 593 362 620 mundo
377 601 461 627 usque
475 593 508 619 ad
525 593 630 620 excelsa
648 592 810 626 pervenerit.

72 640 98 666 5.
117 639 200 666 Porro
211 644 283 666 sexta
296 639 393 667 exhinc
413 639 533 666 succedit
546 639 723 666 conformatio
737 645 829 665 sacra-

36 686 129 716 menti,
144 690 172 712 ut.
186 686 297 719 oblatio,
314 693 373 719 quin
387 686 441 712 Deo
454 685 565 712 offertur
580 706 587 717 ‚
603 684 769 712 sanctiticata
785 691 831 717 pet·

37 732 164 766 Spiritum
177 737 309 764 sanctum,
324 731 423 759 Christi
444 731 549 766 corpori
573 738 604 758 ae
627 731 749 765 sanguini
764 738 830 756 con-

37 777 177 805 [ormetur.
202 777 301 804 Harum
326 778 418 804 ultima
444 782 485 805 est
510 778 606 811 oratio,
622 785 674 812 qua
704 777 832 803 Dominus

38 828 130 850 noster
143 823 289 857 discipulos
304 830 368 850 suos
380 831 459 851 orare
470 823 595 854 instituit,
612 823 704 850 diceus
722 831 728 848 z
752 822 832 848 Pater

38 873 133 902 noster,
145 869 225 903 quies
238 869 263 895 in
281 869 361 896 coelie.
377 869 403 895 ln
422 876 473 903 qua
489 869 621 901 oratione,
635 872 663 895 ut
682 869 766 895 sancti
782 867 832 894 Pa-

879 269 993 296 editum.
1019 268 1100 304 Cujus
1124 275 1195 296 ver-'e
1223 268 1284 296 {idei
1313 269 1404 303 regula
1438 269 1520 296 tantia
1544 268 1676 296 doctrina

880 315 940 342 fidei
966 316 1101 350 mysteriis
1127 314 1274 349 praecellit,
1301 319 1329 342 ut
1352 314 1387 342 de
1413 315 1486 342 omni
1510 319 1587 349 parte
1611 314 1677 342 (idei

880 361 1013 395 loquatur,
1038 361 1163 395 nullaque
1187 368 1256 395 pene
1276 360 1311 387 sit
1340 359 1450 387 haeresis
1474 360 1517 387 cni
1543 367 1591 394 pet·
1620 361 1677 387 sin-

880 406 941 441 gula
956 405 1036 432 verb-t
1058 406 1100 433 vel
1125 407 1273 433 sententias
1294 413 1348 433 non
1376 404 1549 439 respondeat.
1574 405 1678 433 Omnes

880 452 953 479 enim
973 459 1081 478 errores
1108 452 1275 486 impietatum
1294 452 1469 486 pertidiaeque
1492 451 1677 485 blasphemias

880 498 977 531 calcat,
994 502 1020 525 et
1033 498 1068 525 ob
1080 497 1131 525 hoc
1146 499 1172 525 in
1189 498 1320 525 universis
1346 498 1477 526 Ecclesiis
1495 497 1553 532 pari
1573 498 1678 526 contes-

881 545 956 572 sione
970 553 985 571 a
1001 544 1099 580 populo
1114 544 1306 579 proclamatur.

1165 589 1280 618 CAPUT
1307 589 1389 617 XVll.

1136 634 1175 662 De
1190 636 1416 663 benedictionibus.

919 684 945 711 t.
962 683 1178 711 Benedictioneut
1193 687 1284 710 autem
1300 682 1383 709 daria
1397 682 1586 711 sacerdotibus
1597 690 1679 718 popu-

883 729 919 762 lo,
932 729 1038 763 antiqua
1055 736 1102 762 per
1116 729 1223 763 Moysen
1236 728 1387 756 benedictio
1402 728 1504 763 pandit,
1516 734 1543 756 et
1553 736 1681 764 compro·

884 774 938 807 bat,
954 782 1005 808 qua
1020 774 1180 802 benedicere
1205 775 1303 808 populo
1326 775 1376 801 sub
1405 780 1575 802 sacramento
1604 775 1682 803 trinae

884 821 1062 848 invocationis
1073 820 1194 854 jubetur.
1210 821 1255 847 Ait
1266 821 1337 847 enim
1351 820 1385 847 ad
1400 820 1508 855 Moysen
1529 821 1656 848 Dominus
1672 829 1681 847 z

888 876 897 892 t
912 867 957 894 Sic
969 866 1113 893 benedices
1132 866 1259 900 populum
1284 873 1384 899 tueutn,
1401 870 1428 893 ct
1452 873 1503 900 ego
1526 866 1683 893 benedicam

38 916 92 940 tres
105 914 282 947 scripserunt,
296 919 398 948 septem
415 914 558 948 petitiones
575 915 765 946 continentur;
782 913 831 941 sed
851 910 870 939 Β
885 914 943 940 illos
961 922 966 939 ε
984 912 1126 940 Benedicat
1142 918 1167 939 te
1179 912 1321 944 Dominus.
1342 917 1370 940 et
1380 912 1513 940 custodiat
1527 917 1563 944 te.
1581 912 1683 940 illumi—

38 959 161 987 intribus
177 960 269 995 primis
293 965 392 987 :eterna
416 966 578 995 poscuntur:
606 962 632 988 iu
656 961 831 995 sequentibus

38 1010 152 1040 quatuor
164 1007 330 1039 temporalia,
348 1014 408 1041 quae
419 1011 509 1034 tamen
526 1012 635 1042 propter
655 1011 754 1035 aeterna
776 1007 833 1033 adi-

39 1051 166 1086 piscenda
182 1056 318 1086 petuntur.

75 1097 102 1124 4.
119 1097 184 1124 Natu
200 1105 260 1124 cum
276 1097 390 1124 dicimus
407 1107 412 1123 2
430 1097 614 1132 Sanctificetur
636 1106 728 1124 nomen
751 1102 833 1131 tuum,

45 1143 168 1170 Adveniet
185 1152 290 1178 regnum
309 1149 391 1176 tuum,
417 1143 479 1170 Fiat
500 1145 617 1171 voluntas
642 1149 696 1176 tua,
721 1145 785 1171 sicut
809 1145 836 1171 in

40 1190 112 1222 coelo,
130 1195 152 1216 et
168 1191 194 1216 in
216 1194 303 1222 terra;
327 1190 370 1217 hic
391 1190 498 1225 quidem
513 1190 563 1217 ista
586 1190 635 1218 tria
661 1191 834 1223 inchoantur;

41 1236 126 1264 sedin
145 1236 189 1263 illa
207 1237 259 1263 vita
285 1242 438 1270 sperantur,
465 1237 508 1264 ubi
533 1237 709 1264 sanctificatio
735 1237 795 1270 Dei,
810 1241 838 1265 et

41 1282 209 1314 voluntas‚et
226 1290 335 1317 regnum
350 1282 376 1309 iu
389 1282 489 1310 sanctis
503 1282 559 1309 suis
574 1282 762 1310 immortaliter
777 1289 837 1316 per-

43 1328 170 1355 manehit.
187 1327 244 1355 Jam
258 1336 321 1355 vero
334 1328 410 1362 panis
421 1328 655 1362 quotidianus‚qui
672 1328 713 1355 vel
728 1328 834 1360 animae.

42 1373 85 1400 vel
98 1375 170 1400 carui
185 1372 319 1405 tribuitur,
342 1373 384 1399 hic
406 1373 578 1407 eut-poscitum
606 1373 648 1400 hic
670 1374 753 1401 etiam
779 1379 838 1407 post

43 1419 190 1447 subsidium
205 1419 258 1446 cibi
273 1420 349 1447 venia
366 1420 400 1447 de
415 1419 542 1453 exemplo
557 1420 681 1446 iraternae
697 1419 838 1453 indulgen-

45 1464 90 1490 tiac
106 1464 270 1498 postulatur;
285 1463 337 1495 hic,
350 1471 384 1491 ne
397 1463 423 1491 in
436 1464 538 1498 pcccati
551 1465 725 1491 tentationem
738 1465 838 1492 incida-

44 1516 114 1541 mus»,
128 1510 309 1543 exposcimus,
327 1509 386 1543 Hic,
402 1514 462 1544 post
475 1510 575 1544 omnia,
595 1515 623 1537 ut
638 1518 652 1536 a
669 1510 746 1537 malis
769 1511 837 1538 libe-

44 1561 145 1588 remur,
160 1555 345 1583 Deiauxilium
370 1555 554 1590 imploramus.
577 1555 636 1583 lllic
659 1561 748 1583 autem
774 1556 839 1583 nihil

32 1601 154 1628 *istorum
171 1607 222 1629 est.

82 1649 108 1676 5.
137 1649 210 1676 llauc
224 1649 312 1683 itaque
326 1649 475 1677 orationem
491 1649 616 1676 Salvator
632 1649 733 1682 docuit,
747 1649 773 1676 in
787 1655 839 1683 qua

46 1698 74 1722 et
86 1701 148 1729 spes
161 1695 314 1721 continetur
326 1694 487 1728 tideliutn‚et
500 1695 634 1722 conl'cssio
647 1700 818 1728 peccatorum
832 1704 839 1729 ;

47 1741 141 1775 deuna
156 1741 284 1775 propheta
303 1741 459 1775 prmdiccus,
473 1741 510 1768 :tit
526 1750 532 1767 :
557 1741 588 1767 Ει
607 1742 666 1773 crit,
689 1742 771 1768 omnis
798 1742 841 1776 qui

48 1787 200 1814 invocaverit
215 1795 305 1813 nomen
320 1786 422 1812 Domini
437 1786 524 1813 salvus
548 1787 595 1813 erit
612 1786 701 1822 (Joet.
723 1795 741 1814 tt
751 1807 758 1819 ‚
774 1787 808 1814 32
820 1789 841 1821 ).

51 1833 97 1860 ttae
111 1837 173 1858 sunt
188 1837 277 1858 autem
294 1837 396 1866 septem
409 1833 532 1859 sacriticii
554 1833 690 1860 orationes
703 1841 842 1860 commen-

50 1879 120 1906 datae
136 1879 288 1914 evaugeliva
312 1879 512 1913 apostolicaque
538 1879 671 1912 doctrina,
688 1881 764 1914 cujus
790 1888 840 1906 nu-

52 1924 120 1952 meri
136 1924 204 1950 ratio
216 1924 334 1951 instituta
350 1924 454 1951 videtur
470 1924 512 1951 vcl
536 1929 644 1959 propter
665 1926 844 1959 septenariam

51 1978 151 1999 sanctae
168 1971 297 1998 E‹·c¹esiae
309 1971 522 2002 universitatem,
540 1972 580 1999 vel
598 1977 708 2006 propter
720 1972 846 2006 septifor-

53 2025 124 2044 ntcm
137 2018 228 2050 gratim
244 2017 386 2051 Spiritum,
402 2015 478 2051 cnjus
490 2016 563 2044 dono
575 2024 605 2044 ea
619 2025 680 2052 quae
691 2018 845 2045 inferuntur

53 2063 265 2091 sanctificantur.

301 2108 383 2143 332
398 2107 511 2135 CAPUT
525 2107 596 2135 XV!-

287 2153 326 2180 De
351 2146 473 2188 Syntbolo
500 2154 616 2182 Nicaeno.

90 2199 283 2236 LSymbolunt
299 2203 397 2232 autem,
413 2199 484 2233 quod
501 2203 620 2234 tempore
636 2200 761 2228 sacrificii
773 2207 787 2226 a
798 2207 848 2235 po-

55 2246 118 2283 pulo
129 2245 299 2282 praedicatur,
311 2248 493 2272 trecentorum
506 2245 599 2273 decem
611 2250 638 2273 et
661 2251 723 2274 octo
746 2251 849 2274 sancto-

886 965 931 988 uet
944 960 1075 987 Dominus
1090 960 1186 986 faciem
1206 967 1283 987 suam
1306 966 1386 994 super
1406 964 1442 993 te,
1469 964 1497 986 et
1523 959 1685 987 miscreatur

885 1005 1055 1038 tui‚·attollat
1069 1005 1199 1032 Dominus
1214 1005 1309 1033 taciem
1330 1013 1408 1033 suam
1427 1013 1510 1041 super
1534 1010 1570 1039 te,
1587 1011 1614 1034 et
1637 1005 1684 1034 det

886 1052 934 1079 tibi
948 1058 1040 1086 pacem
1057 1060 1067 1076 ι
1087 1050 1181 1085 (Num.
1197 1059 1233 1083 vi,
1248 1051 1307 1086 Ἠ).

1169 1097 1283 1125 CAPUT
1303 1097 1396 1125 xvttt.

1187 1142 1227 1170 De
1242 1144 1384 1177 sacrificio.

924 1189 950 1217 t.
976 1187 1140 1216 Sacrificium
1168 1194 1257 1216 autem
1274 1209 1281 1221 ,
1304 1189 1376 1224 quod
1405 1197 1420 1216 a
1444 1189 1603 1218 Christianis
1629 1190 1688 1218 Deo

888 1236 1009 1269 offertur,
1027 1237 1141 1271 primum
1159 1237 1241 1272 383
1256 1237 1380 1264 Christus
1396 1237 1525 1264 Dominus
1540 1241 1642 1269 noster.
1659 1241 1689 1266 et

889 1284 1017 1318 magister
1043 1283 1170 1315 institnit.
1198 1283 1306 1317 quando
1335 1284 1533 1310 commendavit
1558 1284 1689 1315 apostolis

889 1336 987 1362 corpus
1003 1335 1030 1355 et
1055 1329 1212 1364 sanguinem
1229 1336 1319 1361 suum,
1337 1330 1493 1363 priusquam
1516 1330 1687 1362 traderetur;

889 1374 957 1401 sicut
982 1375 1077 1408 legitur
1100 1374 1126 1400 iu
1154 1374 1301 1407 Evangelio
1321 1382 1328 1400 :
1352 1374 1465 1409 Accepit,
1492 1375 1587 1409 iuquit.
1612 1375 1689 1403 Iesus

888 1426 991 1453 panem,
1004 1422 1026 1443 et
1038 1418 1154 1450 calicem,
1164 1422 1187 1444 et
1199 1418 1348 1444 benedicens
1356 1419 1425 1446 dedit
1436 1420 1472 1446 eis
1487 1419 1596 1455 (Matth.
1609 1428 1687 1455 nvn,

888 1463 947 1498 26).
974 1463 1050 1497 Quod
1072 1463 1178 1499 quidem
1195 1469 1394 1492 sacramentum
1417 1466 1613 1494 Melchisedech
1640 1475 1689 1494 rex

889 1510 977 1538 satem
1003 1511 1149 1545 figuraliter
1176 1511 1203 1538 in
1233 1516 1324 1546 typum
1353 1513 1474 1547 corporis
1499 1517 1525 1539 et
1549 1513 1689 1548 sanguinis

889 1557 990 1585 Christi
1015 1565 1115 1592 primus
1135 1556 1242 1589 obtulit,
1260 1557 1415 1591 primusque
1438 1559 1597 1592 mysterium
1620 1559 1689 1586 tanti

852 1607 876 1638 C
891 1603 1014 1632 sacrificii
1036 1603 1192 1637 imaginarie
1207 1603 1278 1629 idcm
1295 1603 1439 1637 expressit,
1457 1605 1602 1638 praeterens
1614 1604 1690 1631 simi-

893 1651 1032 1678 litudinem
1055 1650 1160 1677 Domini
1183 1654 1210 1677 et
1230 1649 1377 1677 Salvatwris
1402 1651 1486 1678 nostri
1500 1651 1563 1678 Jesu
1578 1650 1691 1684 Christi,

893 1697 1038 1724 sacerdotis
1054 1696 1159 1730 cctcrni,
1180 1695 1212 1722 ad
1236 1704 1314 1731 quem
1330 1697 1447 1723 dicitur:
1465 1696 1504 1723 Tu
1523 1705 1549 1724 es
1568 1698 1692 1725 sacerdon

893 1743 920 1769 iu
934 1748 1057 1770 oeternum
1072 1743 1211 1769 secundum
1220 1742 1334 1769 ordinem
1343 1742 1527 1770 Melchisedech
1541 1743 1599 1778 (Pr.
1622 1744 1690 1778 cix).

929 1788 957 1816 2.
971 1789 1027 1816 lioc
1043 1797 1107 1823 ergo
1123 1788 1283 1816 sacrificium
1295 1789 1454 1816 Christianis
1469 1789 1607 1817 celebrare
1622 1798 1690 1824 prat-

895 1841 1001 1870 ceptum
1016 1841 1069 1868 est,
1086 1836 1186 1862 relictis
1199 1843 1231 1862 ac
1244 1836 1326 1862 linitis
1347 1835 1467 1863 Judaicis
1490 1836 1616 1870 victimis,
1631 1846 1693 1872 quas

896 1881 922 1908 in
937 1881 1066 1908 servitute
1081 1882 1180 1908 veteris
1196 1882 1285 1915 populi
1308 1881 1439 1908 celebrari
1463 1882 1594 1916 imperata
1617 1888 1692 1910 sunt.

898 1927 953 1954 lloc
965 1927 1054 1961 itaque
1071 1927 1128 1954 lita
1143 1927 1232 1960 nobis,
1249 1927 1319 1961 quod
1335 1935 1382 1961 pro
1396 1928 1474 1955 nobis
1490 1928 1620 1956 Dominus
1634 1930 1694 1962 ipse

897 1973 972 2006 fecit,
986 1974 1056 2007 quod
1072 1981 1123 2000 uon
1145 1981 1235 2005 mane.
1252 1974 1299 2000 sed
1316 1980 1376 2009 post
1390 1982 1494 2002 coenam
1508 1975 1534 2002 in
1550 1982 1693 2010 vesperum

898 2020 1005 2047 obtulit.
1022 2020 1067 2048 Sic
1081 2021 1152 2047 enim
1163 2019 1299 2047 Christum
1312 2022 1609 2057 oportebatadimplere
1621 2024 1695 2052 circa

899 2074 1041 2101 vesperam
1065 2066 1129 2098 diei,
1159 2070 1189 2092 ut.
1213 2066 1277 2092 hora
1309 2066 1364 2100 ipsa
1394 2068 1518 2095 sacrificii
1541 2070 1696 2098 ostenderet

899 2119 1039 2147 vesperam
1069 2112 1172 2139 mundi.
1202 2112 1316 2140 Proinde
1342 2118 1432 2140 autem
1465 2122 1520 2141 non
1545 2116 1695 2144 eommuni-

899 2163 1030 2186 caverunt
1039 2158 1123 2194 jeiuni
1139 2158 1263 2192 apostoli.
1279 2159 1340 2193 quia
1352 2167 1462 2187 necesse
1474 2165 1533 2188 erat
1548 2166 1579 2188 ut
1594 2162 1694 2197 pascha

900 2205 965 2233 illud
983 2206 1099 2241 typicum
1112 2210 1190 2232 antea
1203 2205 1371 2239 impleretur,
1388 2210 1415 2233 et
1429 2207 1469 2234 sic
1481 2207 1571 2235 denuo
1595 2208 1630 2236 ad
1650 2215 1694 2236 vo-

901 2260 960 2280 rum
979 2252 1085 2287 pasch-‘e
1097 2257 1295 2280 sacramentum
1312 2252 1468 2282 transirent.

91 2304 120 2332 ὅ.
136 2302 170 2329 In
191 2310 242 2336 qtta
262 2303 387 2333 oratione,
403 2307 430 2328 ut
452 2301 545 2328 Patres
565 2302 728 2336 scripserunt,
753 2307 848 2337 septem
860 2300 888 2331 D
901 2314 1030 2337 [gensum.
1046 2308 1141 2336 Gmn„

57 2339 198 2375 petitiones.
221 2338 340 2373 Singulis
366 2337 541 2371 petitionibus
562 2339 640 2364 Amen
659 2339 845 2372 respondetur,

57 2379 151 2436 auat-ta
165 2379 286 2413 excepta,
305 2372 400 2435 Ιὲειίεηι
412 2377 525 2434 ηοςινιὶηι
536 2373 714 2435 ᾳαῧιὶάίαιιέιηι
727 2374 760 2400 da
775 2374 847 2402 nobis

77 2417 92 2435 ο
112 2416 145 2439 te.
159 2415 200 2435 cut
217 2415 260 2434 res
281 2415 312 2433 nn
335 2416 347 2434 t·
362 2415 402 2439 ur,
416 2415 476 2439 qum
500 2415 553 2434 taes
593 2416 647 2435 eus.
689 2416 760 2436 κιΛι..

95 2442 165 2470 lind.
183 2415 328 2476 ilium-'itinn
346 2450 407 2470 cum
423 2442 487 2470 Mss-
503 2443 559 2470 suis
571 2444 665 2474 edidit.
682 2444 846 2477 confirmatio

60 2477 212 2508 sacramenti
232 2482 259 2503 ut
279 2477 418 2504 wtann....
434 2477 527 2504 christu·
541 2480 657 2513 corporis
676 2484 699 2506 et
714 2481 847 2514 sanguinis

59 2512 235 2542 confirmetur.
250 2511 306 2539 Nee
320 2513 413 2545 probat
424 2513 601 2548 conformatio,
617 2518 645 2540 et
663 2515 846 2549 conformetur,

61 2549 122 2582 quia
143 2549 169 2574 in
193 2546 301 2574 Ordinis
321 2546 433 2574 Romani
451 2548 525 2575 tibris
544 2549 699 2583 confirnusre
717 2550 851 2584 significat

62 2583 226 2612 distribuet-e
248 2581 308 2609 aliis
327 2589 426 2616 corpus
439 2586 469 2621 ⁸¹.
478 2584 635 2616 sanguinem
659 2585 774 2618 numini,
791 2594 852 2620 quae

63 2617 216 2647 distributio
226 2617 307 2644 etiam
324 2616 375 2644 hoc
389 2616 449 2644 loeo
463 2617 579 2652 intelligi
596 2623 694 2653 potest.
713 2622 796 2648 Ancv.

65 2654 128 2719 A:-
146 2652 186 2680 De
198 2651 324 2687 nampio.
349 2650 460 2680 Vetotes
480 2651 629 2688 &titionem
647 2655 682 2682 ad
699 2656 852 2691 amptum.

108 2695 151 2716 zv.

30 2735 52 2762 ,Ι
100 2723 167 2752 Gn.
180 2730 236 2751 xvi.
253 2722 285 2750 N.
302 2722 328 2749 ¹.
345 2721 440 2749 Omna
450 2721 528 2755 enin,
542 2726 596 2751 ete.
611 2723 666 2757 ΑΙ..
687 2732 773 2752 omnm
788 2726 856 2754 enim

66 2766 183 2795 prorem
201 2758 356 2792 impiatum,
375 2756 549 2791 pertidioeaetw,
562 2758 600 2784 vet
618 2758 787 2793 tot-aphamia·
800 2761 855 2789 cat.

66 2798 117 2825 eet.
132 2794 185 2822 Pro
198 2794 248 2826 vet.
263 2793 310 2821 atii
323 2798 358 2826 et,
373 2791 444 2827 quod
459 2793 571 2827 perinde
584 2796 636 2821 est.
652 2794 737 2822 anm.

58 2832 70 2850 -'
100 2830 169 2858 Cn.
192 2837 256 2857 xvtt.
279 2828 314 2856 N.
336 2828 363 2856 Ι.
392 2826 606 2856 Bmtaedictionom.
628 2827 745 2863 Singulis
770 2837 854 2867 propo

135 2865 142 2872 ‘
176 2863 377 2893 benedictione·
397 2862 512 2898 propria
525 2863 695 2899 misti-ntur
716 2866 743 2892 in
764 2865 854 2895 Ιαπ-

34 2842 256 3016 ‘pnicum
278 2900 325 2930 Est
338 2903 426 2929 notem
437 2899 496 2928 1120
506 2898 664 2942 euominic.
677 2900 693 2928 7
706 2905 769 2936 post
781 2901 852 2932 Pen-

36 2967 42 3016 't

935 2344 1005 2372 Ibid.
1033 2344 1164 2372 lttumtnet
1192 2345 1317 2372 Doutinus
1343 2347 1450 2380 faciem,
1473 2351 1527 2373 etc.
1551 2347 1588 2373 lta
1612 2345 1698 2375 Goth.'

900 2380 990 2408 Codex
1015 2388 1046 2407 ex
1073 2381 1248 2415 Septuaginta
1275 2382 1514 2415 interpretatione;
1538 2381 1565 2407 in
1588 2384 1697 2411 excusis

899 2416 976 2444 libris
989 2416 1108 2450 Vulgutae
1124 2416 1191 2442 Edit.
1210 2416 1288 2442 verba
1305 2416 1447 2442 substituta
1461 2421 1534 2443 sunt.
1551 2415 1650 2444 Gtttat..

936 2451 1007 2478 Ibid.
1023 2451 1086 2482 Alii,
1100 2455 1123 2476 et
1137 2451 1284 2477 benedicam
1297 2459 1365 2477 eum.
1385 2451 1418 2477 Et
1433 2458 1506 2483 mox,
1521 2453 1649 2479 custodiat
1661 2457 1697 2486 te,

900 2487 1066 2521 ontendatque
1089 2486 1180 2520 {aciem
1206 2493 1279 2512 suam
1305 2486 1370 2518 tibi,
1393 2490 1418 2511 et
1444 2486 1595 2513 misereatur
1606 2507 1616 2520 ,
1643 2494 1696 2517 etc.

899 2524 985 2550 Anav-

935 2557 999 2584 CAt’.
1017 2563 1093 2583 xvtn.
1107 2555 1139 2583 N.
1157 2555 1182 2582 1.
1198 2555 1259 2582 vid.
1275 2554 1414 2591 Cyprian..
1427 2557 1508 2591 epist.
1520 2557 1548 2591 3,
1561 2557 1608 2586 tib.
1622 2565 1653 2594 tt,
1664 2558 1699 2588 do

902 2597 1071 2620 sacramento
1084 2591 1209 2618 dominici
1222 2591 1322 2618 calicis.
1337 2589 1434 2618 Gnut..

939 2626 1009 2654 nid.
1028 2626 1192 2654 Traderetur.
1208 2626 1265 2657 At„
1278 2631 1412 2659 pateretur.
1429 2626 1516 2656 Ansv.

938 2663 966 2689 2.
984 2662 1059 2695 Quod
1071 2670 1121 2689 non
1134 2669 1210 2688 mane
1221 2667 1306 2696 usque
1316 2663 1350 2688 att
1365 2669 1494 2696 nepetam
1516 2662 1618 2697 mundi.
1641 2664 1695 2702 cy-

906 2697 991 2734 priani
1007 2697 1086 2724 verba
1101 2701 1171 2724 sunt.
1188 2695 1285 2724 Gnmt..

946 2732 1015 2760 md.
1027 2732 1140 2759 Proinde
1153 2739 1204 2758 non
1219 2733 1470 2760 communicaverunt
1479 2733 1566 2769 jejtmi
1579 2735 1700 2771 apostoli,

911 2767 971 2796 vid.
983 2775 1043 2802 cap.
1060 2766 1106 2801 54,
1117 2766 1239 2802 Liquido,
1256 2767 1291 2794 de
1303 2774 1439 2802 conseo-n,
1452 2768 1481 2796 d.
1492 2768 1520 2796 ².
1530 2768 1628 2799 GuAt..

943 2802 1014 2844 Ιρίά.
1031 2803 1083 2831 Pro
1102 2805 1228 2844 imperate
1250 2802 1296 2830 alii
1316 2802 1446 2832 exhibent
1465 2804 1476 2831 i
1535 2810 1610 2847 reta.
1626 2806 1698 2842 quod

906 2838 1005 2866 clarius
1017 2837 1134 2868 esum-0
1149 2837 1197 2867 hoc
1211 2843 1296 2876 unqu
1316 2838 1363 2874 fit.
1375 2838 1426 2875 at„
1450 2838 1468 2870 lt
1510 2879 1513 2881 -
1529 2844 1636 2881 ,μεμε
1657 2842 1700 2883 ῥα.

904 2874 991 2903 Αιιν.
