1832 3016
65 122 116 151 853

65 180 174 215 potuisti
201 184 300 209 nocere
321 175 425 216 pareas.
452 174 564 218 Quando
590 176 662 205 enim
686 173 860 206 conviciaris,

65 232 175 263 propter
186 228 295 262 peccata
308 223 354 254 tua
367 223 479 260 contigit
498 221 546 252 tibi
558 233 565 258 ;
580 222 687 259 quando
700 219 838 258 injuriat-ts
850 242 859 255 ,

65 275 137 302 «nala
147 279 192 303 tua
204 273 230 302 id
242 271 352 301 taettiitt.
368 271 504 307 Quidquid
519 268 565 298 tibi
581 268 692 306 contigit
706 270 859 303 adversum,

66 329 115 356 pro
138 326 184 349 tuo
206 318 314 356 peccato
346 315 469 346 eiistima
495 317 620 350 evenire‚·
642 315 861 344 consideratione

65 373 130 402 ergo
149 365 257 402 iustitia
276 359 395 392 dolorem
410 369 538 398 tempera.

102 412 147 441 34.
167 409 263 440 Levitis
284 407 412 446 portabis,
428 408 451 438 si
465 417 514 444 pro
525 407 622 444 quibus
646 408 760 436 infertur
774 407 862 435 inten-

67 460 154 494 deris;
168 458 228 487 cuni
241 463 306 492 ergo
320 456 464 492 derogatur
478 457 537 490 tibi,
555 461 582 484 tu
597 464 659 489 ora;
688 463 750 483 cum
780 455 863 482 male·

66 506 162 534 dicitur
176 504 234 539 tibi,
257 507 285 531 ιιι
308 501 422 532 benedic
450 503 630 536 maledicenti,
647 501 861 530 benedictionem

65 557 181 586 oppone,
195 550 356 577 irascentem
383 547 510 583 patientia
539 548 663 582 delinire,
678 548 862 576 blandimento

65 597 230 624 iracundiam
253 596 365 623 furentis
384 595 510 623 dissolve.
527 595 611 623 Vince
626 595 772 630 nequitiam
795 595 863 622 leni-

64 646 131 675 tate,
146 642 224 670 vince
238 641 357 670 bonitate
381 642 521 675 malitiam,
551 640 674 669 inimicos
699 641 774 675 pacis
789 641 863 668 omni

67 688 200 716 modestia
215 687 302 724 placa,
315 688 384 715 mata
398 686 511 716 aliorum
529 692 574 715 tuo
584 688 655 715 bono
670 695 778 722 supera,
792 693 863 714 tran-

65 734 147 769 quilia
173 738 262 761 tuente
276 733 364 762 illatas
384 733 560 762 contumelias
581 739 674 768 porta;
700 734 773 768 aperi
789 739 862 761 tran-

66 779 150 814 quillo
165 779 247 807 corde
262 779 398 813 dotorem
415 779 520 815 injuriae
531 780 638 812 vulnus,
650 781 773 815 quamvis
782 789 864 815 grave

67 826 113 859 sit,
128 831 250 861 apertum
266 832 402 861 evaporat,
418 827 495 855 valde
510 833 598 855 autem
614 828 731 855 comedit
744 829 862 855 animum

66 873 164 899 vulnus
178 873 324 906 inclusum,
339 878 439 908 qttanto
453 875 523 901 enim
540 873 624 909 magis
646 874 671 902 id
688 876 764 910 tegis,
791 880 864 903 tanto

67 919 183 945 maximo
195 925 291 954 auges3
304 920 376 954 aperi
392 927 455 954 ergo
468 920 518 947 ltoc
532 926 642 956 gravato
654 922 755 955 animo,
773 926 799 949 et
810 930 864 949 non

67 969 94 992 te
107 965 240 993 excrucia.

103 1011 147 1038 55.
170 1012 196 1039 Si
211 1011 415 1040 contristaveris
437 1012 462 1039 in
478 1012 567 1048 aliquo
592 1013 701 1041 fratrem
718 1020 802 1048 tuum,
820 1024 865 1043 sa—

68 1057 145 1084 tistac
160 1057 209 1084 itti.
235 1057 263 1085 Si
291 1059 444 1093 peccaveris
472 1058 498 1085 in
527 1067 600 1092 eum,
617 1068 666 1095 age
681 1062 865 1094 poenitentiatn

71 1110 160 1130 coram
186 1103 241 1135 illo,
269 1102 291 1130 si
318 1103 464 1132 offenderis
489 1112 661 1140 quemquam,
689 1109 866 1142 repropitiare

68 1155 129 1176 entn
153 1157 242 1183 prece.
266 1150 349 1185 Perge
368 1150 497 1178 velociter
516 1151 550 1178 ad
566 1152 812 1181 reconciliationem
827 1156 868 1182 of·

70 1194 198 1221 tensionis
224 1199 287 1227 tum,
314 1194 366 1222 cito
393 1197 497 1223 veniam
526 1199 645 1232 postula;
664 1207 716 1226 non
737 1200 865 1235 dormias,

69 1240 121 1267 nisi
134 1242 277 1268 revertaris
293 1242 326 1268 ad
345 1250 438 1276 pacem
451 1252 457 1276 ;
471 1251 523 1271 nott
533 1245 696 1280 requiescas,
710 1247 761 1274 nisi
773 1255 868 1275 recon-

69 1285 175 1313 ciliatus
191 1287 273 1314 tueris
294 1288 379 1315 l'ratri.
396 1288 501 1317 Revoca
518 1298 579 1317 eum
594 1293 736 1320 celerrimo
747 1294 869 1321 dilectio-

70 1333 112 1359 nis
126 1333 233 1359 affectu.
247 1332 351 1361 Revoca
366 1341 426 1361 eum
442 1335 591 1364 humilitate
605 1338 638 1364 ad
664 1340 790 1373 gratiam,
819 1341 867 1367 Ιιιι-

69 1378 126 1405 mili
142 1383 167 1405 te
180 1379 217 1405 ilii
230 1379 327 1406 affectu
344 1384 494 1414 prosterne,
515 1383 628 1417 supplici
652 1384 742 1411 animo
763 1387 866 1412 veniam

69 1424 224 1460 deprecare.
253 1426 358 1455 Petenti
378 1433 484 1463 quoqne
500 1429 549 1456 tibi
572 1430 676 1458 veniam
699 1432 812 1460 libenter
825 1434 867 1460 in-

70 1471 168 1506 dulge;
194 1473 312 1506 poscenti
329 1473 519 1510 indulgentiam
540 1476 679 1510 placanter
692 1477 807 1512 dimitte,
826 1487 867 1506 re-

69 1520 221 1545 vertentem
237 1518 326 1546 statim
353 1521 523 1555 amplectere.
542 1521 709 1551 Redeuntem
725 1525 864 1552 confestim

70 1563 183 1598 benigna
198 1565 302 1598 suscipe
313 1565 451 1594 charitate.

107 1609 152 1637 56.
174 1610 292 1644 Dimitte,
311 1617 337 1638 ut
352 1613 502 1640 dimittatur
518 1614 575 1642 tibi.
592 1615 711 1650 ignosce,
740 1622 768 1644 ιιι
793 1619 869 1653 igno-

71 1661 162 1684 scatur
191 1657 253 1690 tibi,
285 1660 405 1692 peccanti
431 1658 513 1696 506
536 1661 561 1688 in
579 1666 604 1689 te
616 1670 668 1689 non
683 1663 815 1692 retribuas
829 1674 869 1693 se-

71 1703 187 1730 cundum
202 1704 317 1738 culpam,
346 1707 434 1734 sciens
460 1708 520 1742 quia
548 1713 575 1736 et
589 1710 614 1736 in
632 1714 658 1737 te
672 1715 813 1738 venturum
830 1718 870 1739 est

70 1750 211 1784 judicium.
227 1750 285 1779 Non
301 1753 372 1780 enim
398 1753 509 1781 habebis
529 1753 732 1791 indulgentiam,
748 1758 798 1786 nisi
821 1760 870 1786 de·

72 1797 161 1828 deris;
181 1797 244 1825 etsi
269 1798 314 1826 ille
335 1807 388 1827 non
413 1800 554 1836 supplicet,
580 1802 601 1829 si
619 1803 670 1830 sibi
696 1804 793 1832 dimitti
817 1813 870 1833 non

72 1844 198 1878 postulet,
216 1845 239 1872 si
261 1845 421 1880 depr‹=candi
452 1846 628 1875 bumilitatem
653 1857 705 1876 non
726 1850 832 1885 subeat,
848 1853 871 1879 si

72 1895 212 1924 peceatum
239 1899 316 1919 snum
334 1893 403 1920 mala
429 1894 595 1922 conscientia
620 1904 672 1923 non
694 1899 824 1932 agnoscit,
844 1903 870 1925 ιιι

72 1937 162 1965 relaxa
177 1944 209 1965 ex
221 1938 312 1971 corde,
328 1942 356 1966 tu
367 1938 474 1966 dimitte
489 1948 521 1967 ex
534 1941 634 1974 animo,
648 1947 674 1969 tu
687 1944 769 1977 gratis
785 1945 871 1971 indul-

72 1991 116 2019 ge,
132 1989 159 2011 tu
174 1984 279 2012 veniam
298 1985 404 2020 propria
422 1991 464 2013 tua
481 1987 618 2015 voluntate
634 1990 761 2017 concede.
788 1991 869 2018 Dolo-

73 2038 131 2058 rem
146 2031 172 2058 in
197 2032 278 2059 corde
297 2034 350 2060 non
378 2041 512 2067 reserves,
525 2035 646 2063 dolorem
664 2037 689 2064 in
706 2038 795 2064 animo
818 2046 871 2065 non

72 2081 202 2110 retentes,
215 2077 290 2106 auser
303 2079 318 2106 a
331 2078 413 2107 corde
435 2079 581 2109 fraternam
603 2083 791 2117 offensionem,
808 2085 872 2113 alie·

76 2131 119 2152 nat
136 2125 262 2159 nequitim
290 2133 342 2152 non
369 2134 491 2154 reserves
518 2128 649 2157 dolorem.
674 2130 770 2158 Ollium
798 2133 870 2159 enim

72 2169 211 2199 hominem
230 2178 244 2197 a
270 2179 352 2206 regno
375 2170 424 2199 Dei
439 2177 556 2207 separat,
574 2181 587 2200 a
603 2175 672 2202 coelo
697 2177 838 2210 subtrabit,
856 2186 871 2206 a

73 2216 197 2252 paradiso
211 2217 293 2252 ejicit,
322 2217 412 2245 odium
439 2226 488 2246 nec
511 2221 636 2254 passione
661 2222 798 2259 adimitur,
822 2234 872 2255 nec

73 2264 202 2300 martyrio
220 2264 351 2298 expiatur,
367 2272 416 2292 nec
431 2265 489 2293 fuso
502 2267 632 2302 sanguine
648 2269 763 2297 deletur.

107 2307 154 2338 37.
173 2309 243 2343 Quid
254 2310 304 2338 zeli
317 2308 431 2339 reseram
444 2311 549 2346 ignem?
564 2313 662 2342 invidia
678 2321 773 2345 cuncta
788 2319 873 2347 virtu-

75 2357 131 2384 t'um
143 2354 264 2391 ‘germina
278 2363 443 2392 concremat,
457 2359 558 2388 invidia
573 2365 671 2390 cuncta
691 2364 761 2392 bona
774 2366 873 2395 ardore

76 2402 210 2437 pestifero
222 2402 342 2432 devorat.
359 2396 421 2433 liare
435 2407 549 2440 primum
564 2407 615 2436 sibi
636 2415 729 2444 nocet,
755 2411 872 2446 primum

77 2468 158 2532 D¹54.
178 2470 233 2503 At..
246 2471 338 2506 Imm,
358 2478 407 2508 pro
420 2474 508 2502 Μίιω.
525 2474 561 2503 Et
578 2481 664 2512 gyrato,
687 2485 736 2512 pro
753 2484 868 2514 yravato.

102 2511 148 2532 aa.

113 2537 185 2567 Ibid.
211 2528 309 2581 Eirinon
324 2535 487 2583 tewexqrcc'a.
510 2546 556 2577 Sic
579 2548 688 2582 reposui
704 2557 753 2583 pro
775 2557 827 2582 nort
849 2555 873 2578 tc

78 2574 219 2617 mruciat,
234 2576 306 2611 quod
322 2572 379 2604 stat
392 2585 419 2605 ιιι
457 2578 560 2609 ditione
574 2575 679 2610 artata.
702 2585 766 2619 Alii,
782 2593 833 2612 non
850 2591 873 2613 te

79 2617 219 2651 ηις-αιτιοι,
250 2615 299 2652 pro
323 2612 412 2652 §imm
430 2612 567 2643 amm
592 2616 645 2645 Pro
665 2618 775 2647 delinire
795 2620 872 2648 initio

78 2645 160 2680 hujus
172 2653 277 2673 numeri
291 2646 342 2681 legi
358 2653 448 2682 posset
462 2649 552 2684 delini,
562 2652 605 2679 vel
619 2653 728 2682 delinire
740 2656 825 2690 stude,
843 2661 872 2684 ut

78 2681 107 2708 in
121 2680 172 2709 libr
203 2681 239 2708 de
252 2681 352 2719 Norma
365 2681 438 2715 vita.
451 2683 538 2713 Aanv.
698 2704 703 2709 -

114 2715 159 2743 55.
206 2717 237 2749 1.,
258 2712 399 2747 denotionis
413 2724 463 2752 pro
471 2714 623 2750 dilectionis.
634 2722 706 2751 lin.

115 2750 232 2785 1bn‘d.,tn
255 2751 318 2780 uota
331 2749 475 2783 Gtiaiianoe
497 2755 629 2785 Editionis
647 2761 707 2786 ent
729 2761 871 2796 remp-‘tia

80 2785 391 2887 §ffuffgr'kdgngessf
402 2789 451 2851 ted
466 2788 607 2861 Ιὲςιιιῐιιιι
622 2792 719 2864 onix!
731 2797 872 2833 repropici-

695 105 960 147 siitvonvttoautt
978 117 1045 146 ua.
1065 118 1099 147 ιι,

883 2246 912 2279 1)

1655 121 1708 150 854

876 173 904 204 A
915 182 946 202 se
960 177 1078 217 mordet,
1094 178 1211 213 primum
1223 185 1302 206 suum
1313 183 1449 208 auctorem
1461 179 1541 208 rodit.
1556 179 1657 208 invidia
1669 185 1712 208 est

915 223 1000 250 animi
1015 225 1094 258 tinea,
1112 232 1220 252 sensum
1247 227 1374 260 comedit,
1392 231 1486 262 pectus
1507 226 1572 260 urit,
1593 231 1711 254 mentem

914 269 1008 302 afficit,
1022 278 1069 298 cor
1082 270 1209 305 hominis,
1225 273 1299 306 quasi
1323 273 1446 307 qnaedam
1461 273 1553 308 pestis,
1579 273 1710 308 depascit.

914 316 1045 344 Occurrat
1059 318 1138 352 igitur
1151 322 1244 346 contra
1259 320 1346 346 zelum
1359 320 1466 347 bonitas
1475 340 1483 352 ‚
1497 320 1628 348 adversus
1644 321 1713 348 invi-

914 360 985 389 diam
999 360 1117 390 charitas
1129 369 1308 399 praeparetut·;
1321 365 1355 392 de
1368 366 1438 392 bono
1461 366 1573 394 alterius
1596 374 1650 394 non
1666 366 1714 394 ‹lo-

914 406 981 440 leas,
997 408 1030 434 de
1048 409 1157 436 alterius
1174 410 1339 443 profectibus
1364 418 1417 438 non
1446 411 1567 439 tabescas
1580 432 1587 443 ,
1616 413 1714 440 nultius

915 453 1097 488 prosperitate
1122 455 1262 488 taceret-is,
1293 456 1391 483 nullius
1420 456 1548 484 felicitate
1571 458 1713 490 crucieris,

914 501 1014 528 nullius
1028 501 1182 528 invidentiae
1198 501 1303 529 facibus
1316 502 1437 537 agiteris.

950 545 996 573 58.
1018 546 1114 574 Pacem
1131 555 1202 580 ama,
1219 555 1312 582 pacem
1326 548 1417 582 dilige.
1442 556 1536 582 pacem
1550 556 1610 576 cum
1622 551 1715 578 omni-

915 594 966 621 bus
982 594 1078 628 retine,
1094 602 1189 622 omnes
1204 594 1230 621 itt
1249 595 1455 623 mansuetudine
1468 600 1494 623 et
1510 596 1641 624 charitate
1656 605 1713 624 am-

915 640 1052 674 plectere;
1070 641 1153 675 proba
1166 645 1191 668 te
1203 641 1318 676 amplius
1330 650 1422 670 amare
1434 650 1514 676 quam
1530 642 1588 676 ipse
1599 645 1714 678 amaris;

914 695 970 715 non
987 688 1025 715 sis
1045 688 1074 715 in
1100 696 1165 723 pace
1190 689 1299 720 infidus.
1324 698 1377 717 non
1405 690 1443 717 sis
1463 690 1529 718 levis
1544 691 1570 717 in
1584 691 1714 720 amicitia.

898 761 901 768 λ
915 734 1013 761 Retinc
1028 741 1136 769 semper
1150 734 1288 762 vinculum
1299 737 1470 770 constantim,
1484 736 1606 764 odientes
1619 738 1652 764 ad
1669 745 1716 772 pa-

916 788 975 808 cem
991 781 1089 814 invita,
1101 781 1287 810 discordantes
1303 783 1335 810 ad
1352 784 1523 811 concordiam
1539 792 1645 817 revoca,
1661 786 1716 812 dis-

918 827 1063 854 sidentium
1079 827 1159 854 corda
1176 834 1241 862 pace
1256 828 1379 861 concilia,
1396 825 1491 857 habeto
1507 830 1714 864 placabilitatem

879 858 905 893 B
918 873 1027 908 mentis,
1044 873 1142 901 habeto
1165 874 1246 901 animi
1275 874 1479 909 benignitatem,
1499 882 1638 911 promptus
1658 881 1717 903 esto

921 921 946 947 in
960 920 1068 954 affectu,
1085 921 1199 948 affabilis
1212 922 1238 948 in
1259 929 1394 955 sermone,
1421 926 1497 957 grato
1522 922 1612 949 animo
1634 922 1718 950 affare

919 974 1031 1000 omnes;
1053 967 1141 995 nullus
1156 969 1254 995 existat
1269 976 1358 996 sermo
1371 969 1532 1004 jurgiorum,
1549 969 1717 1005 quiconcor-

920 1013 990 1040 diam
1006 1014 1115 1041 dividat.

956 1058 1001 1085 59.
1025 1059 1096 1093 Fuge
1108 1060 1189 1092 rixas,
1207 1061 1259 1087 vita
1276 1062 1347 1093 lites,
1363 1069 1428 1089 cave
1439 1063 1636 1094 contentiones,
1654 1062 1717 1090 tolle

921 1106 1089 1132 occasionem
1116 1106 1180 1132 litis,
1209 1106 1295 1134 Litem
1321 1115 1419 1140 sperne
1435 1128 1441 1139 ,
1469 1109 1528 1134 vive
1554 1115 1662 1143 semper
1690 1108 1717 1135 in

921 1159 997 1186 pace,
1028 1153 1053 1179 in
1079 1152 1152 1179 nulla
1177 1160 1257 1180 causa
1281 1155 1438 1188 contendas,
1463 1155 1488 1181 in
1514 1155 1584 1182 nulia
1612 1155 1718 1183 actione

922 1198 1061 1225 decertare
1076 1199 1194 1226 studeas.
1212 1199 1355 1228 Contentio
1368 1201 1608 1229 contradictionem
1624 1203 1717 1236 exigit,

922 1245 1059 1272 contentio
1073 1245 1134 1273 lites
1149 1247 1227 1279 parit,
1242 1247 1378 1274 contentio
1391 1249 1461 1275 rixas
1474 1248 1570 1283 gignit,
1582 1249 1719 1276 contentio

922 1292 992 1318 iaces
1008 1292 1128 1318 odiorum
1145 1293 1277 1320 accendit.
1302 1293 1398 1321 Pacem
1414 1293 1505 1321 cordis
1519 1295 1656 1322 contentio
1671 1303 1714 1322 ex-

922 1336 1043 1371 stinguit,
1059 1338 1228 1366 concordiam
1255 1339 1334 1374 507
1350 1339 1487 1367 contentio
1509 1341 1616 1374 rumpit.
1632 1340 1660 1368 Si
1675 1348 1720 1376 ce-

921 1382 1018 1409 ciderit
1033 1383 1157 1410 inimicus
1173 1389 1242 1416 tuus,
1260 1385 1314 1411 noli
1330 1385 1466 1420 gratulari,
1491 1386 1517 1412 itt
1534 1386 1609 1412 ruina
1624 1387 1719 1413 adver-

920 1428 984 1455 sarii
998 1430 1051 1455 noli
1065 1429 1170 1461 extoili;
1189 1438 1242 1456 non
1258 1430 1356 1458 laeteris
1370 1439 1451 1466 super
1473 1432 1575 1459 inimici
1597 1433 1718 1465 interitu,

920 1482 955 1502 ne
975 1476 1165 1509 superveniant
1191 1477 1215 1503 in
1233 1481 1258 1504 te
1287 1477 1396 1510 similia,
1426 1485 1460 1506 ne
1475 1478 1554 1506 torte
1582 1483 1721 1507 convertat

922 1522 993 1549 Deus
1008 1522 1043 1549 ab
1057 1530 1090 1550 co
1104 1523 1130 1549 in
1155 1528 1180 1549 te
1195 1523 1263 1550 iram
1280 1531 1365 1551 suant.

939 1569 1002 1599 ,40.
1024 1569 1074 1601 Qui
1095 1569 1166 1596 enim
1189 1569 1287 1604 gaudet
1301 1570 1334 1597 de
1348 1570 1448 1597 inimici
1463 1578 1537 1604 casu,
1553 1571 1606 1599 cito
1622 1573 1720 1601 incidet

923 1614 950 1641 in
973 1614 1046 1641 illum
1060 1615 1113 1641 :sit
1140 1615 1224 1649 magis
1237 1622 1300 1648 erga
1327 1615 1494 1643 humitiatum
1522 1616 1654 1644 humanus
1680 1618 1720 1645 ai'-

925 1660 1022 1694 fectus,
1038 1661 1074 1687 sit
1089 1668 1150 1696 erga
1166 1661 1299 1696 dejectum
1321 1662 1514 1695 compassionis
1534 1663 1656 1696 intuitus,
1672 1665 1720 1693 de-

925 1707 1005 1734 lectet
1018 1713 1044 1734 te
1058 1707 1151 1734 dolere
1171 1715 1252 1741 supet·
1268 1715 1328 1735 enm
1343 1708 1389 1743 qui
1404 1708 1520 1736 afflictus
1534 1713 1575 1737 est
1587 1718 1594 1743 ;
1608 1711 1722 1740 condole

924 1754 951 1780 in
973 1754 1068 1781 alienis
1092 1753 1300 1788 calamitatibus,
1318 1755 1416 1782 satiare
1441 1755 1549 1783 fletibus
1574 1757 1600 1784 in
1626 1757 1721 1785 alienis

924 1801 1104 1833 moeroribus;
1121 1809 1174 1828 non
1190 1802 1228 1828 sis
1243 1802 1338 1834 durus,
1355 1808 1407 1829 non
1423 1803 1460 1830 sis
1472 1802 1586 1838 ferreus,
1603 1812 1654 1832 non
1667 1805 1722 1832 sint

926 1847 973 1874 tibi
987 1847 1054 1878 dura
1070 1847 1228 1881 praecordia.
1246 1848 1290 1875 Sic
1310 1849 1423 1876 alienam
1444 1850 1578 1878 miset-iam
1596 1855 1722 1886 tauquam

926 1899 997 1920 tuam
1014 1894 1073 1925 iuge
1086 1902 1092 1925 ;
1109 1895 1136 1920 in
1153 1894 1327 1923 tribulatione
1342 1897 1454 1923 alterius
1469 1901 1496 1923 et
1510 1901 1537 1923 tu
1550 1901 1609 1924 esto
1624 1897 1720 1926 tristis.

924 1940 991 1966 Com
1005 1940 1191 1975 plangentibus
1206 1941 1312 1976 plange,
1327 1949 1389 1969 cnm
1403 1943 1529 1971 flentibus
1542 1942 1587 1977 sse,
1603 1950 1665 1971 cum
1681 1944 1721 1972 iu-

924 1987 1047 2021 gentibus
1063 1987 1163 2013 mentis
1179 1987 1277 2015 affectu
1291 1989 1464 2023 coniungere.

959 2034 1005 2063 41.
1027 2034 1055 2060 in
1071 2034 1195 2061 omnibus
1210 2035 1312 2062 actibus
1334 2035 1396 2067 tuis,
1419 2035 1447 2062 in
1471 2035 1544 2063 omni
1567 2040 1649 2071 opere
1664 2041 1721 2071 tuo,

925 2080 952 2106 in
967 2080 1039 2107 omni
1055 2082 1260 2108 conversatione
1279 2086 1334 2114 tua,
1356 2081 1460 2109 imitare
1476 2082 1574 2118 bonos,
1591 2081 1722 2112 aemuiare

924 2131 1051 2160 sanctos,
1074 2127 1173 2155 habeto
1195 2133 1257 2155 ante
1281 2129 1373 2155 oculos
1398 2129 1520 2164 exempla
1545 2134 1718 2164 sanctorum,

924 2175 1046 2208 exempta
1061 2175 1193 2210 justorum
1211 2175 1343 2203 imitando
1356 2175 1508 2210 considera,
1523 2177 1646 2212 exempla
1656 2185 1720 2205 san-

923 2225 1028 2248 ctorum
1041 2228 1160 2255 propone
1175 2221 1234 2254 tibi,
1251 2223 1304 2249 sint
1319 2222 1365 2250 tibi
1377 2227 1483 2258 patrum
1498 2225 1623 2257 exempta
1637 2224 1721 2252 disci-

926 2267 1004 2302 plinae
1020 2268 1202 2295 incitamenta.
1225 2268 1334 2296 intende
1348 2269 1381 2296 ad
1397 2267 1465 2297 bene
1479 2269 1644 2304 operandum
1663 2269 1719 2298 vir-

927 2318 996 2342 tutes
1014 2320 1181 2348 sanctorum,
1207 2315 1316 2343 intende
1336 2315 1368 2343 ad
1389 2315 1458 2343 bene
1479 2316 1623 2343 vivendum
1636 2316 1720 2345 docu-

925 2367 1013 2390 menta
1032 2362 1186 2396 justorum;
1203 2362 1308 2389 nultum
1324 2363 1383 2389 vita:
1400 2369 1451 2389 tuae
1467 2362 1631 2390 scandalizet
1651 2363 1722 2392 ini'a-

925 2409 989 2441 mia,
1005 2409 1108 2436 nuttum
1122 2408 1213 2442 opinio
1229 2409 1372 2435 contristet
1391 2406 1523 2441 adversm
1550 2407 1624 2436 disce
1647 2409 1719 2438 bono

959 2477 1005 2504 36.
1026 2477 1081 2510 At..
1096 2477 1165 2503 decer
1184 2477 1244 2508 itur,
1267 2483 1316 2510 pro
1328 2476 1435 2503 deletur.
1453 2476 1522 2504 Man.

961 2512 1031 2539 Ibid.
1046 2513 1075 2538 ln
1090 2515 1153 2538 nota
1166 2486 1302 2538 {ditionis
1318 2510 1409 2538 Grssatti
1428 2517 1484 2539 crat
1498 2519 1591 2546 serves,
1608 2521 1660 2541 non
1675 2514 1720 2543 ln·

925 2548 1012 2576 dicato
1027 2549 1108 2574 verbo
1133 2552 1182 2581 pro
1201 2552 1255 2581 quo
1280 2545 1339 2573 baec
1352 2547 1394 2574 cst
1410 2547 1480 2574 varia
1505 2547 1594 2575 lectio.
1608 2548 1637 2576 in
1651 2548 1717 2582 Mss.

901 2591 908 2596 ·
925 2584 966 2625 bis
980 2583 1098 2623 occurrit
1112 2589 1204 2614 untes.
1221 2589 1269 2616 pro
1282 2589 1404 2614 reserves,
1425 2582 1507 2617 quod,
1525 2588 1553 2610 ut
1574 2583 1649 2619 puto,
1662 2582 1720 2614 Ma-

924 2617 1282 2695 ‘'agssjgffjszizfiff'ficm
1296 2652 1377 2679 animi
1389 2652 1468 2680 tinea.
1483 2653 1519 2682 Et
1535 2653 1652 2690 depoaeu'
1666 2660 1720 2692 βο

924 2687 1217 2756 de'i‘ffl‘ltlfffhutm
1230 2723 1333 2751 invidia
1344 2723 1451 2759 facitu.
1465 2721 1553 2752 Anv.

959 2760 1005 2788 to.
1019 2758 1075 2792 At„
1088 2757 1179 2786 mentia
1192 2756 1311 2796 effectum
1323 2759 1461 2797 conjunge,
1475 2759 1580 2797 attufit.
1590 2761 1662 2792 Mu.

960 2795 1004 2822 Η,
1025 2794 1079 2826 AL,
1091 2793 1127 2828 nn
1158 2795 1214 2827 are,
1236 2793 1284 2829 pro
1299 2795 1426 2830 marare-
1442 2793 1477 2824 Et
1497 2795 1651 2835 opprobriis,
1666 2804 1723 2835 μυ,

925 2829 1096 2867 opinionibus.
1138 2836 1182 2856 Αιι.
