1832 3016
84 228 111 248 ιιι
126 221 299 248 universitate
313 222 444 247 creatura:
460 222 502 246 est
516 227 522 244 z
538 217 563 244 si
577 221 728 245 extremum
743 217 876 244 vermicu-

84 271 139 293 tum
155 271 248 293 natura
260 264 359 293 matum
372 263 490 297 dixeris,
508 263 640 291 universae
654 266 787 290 creaturae
807 262 879 297 inju-

85 312 152 340 riam
166 311 241 340 lacis.

121 359 149 386 8.
169 358 270 386 Cuncta
289 356 359 384 mala
380 363 431 391 per
447 360 585 392 peceatum
601 355 681 391 primi
699 355 815 383 bominis
829 362 879 390 pro

86 411 163 438 poena
181 408 243 430 sunt
257 401 383 429 translata
405 402 434 430 in
446 403 599 430 universum
612 408 696 437 genus
719 401 879 428 humanum.

84 448 200 476 Proinde
213 454 379 483 quaecunque
390 448 516 476 videntur
529 448 608 482 mala,
623 446 719 482 partim
735 446 812 475 nobis
827 453 879 474 sae-

85 496 157 523 viunt
170 494 283 528 origine,
301 494 399 528 partim
412 496 500 530 eulpa.
517 502 523 507 ·

118 541 143 568 9.
168 539 236 567 Mala
260 540 350 567 dicunt
379 542 459 568 multa
486 542 513 568 in
535 541 666 568 creaturis
691 539 826 575 perversi,
849 542 877 565 ut

83 587 182 623 ignem,
196 587 258 622 quia
272 587 344 622 uritg
362 593 389 615 ιιι
404 588 516 620 l'errum,
532 587 593 623 quia
610 587 725 620 occidit;
741 590 770 614 ut
782 586 876 619 leram,

82 634 143 669 quia
158 634 263 661 morllet
277 655 284 666 ,
298 635 348 662 sed
362 635 502 662 commoda
519 635 637 670 ipsorum
659 642 713 662 non
735 632 877 660 intendens

82 680 170 713 bomo,
183 685 293 708 accusat
304 682 330 709 in
346 682 397 709 illis
411 683 481 717 quod
498 682 547 709 sibi
562 682 641 709 debet
657 682 744 716 potius
760 681 878 714 imputa-

81 734 125 760 re;
140 727 216 762 cujus
230 735 282 765 pro
294 734 404 763 peccato
419 729 468 756 ista
485 729 579 756 effecta
592 733 654 755 sunt
665 728 754 760 noxia,
766 734 827 762 quae
839 726 878 753 illi

82 773 155 800 omni
170 781 203 800 es
223 778 300 809 parte
316 774 420 802 luerunt
436 779 498 801 ante
513 779 651 808 peccatum
672 772 804 807 subjecta.
823 771 878 798 No-

79 825 136 846 stro
152 818 219 846 vitio
233 842 240 854 ,
257 827 309 847 non
323 827 371 847 sua
388 824 493 852 natura,
507 819 583 847 nobis
606 819 674 846 mala
690 823 751 846 sunt
766 825 797 846 ea
817 825 876 852 quae

621 111 888 142 sententiatim
907 110 1009 141 [ABER
1030 111 1170 141 antuus.

85 175 192 206 demes,
208 173 255 202 sed
269 173 350 202 totius
361 178 483 213 eorporis
497 171 596 207 ingeris
608 170 757 199 l'oeditatem
770 179 777 203 ;
796 170 832 198 ita
847 173 875 197 et
890 172 917 202 Α

1241 166 1353 195 CAPUT
1374 167 1409 195 x.

1238 214 1277 241 oc
1302 215 1409 250 anyelis.

972 261 995 287 t.
1020 260 1183 295 Angelorum
1213 267 1311 287 nomen
1332 259 1412 287 oflicii
1435 264 1476 288 est
1489 282 1496 294 ,
1521 267 1574 288 non
1601 263 1703 288 naturae
1716 269 1724 294 ;

932 312 994 333 nam
1011 306 1160 334 secundum
1171 310 1295 334 naturam
1308 305 1418 340 spiritus
1430 312 1629 341 nuncupantur.
1640 306 1726 342 Quan-

933 350 968 378 do
982 351 1053 378 enim
1069 351 1102 379 de
1116 352 1192 379 coelis
1208 352 1242 379 ad
1264 351 1476 379 annuntiandum
1498 352 1651 381 hominibus
1665 353 1728 381 mit-

935 401 1040 430 tuntur,
1065 404 1100 424 ex
1125 397 1182 431 ipsa
1206 397 1410 424 annuntiatione
1430 397 1518 432 angeli
1534 398 1728 431 nominantem

932 445 1029 469 natura
1044 442 1117 471 enim
1137 442 1248 476 spiritus
1271 447 1342 469 sunt.
1359 442 1436 471 Tunc
1456 448 1547 471 autem
1571 444 1659 480 angeli
1683 452 1729 474 vo·

930 493 1024 517 cantur
1040 488 1149 524 quando
1165 488 1318 516 mittuntur.

966 535 994 564 2.
1014 535 1114 563 Natura
1131 536 1288 571 angelorum
1300 535 1437 563 mutabilis
1448 540 1499 569 est,
1512 535 1573 571 quia
1589 537 1658 564 lnest
1673 536 1729 565 illis

930 581 1095 610 mutabilitas
1124 582 1150 609 in
1179 586 1272 609 natura
1290 590 1297 614 ;
1321 581 1369 609 sed
1394 581 1457 609 lacit
1484 589 1532 609 eos
1559 583 1730 618 incorruptos

932 628 1049 656 charitas
1065 629 1239 663 sempiterna.
1254 627 1346 655 Gratia
1358 627 1484 662 dicimus,
1499 635 1551 656 non
1562 633 1657 656 natura
1669 637 1729 658 esse

933 674 1166 702 incommutabiles
1181 674 1303 710 angelos.
1326 673 1393 701 Nam
1407 674 1429 701 si
1445 678 1538 701 natura
1554 674 1729 703 incommuta-

931 720 997 748 biles
1009 725 1118 754 essent,
1134 720 1257 748 diabolus
1274 729 1326 748 non
1343 721 1433 755 utique
1449 721 1599 749 cecidisset.
1616 722 1729 751 Mutabi-

931 768 1032 796 litatem
1049 768 1139 804 itaque
1155 773 1257 795 naturae
1273 767 1433 803 suffragatur
1448 769 1474 795 in
1491 769 1543 796 illis
1558 770 1729 805 contempla-

930 815 967 842 tio
980 815 1132 848 Creatoris;
1149 815 1210 843 inde
1222 819 1248 842 et
1263 815 1379 849 privatus
1393 819 1435 842 est
1451 815 1527 851 135
1542 822 1663 851 apostata
1679 825 1727 845 an-

80 865 155 892 nobis
170 870 279 893 nocent.
293 865 359 893 Nam
375 866 429 898 lux,
444 866 506 893 dum
524 865 557 892 sit
570 865 651 899 bona,
667 864 781 892 inlirmis
791 864 876 892 oculis
894 864 915 894 Β
928 861 1013 898 gelus,
1027 862 1090 890 dum
1104 862 1288 890 tortitudinem
1311 869 1401 896 suam,
1416 870 1470 890 non
1485 870 1499 889 a
1517 864 1570 891 Deo
1596 864 1643 892 sed
1663 872 1677 891 a
1698 872 1728 892 se

79 912 162 940 nexta
175 918 227 947 est,
238 918 265 942 et
279 919 342 942 tunc
353 913 491 942 oculorum
506 913 611 947 vitium,
624 920 676 940 non
692 912 758 940 lucis
770 915 826 945 est;
838 912 877 939 sic

78 965 106 988 et
121 966 226 988 caetera.

120 1008 162 1033 ιθ.
177 1007 243 1033 Cum
259 1011 442 1034 creaturarum
456 1006 571 1034 stimulis
582 1010 610 1033 et
620 1006 817 1033 elementorum
828 1004 878 1031 ad-

82 1053 252 1080 versitatibus
277 1053 357 1080 tiomo
381 1053 547 1084 verberatur,
571 1052 675 1087 peccati
698 1052 749 1079 hoc
769 1051 878 1086 exigere

81 1106 199 1134 poenam,
210 1103 239 1126 ut
256 1099 310 1126 Deo
323 1099 479 1134 superbiens
500 1100 580 1126 bomo
590 1106 620 1126 ea
636 1106 695 1132 quae
708 1097 774 1125 inl'ra
791 1098 877 1132 ipsum

81 1148 144 1172 sunt
158 1146 274 1179 patiatur
289 1144 412 1172 adversa.
435 1144 512 1172 Unde
533 1149 560 1172 et
582 1145 607 1171 in
629 1142 765 1179 Sapientia
781 1142 877 1177 legitur

81 1198 129 1226 pro
145 1191 217 1218 Deo:
234 1190 365 1226 Pugnabit
381 1199 438 1218 cum
452 1199 482 1218 eo
497 1191 564 1218 orbis
580 1195 706 1217 terrarum
725 1194 814 1217 contra
835 1190 877 1216 in-

81 1242 205 1265 sensatos.
220 1237 316 1266 Merito
330 1245 395 1272 ergo
411 1243 582 1272 peccatorum
601 1237 652 1264 boc
666 1241 754 1264 actum
769 1242 809 1264 est
822 1257 830 1269 ,
847 1240 876 1263 ιιι

78 1285 236 1312 naturaliter
260 1291 386 1319 prospera
414 1288 551 1312 mutentur
574 1284 675 1311 homini
698 1283 723 1311 in
748 1283 871 1312 adversa.

78 1331 154 1359 Unde
169 1336 196 1359 et.
210 1330 335 1359 Salomon
352 1339 358 1356 :
375 1330 498 1358 ereatura
511 1330 654 1357 exardescit
666 1330 692 1356 in
704 1334 871 1363 tormentum,

77 1378 354 1412 adversusinjustos,et
365 1376 447 1404 tentor
458 1381 494 1404 est
505 1377 539 1403 ad
551 1376 760 1411 benefaciendum
773 1376 813 1404 his
826 1377 872 1412 qui

75 1422 103 1450 in
116 1422 171 1450 Deo
182 1422 324 1456 confidunt.

114 1470 246 1506 13411.
258 1470 314 1498 Non
327 1470 378 1498 erit
391 1477 455 1498 caro
468 1469 587 1504 subiecta
598 1468 706 1502 animae,
717 1475 766 1496 nec
778 1468 871 1495 vitium

76 1515 193 1549 rationi,
210 1517 232 1544 si
254 1517 359 1544 animus
374 1524 426 1544 non
446 1521 486 1544 est
499 1516 619 1543 subditus
633 1515 781 1543 conditori.
797 1515 871 1543 Tunc

932 908 1016 936 voluit
1028 908 1165 936 custodiri.

967 956 993 982 7.
1007 957 1077 983 Ante
1091 964 1198 984 omnem
1215 961 1364 984 creaturam
1381 956 1467 992 angeli
1486 956 1549 984 tacti
1567 961 1646 990 sunt,
1662 957 1725 985 dum

930 1001 1031 1029 dictum
1047 1007 1088 1030 est
1104 1002 1165 1029 Fiat
1181 1002 1243 1035 lum
1258 1002 1291 1030 de
1306 1003 1372 1036 ipsis
1386 1003 1456 1030 euim
1473 1003 1538 1030 dicit
1559 1004 1698 1038 Scriptura
1719 1013 1726 1030 ε

932 1046 1008 1074 Prior
1023 1048 1139 1074 omnium
1153 1053 1238 1075 creata
1253 1055 1290 1076 est
1301 1048 1438 1084 sapientia.
1455 1049 1510 1076 Lux
1522 1050 1593 1076 enim
1604 1049 1728 1077 dicuntur

931 1095 1114 1131 participando
1140 1096 1192 1123 luci
1218 1100 1334 1123 aeternae.
1357 1095 1496 1130 Sapientia
1515 1096 1586 1124 enim
1602 1096 1727 1125 ἀιευιιιιιι·

931 1141 1059 1177 ingenitae
1075 1142 1234 1170 inhaerendo
1249 1143 1405 1177 Sapientiae.
1433 1143 1466 1170 Et
1487 1142 1549 1170 dum
1565 1147 1628 1170 sunt
1642 1148 1727 1170 muta-

929 1187 997 1215 biles
1014 1193 1107 1215 natura
1122 1208 1128 1222 ,
1145 1195 1198 1216 non
1213 1192 1301 1216 tamen
1317 1187 1379 1216 sinit
1401 1195 1448 1216 eos
1464 1188 1652 1223 contemplatio
1667 1196 1726 1216 mu-

928 1234 978 1261 tari
992 1234 1092 1262 divina.

963 1279 991 1306 4.
1012 1281 1081 1308 Ante
1105 1287 1210 1308 omnem
1236 1280 1400 1309 creationem
1425 1280 1516 1307 mundi
1546 1281 1629 1308 creati
1663 1286 1725 1309 sunt

926 1326 1014 1360 angeli
1028 1346 1035 1359 ,
1052 1330 1079 1354 et
1099 1331 1161 1354 ante
1179 1334 1286 1354 omnem
1305 1325 1469 1353 creationem
1485 1326 1640 1360 angelorum
1665 1327 1724 1354 dia-

926 1371 1002 1399 bolus
1025 1372 1150 1400 conditus
1170 1377 1230 1405 est,
1256 1372 1324 1399 sicut
1359 1372 1488 1406 scriptum
1518 1377 1580 1399 est:
1602 1372 1661 1407 Ipse
1688 1377 1726 1400 est

924 1418 1077 1453 principium
1097 1418 1196 1445 uiarum
1211 1417 1270 1444 Dei.
1296 1416 1369 1445 Unde
1390 1422 1417 1445 et
1439 1417 1473 1445 ad
1496 1418 1723 1452 comparationem

925 1465 1079 1500 angelorum
1104 1464 1280 1499 archangelus
1304 1464 1453 1499 appellatus
1478 1468 1529 1491 est.
1556 1464 1632 1492 Prius
1652 1466 1723 1493 enim

925 1517 1031 1541 creatus
1057 1513 1161 1541 exstitit
1185 1512 1289 1541 ordinis
1318 1511 1492 1546 praelatione,
1521 1519 1573 1539 non
1598 1513 1725 1548 temporis

76 1566 164 1590 autem
180 1568 253 1591 recte
275 1562 454 1598 subjiciuntur
467 1563 545 1590 nobis
558 1562 645 1590 omnia
656 1570 715 1597 quse
727 1561 777 1589 sub
792 1562 868 1589 nobis
882 1554 907 1589 C
922 1560 1078 1595 quantitate.

76 1613 147 1643 sunt,
155 1610 176 1637 si
187 1617 234 1637 nos
243 1610 402 1644 subjicimur
411 1610 436 1637 ei
445 1617 459 1637 a
469 1617 521 1645 quo
528 1609 603 1637 nobis
616 1608 660 1636 illa
669 1608 786 1643 subjecta
796 1613 868 1636 sunt.

76 1653 141 1681 Nam
149 1660 175 1682 et
184 1662 244 1690 quae
253 1655 375 1683 videntur
383 1663 444 1683 esse
454 1655 572 1690 subjecta
581 1655 605 1682 ei
612 1655 658 1690 qui
669 1654 722 1682 Deo
734 1654 870 1689 subjectus

77 1704 128 1728 non
140 1705 190 1734 est,
201 1701 245 1729 ille
257 1701 343 1736 potius
352 1701 494 1736 subjicitur
504 1701 553 1735 eis,
562 1701 606 1736 qui
621 1708 696 1727 suam
707 1701 870 1728 voluntatem

77 1747 200 1782 subjugat
213 1747 300 1775 amori
309 1755 403 1776 eorum
416 1755 476 1783 quae
491 1747 543 1775 sibi
556 1747 674 1782 subjecta
689 1747 833 1775 existimat.

112 1824 138 1852 (5.
161 1823 190 1851 Si
206 1823 265 1850 bene
279 1827 393 1850 utantur.
419 1823 527 1851 Scilicet
550 1827 690 1856 creaturae,
716 1823 758 1850 vel
781 1823 869 1858 potius

78 1860 182 1895 passivo
197 1867 270 1886 more
288 1859 404 1886 isidorus
418 1865 475 1885 utor
486 1859 605 1886 aditibet.
622 1859 707 1886 Ansv.

114 1895 157 1923 ¹0.
181 1894 319 1922 ereatura.
339 1894 424 1922 Locus
445 1899 485 1921 est
507 1895 650 1928 Sapientiae
666 1902 708 1921 xvi
726 1893 871 1922 :ereatura

80 1930 187 1966 (inquit)
203 1930 246 1957 tibi
261 1930 351 1964 [actori
366 1930 505 1956 deserviens
519 1930 660 1956 exardescit
675 1931 701 1956 in
716 1934 872 1957 tormentum

78 1967 197 1992 adversus
217 1966 326 2000 injustos
338 1987 346 1999 ,
361 1970 412 1992 etc.
427 1966 480 1992 Pro
503 1966 645 1992 exardescit
665 1970 754 1993 autern
778 1966 804 1992 in
823 1966 873 1993 ali-

79 2001 173 2035 quibus
187 2009 252 2029 mss.
272 2006 312 2028 est
328 2001 495 2027 excandescit.
514 2001 620 2028 tunsi.

115 2035 300 2071 Ibid.Exi9ere
310 2044 420 2071 poenam.
433 2037 574 2070 Al.,'ethit
592 2045 675 2071 poena.
689 2036 772 2064 Vetus
786 2036 873 2063 Editio

79 2072 191 2106 exiqente
206 2079 290 2105 poena.
308 2075 357 2098 t'ro
372 2071 490 2106 pugnabit
508 2079 564 2097 curn
580 2080 620 2105 eo,
647 2079 722 2099 meus
735 2071 802 2099 Cod.
818 2079 870 2099 ms.

80 2107 200 2142 puqnaln't
215 2116 261 2142 pro
276 2115 315 2133 eo·
334 2106 433 2133 Deinde
449 2114 496 2141 pro
519 2107 599 2134 tentor
617 2107 662 2134 alii
678 2107 767 2133 levior.
784 2107 869 2134 Αιιεν.

114 2143 178 2169 CAP.
193 2143 225 2170 x.
240 2158 275 2163 ——
290 2142 321 2168 N.
338 2141 362 2168 ¹.
387 2141 497 2169 Nomen.
523 2142 563 2169 Ex
577 2143 671 2177 Greg.,
690 2142 763 2170 hom.
789 2142 824 2171 54
845 2143 873 2169 in

80 2177 180 2212 Evang.
197 2178 303 2205 Lomss.

115 2212 183 2240 liat.
201 2214 237 2240 De
257 2212 357 2248 angelis
371 2212 426 2246 agit
441 2213 521 2246 Taio,
535 2220 596 2247 cap.
610 2212 653 2247 ta,
672 2213 715 2246 t3,
732 2213 774 2245 tt,
790 2213 837 2241 lib.
852 2221 871 2240 1.

80 2248 109 2276 ln
120 2249 281 2282 isidorianis,
302 2256 359 2282 cap.
376 2247 420 2281 72,
437 2256 463 2275 n.
477 2248 513 2276 20
527 2254 554 2276 et
566 2256 653 2283 seqq„
672 2248 813 2276 observavi
832 2253 872 2276 to-

82 2290 135 2311 tum
151 2285 200 2311 boc
214 2290 293 2319 caput
307 2283 332 2310 iu
348 2284 483 2311 nonnullis
495 2285 558 2311 Mss.
579 2283 701 2311 exbiberi
721 2285 770 2311 sub
787 2284 865 2311 titulo

81 2320 212 2347 sermonis
225 2320 308 2346 saneti
332 2319 437 2351 isidori,
461 2319 597 2346 nonnullis
610 2327 643 2346 ex
656 2325 750 2347 sancto
764 2319 867 2354 Grego-

82 2354 122 2381 rio
138 2354 231 2389 stagno
254 2354 360 2382 additis.
377 2354 505 2382 nonnum
522 2355 591 2390 quod
607 2355 800 2382 Constantinus
815 2357 865 2382 Ca-

81 2390 185 2424 ietanus
196 2390 230 2416 ad
244 2390 314 2417 liuuc
323 2397 474 2418 sermonem
486 2390 626 2426 praemisit,
641 2391 692 2418 loc.
709 2391 754 2418 cit.
768 2398 868 2425 reproe-

82 2423 197 2453 sentavi.
212 2425 297 2452 Ansv.
406 2434 413 2440 ·
631 2431 636 2435 ’

118 2459 145 2486 2.
163 2458 306 2487 natabilis.
330 2460 453 2496 Gregor..
477 2461 522 2489 lib.
539 2469 554 2488 v
577 2461 683 2495 norat„
700 2469 760 2497 cap.
775 2462 829 2496 29,
842 2466 870 2489 et

84 2495 130 2523 lib.
148 2502 192 2526 xv.
207 2502 264 2530 cap.
281 2495 309 2528 4,
323 2499 351 2522 et
365 2495 452 2530 Fulg„
465 2496 499 2524 de
511 2496 569 2524 Fid.
579 2499 612 2524 ad
627 2497 765 2532 Pet.,cap.
780 2497 826 2524 23.
837 2498 868 2524 l...

119 2529 190 2557 Ibid.
206 2528 332 2557 Charitas.
349 2529 376 2557 Ιιι
389 2531 521 2565 aliquibus
533 2540 599 2560 mss.
618 2532 686 2562 Cod.
702 2537 744 2560 est
764 2532 868 2560 claritas

84 2566 249 2599 senipiterna5
258 2571 349 2592 verum
357 2565 507 2600 legendnm.
514 2567 575 2598 utin
585 2566 800 2603 Editiffiptmrttm
808 2577 818 2600 ,-
830 2569 869 2596 sie

84 2603 156 2629 enim
182 2600 262 2627 babet
285 2598 408 2635 Gregor..
425 2601 471 2629 lib.
486 2602 581 2630 Mor-al.
596 2610 623 2636 v,
645 2610 704 2638 cap.
719 2603 765 2630 29.
791 2602 869 2632 Unde

84 2635 217 2664 sententia
231 2635 288 2662 lia-c
299 2635 436 2670 desumpta
449 2641 511 2663 est:
528 2636 597 2670 Quia
616 2645 644 2665 er
661 2646 676 2664 ο
690 2639 748 2674 ipsa
769 2647 870 2673 quoque

84 2676 178 2699 mura
191 2670 306 2706 angelica
317 2674 354 2697 est
365 2670 392 2696 in
400 2671 533 2706 semetipsa
541 2671 638 2699 mutabi
649 2674 682 2704 is,
693 2681 770 2708 quam
779 2674 871 2700 videli-

85 2706 327 2735 eotmutatiititatem
337 2705 395 2732 vicit
404 2713 448 2740 per
462 2706 511 2732 Ιιοσ
521 2706 590 2741 qnod
602 2707 626 2734 ei
638 2707 682 2740 qen·
694 2715 793 2744 semper
802 2708 870 2736 taem

70 2742 238 2782 ‘pisinuntis
252 2741 348 2768 amoris
360 2739 494 2776 utantur,
507 2746 562 2770 ete.
576 2741 684 2771 nonu.
705 2761 718 2775 .,
762 2773 771 2781 .

60 2777 92 2801 ⁸·
119 2775 190 2805 lbra.
205 2779 337 2813 Αρωιαιιι.
361 2774 513 2811 Gregorius.
530 2776 580 2805 tib.
596 2776 689 2807 uorat.
700 2784 739 2812 ιν,
751 2784 808 2814 up.
826 2778 871 2812 ¹5,

57 2810 123 2876 ηε
133 2817 253 2848 apostata
261 2811 356 2847 angelo
368 2810 438 2839 inter
458 2814 559 2839 retami-
570 2811 637 2840 iliad
647 2813 731 2848 Apoe.
740 2820 775 2846 ιι
789 2819 799 2841 t
813 2813 874 2842 vnn

61 2880 69 2893 ⁸

126 2847 211 2884 pelam
228 2847 418 2874 descendentem
451 2855 465 2874 e
485 2846 568 2881 coelo,
589 2851 614 2875 et
626 2846 757 2876 ualentem
777 2849 874 2878 elavem
893 2880 895 2882 ,

210 2894 343 2924 Pri-mor..
367 2891 543 2924 Lxxxttt.

31 3000 35 3011 s
60 2954 82 3016 ἰ

958 1605 984 1632 5.
1002 1605 1148 1632 Primatum
1164 1604 1290 1631 habuisse
1310 1603 1379 1631 inter
1393 1603 1504 1639 angelos
1521 1603 1671 1638 diabolum,
1687 1611 1720 1631 ex

922 1660 973 1688 qua
987 1651 1084 1679 liducia
1100 1651 1210 1685 cecidit,
1222 1650 1259 1678 ita
1272 1655 1299 1677 ut
1315 1651 1373 1678 sine
1390 1650 1560 1685 reparatione
1574 1651 1720 1678 laberetur.

921 1698 1006 1734 Cujus
1033 1698 1197 1733 praelationis
1222 1697 1409 1725 exceltentiam
1431 1697 1616 1731 prophetabis
1633 1698 1723 1725 verbis

923 1744 1063 1773 annuntiat
1077 1753 1083 1771 :
1103 1754 1112 1770 ‹
1126 1744 1205 1772 Cedri
1221 1751 1274 1771 non
1289 1743 1397 1771 luerunt
1410 1743 1518 1770 altiores
1530 1743 1588 1777 illo,
1602 1743 1629 1770 in
1643 1751 1723 1778 para-

923 1822 1020 1858 abyssi,
1033 1828 1056 1851 et
1071 1827 1185 1850 catenam
1198 1830 1316 1858 muqnam
1332 1822 1359 1849 in
1374 1830 1451 1848 mame
1465 1830 1523 1855 sua,
1539 1827 1563 1849 et
1577 1823 1720 1858 apprehen-

922 1860 959 1886 dit
974 1859 1122 1892 draconem,
1134 1864 1276 1893 serpentem
1288 1858 1432 1891 antiquum,
1449 1858 1492 1892 qui
1506 1862 1543 1885 est
1564 1858 1681 1886 diabolus
1695 1866 1719 1886 et

925 1895 1078 1926 Satanas,et
1092 1894 1181 1930 liquuit
1194 1902 1251 1921 eum
1265 1901 1310 1928 per
1323 1902 1406 1920 annos
1421 1894 1500 1926 mille,
1510 1897 1533 1920 et
1543 1894 1610 1920 misit
1625 1902 1681 1920 eum
1693 1896 1719 1921 in

924 1930 1055 1965 abyssum.
1066 1930 1098 1957 Et
1109 1930 1172 1956 illud
1182 1930 1251 1963 quod
1263 1934 1305 1956 est
1317 1929 1384 1956 infra
1399 1938 1405 1955 :
1417 1929 1481 1955 Cum
1492 1930 1610 1964 completi
1635 1930 1719 1957 uerint

924 1965 995 1992 mille
1009 1966 1081 1998 anni,
1095 1965 1204 1992 solvetur
1215 1965 1344 1997 Satanan
1356 1964 1400 1991 ubi
1415 1964 1454 1990 sic
1467 1965 1552 1998 inquit
1565 1973 1571 1990 :
1589 1964 1614 1991 Il
1627 1973 1640 1991 e
1650 1967 1718 1992 enim

925 2005 1043 2035 apostata
1057 2000 1174 2035 angelus,
1188 2001 1231 2034 qai
1245 2001 1280 2027 ita
1291 2000 1409 2027 conditus
1422 2000 1517 2034 [uerat.
1530 2004 1556 2026 ul
1569 2000 1719 2035 anqetorum

926 2036 1022 2063 coeteris
1037 2035 1178 2071 leqtonibus
1190 2036 1310 2062 emineret
1321 2055 1328 2068 ,
1345 2036 1382 2061 ita
1393 2035 1562 2069 superbiendo
1574 2036 1717 2068 succubuit,

925 2076 951 2098 ut
969 2076 1028 2098 tunc
1039 2072 1160 2098 stantium
1174 2072 1322 2106 angelorum
1333 2071 1577 2097 ditionisubstrutus
1587 2071 1631 2098 sit.
1646 2071 1720 2104 Qua-

926 2112 999 2134 tenus
1012 2127 1020 2140 ,
1036 2106 1074 2134 vel
1085 2115 1152 2134 nanc
1167 2107 1200 2134 ad
1215 2107 1351 2133 utilitatem
1365 2111 1479 2133 nostram
1493 2106 1529 2133 eis
1547 2107 1720 2133 ntinistmntb

925 2143 972 2170 bus
983 2143 1104 2177 reliqatus
1117 2144 1211 2175 lateat,
1224 2142 1264 2169 vel
1278 2147 1337 2168 tunc
1351 2142 1385 2168 ad
1399 2142 1574 2176 probationem
1591 2147 1717 2175 nostram,

925 2178 961 2205 eis
973 2178 1157 2210 relaxantibus,
1173 2179 1232 2205 totis
1244 2185 1271 2204 se
1282 2177 1335 2205 suis
1348 2181 1438 2204 contra
1454 2185 1500 2205 nos
1511 2177 1605 2204 viribus
1620 2178 1719 2205 solutus

926 2218 1050 2241 exerceat.
1063 2214 1172 2242 Lonss.

884 2266 911 2296 D
924 2284 944 2312 L
961 2250 988 2275 4.
1000 2250 1066 2276 Ante
1080 2257 1189 2277 omnem.
1202 2249 1326 2284 Gregor.,
1340 2249 1386 2277 lib.
1402 2249 1495 2277 Moral.
1507 2255 1590 2281 xxxtt,
1603 2255 1663 2284 cap.
1672 2249 1717 2278 ¹8.

945 2293 1034 2313 onss.

957 2321 1026 2348 Ibid-
1048 2321 1141 2355 isaeus,
1157 2321 1184 2348 in
1207 2324 1264 2348 not.
1280 2320 1314 2348 ad
1334 2319 1514 2353 metantium,
1529 2319 1575 2347 lib.
1597 2327 1616 2347 ιι
1630 2320 1665 2348 de
1679 2320 1718 2349 ln-

920 2357 1020 2390 stilai„
1038 2364 1098 2392 cap.
1120 2358 1148 2390 9,
1173 2356 1227 2391 agit
1245 2356 1278 2383 de
1303 2360 1423 2389 tempore
1448 2355 1593 2382 creationis
1608 2357 1719 2391 angelo-

922 2400 991 2426 rum,
1007 2400 1087 2428 qnam
1112 2392 1203 2419 multis
1218 2396 1280 2419 ante
1305 2391 1376 2418 hunc
1391 2391 1518 2418 mundum
1534 2391 1640 2418 saeculis
1653 2399 1716 2426 per-

922 2433 1009 2455 actam
1024 2427 1155 2455 isidorum
1167 2427 1217 2454 hoc
1232 2426 1292 2453 loco
1306 2427 1403 2453 docere
1417 2426 1453 2452 ait
1465 2433 1526 2452 cum
1537 2426 1627 2453 multis
1636 2427 1716 2460 aliis;

923 2471 955 2490 ac
970 2467 1044 2490 notat
1059 2462 1202 2490 nonnullos
1217 2469 1252 2488 ex
1268 2461 1360 2488 schola
1372 2461 1458 2488 sancti
1470 2460 1579 2488 't'bomae
1592 2462 1662 2490 mate
1673 2470 1716 2490 as-

924 2499 1040 2526 seruisse
1055 2498 1127 2524 bunc
1143 2503 1264 2525 errorem
1279 2503 1340 2524 esse
1362 2496 1388 2523 iu
1406 2496 1468 2523 lide.
1489 2495 1569 2525 Certe
1584 2497 1716 2531 antiquis-

922 2534 983 2560 simi
1003 2534 1101 2568 quique
1116 2533 1220 2565 Patres,
1239 2531 1389 2566 praesertim
1414 2529 1510 2564 (irasci,
1535 2535 1597 2560 ante
1616 2534 1714 2562 coelum

923 2576 1036 2603 corpora
1057 2576 1090 2595 ue
1109 2570 1199 2595 omnia
1217 2567 1328 2601 angelos
1350 2566 1475 2594 conditos
1498 2567 1582 2595 luisse
1603 2567 1713 2599 docent.

926 2604 1023 2633 Verum
1038 2577 1143 2631 cisidori
1165 2607 1283 2629 mentem
1302 2601 1454 2636 ambiguam
1482 2602 1566 2630 videri
1590 2603 1715 2632 Petavius

924 2639 1020 2667 asserit
1030 2639 1075 2667 lib.
1093 2646 1102 2665 ι
1117 2638 1151 2666 de
1166 2638 1285 2672 Angelis,
1306 2644 1366 2672 cap.
1383 2637 1428 2670 ¹5,
1448 2645 1521 2665 num.
1539 2637 1566 2666 5.
1583 2637 1715 2673 Isidorus,

925 2680 955 2702 ut
973 2682 1023 2709 ego
1037 2674 1166 2706 arbitror,
1193 2672 1356 2700 sententiam
1379 2672 1500 2708 Gregorii
1522 2672 1610 2709 Magni
1632 2679 1714 2709 leuet,

923 2710 971 2737 lib.
994 2717 1077 2737 xxviu
1101 2708 1205 2741 Moral„
1236 2715 1296 2743 cap.
1316 2707 1361 2741 ss,
1386 2708 1434 2743 qui
1457 2708 1566 2743 angelos
1587 2711 1715 2738 matutina

924 2749 996 2772 astra
1010 2745 1099 2771 vocari
1115 2745 1164 2778 ait,
1179 2743 1241 2779 quia
1256 2743 1336 2779 primi
1350 2743 1377 2771 in
1398 2746 1520 2778 tempore
1533 2745 1636 2773 conditi
1656 2753 1716 2775 cre·

925 2780 1035 2813 duntur,
1058 2786 1146 2815 neque
1158 2784 1246 2807 tamen
1260 2780 1345 2814 prima
1360 2779 1405 2807 die
1419 2786 1473 2807 una
1490 2787 1552 2808 cum
1574 2779 1646 2817 luce,
1666 2781 1716 2810 sed

926 2821 989 2844 ante
999 2815 1068 2843 banc
1078 2814 1223 2850 productos
1237 2813 1349 2843 indicat.
1362 2817 1448 2843 Aur.
1566 2815 1568 2818 '

963 2852 990 2880 ὅ.
1014 2849 1055 2878 Ex
1076 2858 1127 2886 qua
1147 2849 1246 2886 fiducia
1269 2849 1484 2886 cecidit-*Fortffi
1499 2858 1531 2879 ex
1555 2852 1607 2888 q'tto
1621 2851 1718 2888 fiducia

1462 2897 1500 2930 18
