1832 3016
109 140 160 170 845
331 134 343 149 '

730 136 992 170 SYNONYMORUM
1012 143 1076 171 [ΑΒ.
1095 143 1127 173 tl.

1698 148 1751 179 846
1777 130 1782 135 .

113 198 248 234 deliquisti
278 206 331 226 non
353 198 432 226 iteres
444 216 453 231 ‚
469 200 603 225 transacta
619 196 689 224 mala
718 204 771 225 non
786 203 902 232 repetas.
917 201 942 230 Α
958 200 983 227 ἱη
993 201 1278 235 consessione,estoin
1285 202 1442 236 poenitentia
1450 204 1554 233 sortiter
1561 207 1748 238 contu-matus.

112 245 177 273 Post
201 246 304 280 lapsum
323 244 411 272 denuo
435 250 488 270 non
502 243 659 278 delinquas,
674 251 729 271 non
749 248 776 272 te
797 245 901 279 polluas

110 296 172 326 post
187 291 344 324 lamentum,
361 293 423 325 post
443 289 607 323 poenitrntiae
621 290 722 316 luctum
737 298 790 316 non
807 291 902 318 redeas

78 349 80 352 >
109 336 143 363 ad
156 340 304 371 peccatum,
317 342 370 362 non
382 334 471 362 denuo
480 335 633 362 committas
640 335 779 370 deplorata
791 336 899 364 delicta.

144 383 186 410 77.
212 382 250 409 Ne
272 388 365 409 rursus
386 380 469 412 facias
493 381 564 416 quod
589 382 685 409 iterum
713 382 839 418 plangas,
867 390 902 410 ne

80 419 82 422 ’
109 428 211 462 culpant
227 434 275 463 pro
289 434 341 461 qua
355 427 460 454 veniam
475 427 595 462 postulas
613 428 711 455 iterare
727 436 873 462 praesumas
890 438 896 455 z

107 475 194 504 inanis
206 478 246 501 est
262 473 419 508 poenitentia
427 481 507 508 quam
518 481 634 509 sequens
645 475 722 509 culpa
734 475 899 510 coinquinat,

109 521 205 548 vulnus
216 520 340 546 iteratum
361 519 464 547 tardius
479 525 598 553 sanatur,
614 520 770 555 frequenter
785 528 899 556 peccans

105 571 130 594 et
144 566 238 601 lugens
247 566 291 593 vix
304 566 407 594 veniam
421 572 550 594 meretur.
563 567 633 594 Nihil
649 573 759 602 prosunt
771 567 897 600 lamenta,

103 612 126 640 si
151 612 314 647 replicantur
337 618 457 648 peccata.
478 613 550 640 Nihil
573 614 642 641 valet
658 614 762 641 veniam
783 622 798 641 a
821 614 898 640 malis

103 667 229 695 poscere,
255 660 336 696 49⁸5
352 666 377 688 et
394 662 462 688 mala
477 661 565 689 denuo
579 661 686 688 iterare.
703 661 820 689 Persiste
835 668 899 696 ergo

139 717 183 745 77.
202 717 291 745 Inani-t
306 723 343 745 est
354 719 501 754 poenilentin
515 726 589 753 quam
603 727 709 753 sequens
729 718 806 751 culpa
825 718 896 744 coin-

102 754 200 787 quinat,
227 759 279 780 etc.
296 754 448 786 Gratianus,
471 754 503 781 de
527 754 701 791 Ptenitentia,
722 755 749 780 d.
767 754 793 780 ὃ.
812 761 835 780 c.
854 754 897 780 cui

102 789 204 823 junilium
229 794 269 816 cst
294 789 403 823 lucinis,
427 790 495 816 liunc
516 789 602 817 locum
621 789 755 822 transtulit
775 790 800 817 io
818 796 896 816 suum

102 824 258 857 decretum,
275 829 397 860 tanquam
423 827 534 858 August.
551 826 577 852 in
594 826 640 852 lib.
664 825 872 858 soliloquiorum
888 846 894 857 ,

102 859 227 886 nimirum
242 860 291 887 hoc
303 868 369 894 opus
384 858 525 894 soliloquia
537 869 549 886 n
562 860 721 895 quibusdam
735 860 893 892 vocabatur,

101 899 130 922 ut
159 895 233 922 initio
247 895 346 922 dictum
366 900 424 927 est.
449 899 477 923 ct
498 897 644 931 Augustino
666 896 746 923 tribui
772 896 892 922 solitum.

990 246 1035 274 78.
1047 247 1135 275 vitam
1146 247 1242 275 bonam
1255 249 1332 283 quam
1344 251 1449 285 coepisti
1463 256 1556 282 tenere
1566 260 1619 281 nou
1627 253 1749 286 desinas.

955 293 1125 327 Propositum
1140 294 1200 322 vitae
1215 295 1293 322 bonae
1305 304 1434 325 conserva
1447 298 1557 333 iugiter.
1575 299 1672 330 Beatus
1681 302 1748 336 eris,

953 340 976 367 si
991 342 1182 374 permanseris;
1199 342 1294 369 beatus
1304 363 1310 375 ‚
1326 344 1348 370 si
1364 347 1594 379 perseveraveris;
1611 351 1673 375 tunc
1697 349 1750 376 erit

954 387 1102 420 perlectum
1131 396 1198 422 opus
1212 394 1296 422 tuum,
1310 390 1332 417 si
1347 398 1433 425 usque
1454 392 1479 418 in
1501 392 1580 421 linem
1598 395 1748 424 duraveris.

955 432 1033 460 Salus
1049 435 1285 466 perseverantibus
1309 436 1483 470 promittitur,
1500 439 1637 472 prauniuui
1659 448 1748 475 perse-

955 478 1108 504 verantibus
1131 478 1210 505 datur
1225 487 1232 505 :
1254 478 1329 506 Beati
1343 481 1386 515 qui
1399 482 1706 519 custodiuntjudicium‚
1726 492 1752 514 et

955 524 1053 558 faciunt
1065 524 1194 558 jiiscieiam
1211 525 1237 551 in
1252 526 1321 552 omni
1342 530 1454 562 tempore
1465 527 1552 563 (Psal.
1577 537 1620 562 cv,
1636 530 1674 565 5).
1691 532 1751 559 Nou

955 574 997 597 est
1013 570 1105 597 beatus
1128 571 1173 605 qui
1201 571 1297 598 bonum
1319 571 1402 606 facit,
1425 574 1472 601 sed
1488 575 1531 609 qui
1555 575 1752 606 incessabiliter

953 616 1026 643 facit.
1057 617 1106 649 Qui
1131 618 1197 644 enim
1218 619 1412 652 perseveraverit
1437 629 1516 654 usque
1541 623 1574 648 ad
1589 623 1681 657 finem,
1709 624 1751 652 lu't:

953 663 1040 690 salvus
1053 665 1099 690 erit
1115 662 1224 697 (natali.
1240 672 1268 696 x,
1284 664 1342 700 22.)

954 720 1050 761 Petrus
1060 721 1143 761 ,etiam
1157 722 1290 750 Blesensis
1302 723 1429 751 Gratiano
1441 724 1524 753 ferme
1538 728 1647 762 mqualis
1660 733 1750 757 osten·

951 756 991 783 (lit
1005 757 1086 782 simili
1099 764 1190 784 errore
1205 758 1274 785 bunc
1287 758 1374 791 ipsum
1387 761 1473 787 locum
1487 762 1629 797 Augustini
1640 766 1749 792 nomine

951 793 1038 819 citans
1051 797 1165 821 tractatu
1177 793 1210 820 de
1221 794 1400 823 contessioue.
1418 796 1468 824 Pro
1479 805 1542 829 esto,
1551 800 1586 826 al.
1599 800 1658 827 ista.
1677 801 1747 829 Man.

987 827 1029 854 78.
1046 828 1101 860 At,
1119 829 1228 867 deseras,
1253 838 1300 863 pro
1316 831 1427 858 ‹urinas-
1445 833 1472 860 Et
1484 854 1491 866 ‚
1515 835 1585 865 satus
1600 836 1748 864 inchoanti-

949 863 995 890 bus
1009 871 1057 895 pro
1072 864 1142 890 satus
1154 866 1381 897 perseverantibus.
1398 867 1469 895 Man.

106 970 1745 998 ἦ

643 1023 816 1065 LIBER
844 1021 1181 1065 SECUNDUS.

136 1093 254 1132 4961.
272 1094 368 1128 Quaeso
392 1099 428 1128 te,
443 1095 547 1129 anima,
571 1095 686 1122 obsecro
700 1099 741 1127 te,
764 1095 894 1128 deprecor
909 1091 933 1122 B
949 1098 994 1120 net
1006 1115 1014 1126 .
1039 1102 1120 1129 opera
1139 1102 1211 1123 recta
1233 1098 1341 1125 sinistra
1357 1099 1424 1126 tacta
1450 1108 1501 1128 non
1521 1103 1676 1141 maculenu
1693 1113 1748 1134 non

103 1146 140 1177 te,
160 1141 273 1176 imploro
297 1146 339 1174 te,
354 1149 387 1168 ne
407 1141 470 1176 quid
482 1142 550 1169 ultra
569 1141 664 1169 leviter
681 1148 743 1176 agas
755 1161 762 1173 ,
787 1147 819 1167 ne
834 1138 897 1175 quid

101 1190 250 1217 inconsulte
278 1197 356 1224 geras
369 1211 377 1224 ‚
408 1198 441 1217 ne
471 1194 572 1218 temere
599 1189 699 1224 aliquid
730 1188 811 1215 facias
825 1185 840 1221 ,'
863 1195 897 1214 ne

102 1241 236 1271 repetatur
248 1237 358 1267 malum,
376 1244 410 1264 ne
422 1241 577 1264 renascatur
594 1240 744 1271 peccatum,
761 1242 793 1262 ne
805 1234 897 1262 redeat

101 1281 238 1316 iniquitas,
264 1288 297 1308 ne
312 1287 433 1308 recurrat
447 1282 565 1314 malitia,
590 1290 624 1309 ne
648 1282 737 1309 denuo
760 1281 896 1308 exoriatur

101 1327 230 1362 nequitia,
245 1335 279 1354 ne
291 1333 410 1355 resumat
424 1328 553 1362 injustitia
569 1328 650 1355 vires.

136 1375 162 1401 Ξ.
179 1373 262 1405 Scito,
279 1372 370 1406 homo,
387 1375 559 1408 temetipsum
573 1382 580 1406 ;
608 1374 677 1400 scito
691 1373 751 1407 quis
765 1372 813 1405 sis,
828 1366 895 1399 scito

100 1427 148 1447 cur
161 1423 234 1446 ortus
248 1418 295 1450 sis,
309 1425 391 1452 quare
406 1423 483 1445 natus
499 1418 547 1451 sis,
563 1419 588 1445 in
605 1426 683 1453 quem
697 1425 774 1445 usum
790 1416 895 1452 genitus

99 1466 148 1499 sis,
164 1472 246 1499 quare
260 1464 298 1492 sis
311 1466 406 1498 sactus,
422 1472 473 1500 qua
494 1464 648 1492 conditione
670 1465 706 1491 sis
719 1464 825 1500 editus,
850 1468 895 1490 aut

99 1518 181 1546 quare
194 1512 231 1539 sis
245 1512 271 1539 in
284 1513 334 1539 hoc
349 1512 447 1539 saecnlo
463 1515 635 1546 proci-eatus;
651 1515 788 1538 memento
804 1509 894 1537 condi-

98 1557 178 1585 tionis
194 1562 262 1592 tute,
279 1563 383 1586 naturae
397 1563 448 1585 tuae
473 1557 596 1584 ordinem
621 1564 708 1583 serva.
737 1556 801 1583 Esto
823 1555 894 1590 quod

99 1602 183 1630 sactus
197 1610 237 1636 es,
254 1603 359 1638 qualem
378 1607 405 1630 te
421 1603 491 1630 Deus
516 1601 594 1635 fecit,
623 1601 729 1636 qualem
758 1606 784 1628 te
809 1600 894 1627 lactor

98 1650 226 1683 condidit,
245 1650 352 1684 qualem
364 1654 391 1677 te
406 1654 511 1677 creator
527 1649 652 1676 instituit.

133 1695 159 1722 5.
167 1694 250 1723 Serva
258 1701 357 1731 rectam
370 1695 460 1727 tidem.
472 1700 533 1722 tene
543 1695 675 1721 sinceram
690 1694 780 1725 tidem,
789 1693 892 1720 custodi

98 1742 281 1770 intemeratam
293 1743 385 1776 (idem,
397 1746 503 1769 maneat
518 1742 543 1769 in
560 1747 585 1769 le
599 1745 670 1768 recta
686 1740 762 1768 tides.
775 1740 817 1767 eit
832 1740 894 1767 inte

951 1139 1100 1167 admisceas
1125 1141 1267 1169 virtutibus
1292 1143 1382 1172 vitium
1398 1166 1405 1177 ,
1432 1153 1484 1173 non
1509 1147 1639 1185 adjungas
1667 1150 1748 1184 bonis

951 1185 1061 1218 malum,
1086 1186 1186 1214 malum
1213 1188 1321 1216 mistum
1345 1191 1422 1219 bonis
1442 1194 1607 1232 contaminat
1633 1196 1747 1230 piurima

950 1230 1031 1257 bona.
1050 1229 1136 1260 Unum
1159 1234 1259 1261 malum
1277 1236 1359 1263 multa
1380 1237 1449 1276 bona
1464 1239 1561 1281 perdit.
1577 1229 1626 1275 Qui
1640 1240 1667 1274 in
1693 1251 1747 1271 uno

950 1279 1112 1312 peccaverit,
1128 1287 1190 1307 eum
1206 1282 1331 1310 omnibus
1352 1283 1423 1310 vitiis
1440 1284 1580 1327 subjacere
1591 1287 1661 1315 scito
1675 1287 1746 1317 flac.

950 1329 979 1355 ll,
997 1324 1052 1356 to).
1536 1322 1541 1326 ’
1566 1322 1570 1325 ’

986 1369 1067 1405 497
1082 1370 1108 1397 5.
1123 1371 1175 1399 Per
1190 1381 1270 1400 unum
1286 1375 1358 1401 enim
1376 1380 1514 1415 peccatum
1530 1379 1621 1407 multae
1632 1379 1746 1415 justitiae

950 1419 1072 1448 pereunt.
1089 1415 1140 1443 Per
1153 1425 1234 1444 unum
1251 1420 1349 1447 malum
1366 1421 1450 1460 inulta
1466 1422 1535 1461 bona
1551 1430 1665 1464 possunt
1682 1428 1747 1463 sub-

947 1461 1026 1488 verti.
1039 1461 1067 1488 ln
1084 1462 1122 1495 id,
1134 1465 1204 1497 quod
1216 1465 1367 1494 delectatur
1380 1475 1489 1504 corpus,
1504 1470 1622 1499 animum
1636 1481 1687 1501 non
1699 1474 1747 1502 de-

948 1507 1045 1541 clines,
1062 1509 1162 1536 carnali
1178 1510 1347 1540 delectationi
1366 1521 1527 1552 consensum
1542 1525 1594 1546 non
1608 1509 1744 1558 *praebeas

947 1552 1006 1580 Non
1021 1553 1070 1581 des
1093 1556 1209 1583 animani
1228 1561 1300 1585 tuam
1313 1559 1339 1586 in
1352 1553 1623 1600 potesta-tem'cariiiss
1638 1567 1746 1595 refrena

948 1605 1064 1628 mentem
1090 1602 1124 1629 ab
1146 1604 1266 1637 appetitu
1289 1605 1371 1633 illius.
1394 1606 1448 1634 Cor
1468 1613 1542 1636 tuum
1566 1611 1688 1649 quotidie
1701 1613 1745 1641 di-

947 1651 1033 1681 scute,
1047 1655 1095 1675 cor
1116 1652 1190 1675 tuum
1212 1650 1332 1684 quotidie
1355 1654 1488 1692 examina,
1514 1655 1618 1690 privata
1643 1647 1745 1687 exami-

947 1694 1055 1721 natione
1069 1696 1236 1723 occultorum
1263 1702 1369 1726 tuorum
1387 1699 1504 1728 latebras
1519 1703 1632 1737 discute.
1647 1705 1670 1732 A
1695 1715 1744 1735 co-

948 1742 1076 1775 git:itione
1088 1743 1165 1770 noxia
1182 1745 1287 1772 custodi
1302 1746 1419 1774 animam
1436 1752 1518 1781 tuam,
1535 1738 1654 1780 mentem
1671 1757 1743 1782 tuam

98 1788 250 1823 incorrupta
272 1789 448 1816 confessionis
472 1788 535 1815 tides
547 1810 554 1821 ,
575 1788 645 1815 nulla
663 1791 688 1815 te
702 1787 831 1822 insipiens
846 1787 895 1814 do·
908 1782 933 1815 C
949 1788 1034 1822 turpis
1056 1789 1182 1823 cogitatio
1197 1798 1250 1817 non
1265 1791 1413 1826 subripiat;
1428 1793 1550 1828 discerne
1565 1798 1743 1832 cogitationes

97 1835 183 1862 ctrina
194 1835 321 1870 decipiat,
331 1836 401 1862 nulla
410 1835 501 1870 religio
514 1842 638 1870 perversa
644 1838 808 1869 corrumpat,
820 1834 892 1860 nulla

97 1881 215 1915 pravitas
241 1889 255 1908 a
270 1882 331 1909 fidei
348 1878 482 1909 soliditate
508 1885 620 1908 avertat.
644 1880 715 1908 Nihil
731 1884 832 1908 temere
861 1880 894 1907 de

101 1926 209 1954 Cliristo
228 1927 356 1962 loquaris,
370 1926 434 1954 nihil
449 1927 482 1954 de
498 1927 554 1954 Deo
568 1935 689 1961 pravum,
705 1926 771 1954 niliit
783 1927 892 1961 impium

97 1972 212 2005 sentias,
228 1972 292 2000 nillil
319 1980 444 2007 perverse
459 1972 600 1999 sentiendo
622 1973 648 1999 in
669 1972 810 1999 dilectione
835 1972 893 2006 ejus

97 2017 227 2045 offendas.
244 2018 308 2045 Esto
334 2020 360 2045 in
374 2018 426 2046 lide
438 2019 536 2053 justus,
562 2019 661 2047 habeto
675 2019 754 2046 fidem
773 2023 891 2050 rectam,

98 2062 330 2090 conversationem
356 2068 485 2097 sanctam,
514 2071 593 2098 quam
623 2065 731 2091 invocas
752 2063 818 2095 lide,
839 2071 891 2090 non

97 2108 214 2143 abneges
225 2116 316 2143 opere,
328 2109 362 2136 ab
371 2109 494 2137 omnibus
506 2117 565 2144 quae
573 2110 615 2137 lex
629 2114 700 2137 velat
709 2109 825 2143 abstine,
835 2116 892 2136 om-

97 2155 140 2181 nia
153 2162 214 2191 quae
228 2155 367 2190 Scriptura
379 2156 503 2193 prohibet
519 2163 594 2184 cave.

133 2203 159 2228 4.
172 2199 231 2228 Non
245 2201 390 2235 delinquas
405 2201 432 2228 in
446 2208 537 2236 opere,
565 2202 610 2235 qui
631 2201 659 2228 in
682 2201 733 2229 lide
758 2202 890 2236 perfectus

97 2252 136 2273 es.
151 2245 242 2274 Fidem
259 2243 374 2283 turpifer
386 2247 505 2275 vivendo
525 2255 578 2275 non
593 2248 712 2283 polluas,
737 2248 798 2276 lidei
823 2249 890 2277 inte·

97 2292 218 2330 critatem
232 2285 323 2331 pravis
334 2293 453 2328 moribus
463 2301 516 2326 non
531 2301 701 2329 corrumpas,
719 2294 785 2321 nibil
796 2300 889 2332 contra

99 2343 258 2373 pratee-ptum
271 2339 321 2369 nei
334 2339 420 2370 Cacias
432 2348 440 2373 ;
455 2340 515 2368 vive
534 2341 560 2368 in
574 2341 658 2373 bono,
674 2341 748 2369 nullo
762 2341 889 2377 adjuncto

100 2385 181 2419 malo,
196 2384 280 2414 bonos
293 2393 384 2428 mores
398 2387 469 2415 nulla
486 2388 658 2416 conversatio
679 2389 747 2415 mata
768 2389 889 2425 coinqui-

132 2451 162 2478 2.
175 2451 204 2478 ln
215 2451 308 2490 Grialii
318 2453 442 2483 aditione
455 2459 515 2484 erat
526 2461 579 2484 esto
594 2458 662 2491 quod
673 2458 755 2492 sactus
770 2463 806 2485 est
817 2479 825 2489 .
834 2467 888 2493 ρει·

99 2493 236 2526 errorem.
246 2491 276 2514 ut
291 2494 332 2528 ex·
346 2484 540 2524 antiquioribus
554 2491 724 2521 Editionilius
738 2494 884 2536 colligitur,

99 2528 126 2548 m
135 2522 236 2588 gum?
244 2523 644 2598 ἔεὲἒὲᾙέῗεῖιιῑὶςῖωνηᾼῃὲῐα.
657 2564 691 2591 Et
700 2564 728 2592 in
739 2564 792 2601 fide
803 2570 885 2600 recta,

100 2598 149 2626 pro
162 2591 239 2624 fidem
253 2596 356 2620 rectam.
369 2594 439 2622 Mu.
681 2600 685 2603 “

136 2625 206 2654 Ibid.
218 2626 311 2660 Forte,
326 2635 399 2661 quam
408 2626 511 2658 summ
524 2631 584 2666 με.
603 2632 690 2662 Anu.

134 2661 162 2690 5.
175 2660 207 2689 ln
220 2662 321 2702 imque
330 2662 471 2692 utum-tter
482 2668 582 2700 comcs.
597 2668 696 2696 Omnes
711 2670 824 2700 Codices
837 2671 885 2701 lia-

99 2696 209 2739 bebaut,
221 2705 246 2724 m
261 2697 290 2724 td
311 2699 379 2731 quod
391 2698 528 2739 delectatur
546 2709 652 2737 corpus,
705 2711 721 2731 o
741 2705 819 2738 legen
858 2715 883 2736 rn

97 2731 248 2768 helmaham
259 2732 290 2760 ‚in
303 2733 332 2760 Μ
345 2740 394 2766 qu
407 2733 578 2768 delectatne
642 2739 659 2770 ⁴,
670 2710 717 2765 Ἅι
729 2736 762 2767 tn'
771 2738 809 2767 tc

99 2766 206 2795 marat
223 2775 328 2804 eorpus.
349 2773 377 2796 et
391 2769 470 2803 paulo
482 2769 602 2804 tuto-tuo,
623 2769 727 2804 tiot'alt
736 2794 745 2807 ,
801 2778 884 2809 entem

99 2805 170 2832 ειαιι
180 2803 262 2838 turpis
270 2803 391 2840 equata
402 2810 455 2831 m
462 2804 599 2839 nummi:
608 2807 748 2843 tegendum
756 2807 776 2845 'p
797 2809 883 2844 taliam

98 2845 150 2866 non
173 2838 295 2875 ubrepat
305 2858 314 2872 .
338 2847 392 2874 quo
414 2839 539 2878 loquendi
563 2841 642 2870 modo
665 2842 743 2881 inferi
771 2844 801 2858 ”³
831 2847 836 2853 '
854 2847 882 2876 m

96 2872 156 2909 {1100
163 2873 287 2903 {sidor-
300 2874 399 2905 mr.
407 2871 508 2904 verum
518 2876 594 2923 aune
603 2876 776 2930 nongentorum
790 2851 882 2932 loe-{3

934 2849 1010 2891 ⁹35¹.-
1021 2846 1062 2892 Ψ
1075 2845 1142 2893 ΒΨ.

947 1837 1016 1866 tuas.
1032 1834 1093 1868 quid
1115 1835 1192 1869 vites,
1216 1836 1278 1871 quid
1302 1837 1402 1871 lacias;
1426 1841 1524 1869 munda
1549 1844 1741 1874 conscientiam

947 1884 1020 1905 tuom
1038 1887 1052 1906 a
1068 1885 1189 1914 peccato.

982 1925 1008 1951 6.
1022 1925 1062 1952 Sit
1077 1926 1182 1954 animus
1204 1931 1265 1954 tuus
1289 1928 1323 1956 ab
1337 1931 1409 1957 omni
1433 1931 1580 1973 pollutione
1601 1939 1741 1970 purgatus.

946 1969 986 1997 Sit
1002 1978 1078 1998 mens
1093 1976 1136 1998 tua
1156 1980 1237 2007 pura,
1264 1974 1345 2001 nullae
1367 1975 1403 2002 ibi
1419 1977 1514 2004 sordes
1527 1972 1677 2009 resideant(
1695 1981 1742 2012 sic

946 2016 1039 2043 vitium
1050 2017 1174 2051 absterge
1189 2025 1203 2045 a
1219 2023 1254 2050 te,
1272 2023 1300 2046 ut
1313 2028 1364 2047 nec
1379 2022 1468 2049 animo
1482 2011 1617 2059 quidpiam
1634 2015 1702 2061 apud
1715 2017 1742 2057 te

944 2068 1094 2091 remaneat.
1120 2064 1194 2092 Scito
1219 2070 1245 2092 te
1269 2065 1302 2094 de
1326 2068 1533 2108 cogitationibus
1551 2071 1738 2113 judicandum.

944 2108 1016 2137 Deus
1030 2111 1209 2139 conscientias
1221 2112 1334 2147 judicat.
1357 2113 1427 2142 Dens
1443 2124 1495 2144 non
1510 2109 1599 2146 solum
1611 2111 1738 2156 carnem,

943 2156 991 2183 sed
1018 2161 1046 2183 et
1069 2162 1186 2185 mentem
1201 2159 1348 2188 examinat:
1366 2160 1435 2188 Deus
1447 2163 1528 2197 judex
1549 2169 1575 2192 et
1589 2162 1739 2203 decogita-

943 2201 1062 2230 tionibus
1075 2203 1177 2237 iudicat
1191 2205 1319 2234 animani.
1336 2206 1449 2240 Quando
1464 2209 1551 2237 titillat
1567 2219 1646 2244 prava
1662 2214 1736 2249 cogi-

943 2249 1022 2281 tatio,
1049 2257 1103 2277 non
1129 2252 1281 2279 consentias
1297 2252 1346 2280 illi.
1372 2253 1484 2288 Quando
1496 2258 1614 2292 suggeiit
1636 2258 1737 2294 aliquid

942 2294 1063 2323 illicitum
1075 2317 1082 2330 ,
1103 2303 1156 2324 non
1172 2297 1208 2333 ibi
1233 2301 1326 2327 teneas
1339 2300 1477 2333 animum;
1495 2303 1608 2336 primam
1632 2306 1735 2337 peccati

941 2342 1140 2376 suggestionem
1163 2347 1322 2377 contemne,
1351 2353 1402 2372 non
1429 2346 1500 2373 sinos
1519 2354 1578 2374 eam
1604 2349 1629 2375 in
1653 2350 1735 2378 corde

941 2390 987 2414 tuo
1001 2395 1118 2415 manere.
1131 2389 1294 2424 Quacunque
1310 2391 1374 2418 liora
1390 2393 1510 2425 venerit,
1522 2394 1626 2428 expelle
1640 2395 1733 2431 illam;

941 2459 1000 2486 sine
1014 2458 1162 2493 exemplari
1175 2464 1280 2487 mutare
1299 2467 1381 2488 ausus
1395 2468 1447 2487 non
1462 2468 1520 2488 sum
1531 2482 1538 2494 ,
1553 2462 1668 2496 priorem
1680 2472 1734 2492 au-

941 2500 1006 2525 tem,
1017 2494 1152 2520 Cassmori
1168 2489 1306 2529 praecepto*
1329 2496 1462 2524 animatus
1474 2517 1481 2528 ‚
1503 2497 1570 2524 libro
1584 2499 1618 2525 de
1633 2497 1734 2528 divinis

939 2530 1110 2560 lectionibus,
1130 2536 1189 2562 cap.
1208 2530 1251 2559 15,
1270 2528 1446 2562 mutavlon'i‘s;
1464 2526 1617 2569 coniectura
1628 2532 1681 2563 duc
1695 2534 1701 2562 i
1714 2535 1734 2563 d

938 2565 1073 2598 litteram.
1098 2564 1168 2591 unde
1190 2565 1280 2598 incipit
1298 2573 1364 2597 vox,
1386 2566 1536 2601 delectatur,
1560 2565 1731 2600 librat-ibrum

937 2599 1004 2628 vitio
1019 2599 1100 2626 tuisse
1113 2600 1285 2633 geminatam.
1306 2601 1375 2627 ΜΛκ.

974 2634 1044 2661 thid.
1061 2635 1126 2660 Cod.
1143 2634 1260 2662 Florem..
1277 2635 1357 2668 ἱππ-θ’,
1373 2637 1400 2663 in
1413 2636 1455 2670 id,
1470 2639 1540 2673 quod
1554 2638 1658 2668 delectet
1671 2649 1723 2670 cor-

938 2679 996 2708 pus.
1014 2669 1118 2696 Relinui
1133 2670 1202 2705 qaod
1216 2669 1358 2706 delectatur
1369 2679 1472 2706 carpat:
1488 2681 1548 2707 «ωε
1559 2675 1663 2709 inculto
1675 2685 1728 2706 non

938 2713 979 2734 est
998 2706 1122 2732 inusitata
1145 2706 1171 2733 in
1195 2713 1261 2734 mss.
1287 2707 1413 2741 operibns
1425 2708 1541 2742 isidori,
1566 2715 1594 2738 ct
1611 2711 1730 2742 &nrt-sse

935 2742 1451 2812 2235t5·?.3t·²}⁰:÷als320·³rasti-*2*
1462 2743 1490 2786 ³2·
1499 2744 1547 2788 Εἰν-
1561 2753 1580 2786 ²2
1590 2746 1728 2789 §eave

947 2815 959 2822 ..
971 2812 996 2840 ὃ.
1014 2812 1069 2844 Al..
1084 2815 1108 2840 te
1121 2809 1395 2895 tfflgyrffggywtffl
1410 2813 1582 2859 ΕΜ,
1594 2824 1645 2861 m
1662 2827 1729 2862 m-
