1832 3016
18 253 173 290 diligimus.

59 299 107 327 2¹.
127 299 189 327 Tria
202 298 273 326 euim
290 301 339 330 ter,
354 299 382 323 et
395 295 446 323 boc
458 300 508 329 ter,
530 295 597 322 liunt
610 294 701 330 viginti
716 298 743 322 ct
757 301 821 329 sep-

26 351 81 374 tem
95 366 101 379 ,
117 345 163 381 qui
177 350 215 372 est
231 343 312 379 290
326 341 429 369 humeri
446 342 555 369 ternarii
569 341 724 376 quadi-atus.
745 340 821 374 Quod

15 394 140 428 :neptimo
163 398 254 419 mense
276 397 338 417 arca
362 389 429 416 sedit
443 410 451 422 ,
475 389 525 416 boe
540 393 600 420 est.
616 387 764 423 requievit,
788 387 821 414 ad

25 439 98 466 illam
122 436 261 471 septimam
283 435 402 470 requiem
426 434 586 469 significatio
611 435 745 466 recurrit,
769 440 820 468 qua

15 484 137 520 ‚perfecti
157 486 339 518 requiescunt.
366 481 404 509 lbi
429 489 535 517 qnoque
556 481 628 520 illius
651 481 821 515 quadraturae

15 537 150 559 »numerus
163 529 286 556 iteratur.

57 575 102 603 22.
123 575 189 603 Nam
206 574 331 602 vicesima
351 578 378 601 et
393 573 505 608 septima
527 573 570 600 die
594 572 694 599 mensis
709 570 821 599 secundi

16 620 240 650 ‘commendatum
257 623 298 646 est
315 619 365 646 boc
379 623 590 645 sacramentum.
617 618 647 644 Et
661 624 768 644 rursum
784 616 823 642 vi-

23 667 122 696 cesima
146 671 173 694 et
197 665 311 700 septima
333 663 376 692 die
398 664 503 698 septimi
527 664 624 690 mensis
636 663 729 689 cadem
743 669 824 688 com-

19 713 161 742 mendatio
174 711 331 739 confirmata
345 716 401 742 est,
416 716 476 736 cnm
493 716 553 735 arca
571 707 711 743 requievit.

59 759 105 786 25.
127 758 202 791 Quod
224 758 295 785 enim
313 755 476 792 promittitur
492 755 517 782 iu
533 763 580 789 spe
593 775 600 787 ,
618 755 667 782 boc
680 754 823 781 exhibetur

19 806 52 834 vin
76 813 114 832 re.
142 803 226 831 Porro
240 803 303 838 quia
324 802 379 837 ipsa
395 801 507 836 septima
523 801 629 834 requies
649 807 708 826 cum
726 804 822 826 octava

19 851 226 880 ’resurreetione
241 848 429 883 conjungitur;
447 854 534 881 neque
549 847 620 874 enim
637 853 751 880 corpore
763 846 823 873 red-

20 947 132 971 ·sanctos
144 963 151 974 ,
177 940 223 969 sed
241 941 328 975 potius
345 944 428 966 totum
446 939 581 966 bominem
594 958 602 971 ‚
627 946 678 965 non
694 937 782 965 adbuc
798 938 823 964 iu

20 996 74 1024 spe
89 1010 95 1021 ‚
110 989 156 1016 sed
169 988 224 1022 jam
238 989 264 1014 iu
280 995 308 1014 re
322 987 378 1021 ipsa
395 986 469 1013 omni
485 993 516 1013 ex
533 990 608 1019 parte
628 990 655 1012 et
675 985 783 1019 spiritns
798 989 824 1011 et

18 1035 147 1070 corporis
164 1034 283 1068 perlecta
297 1053 304 1065 ,
332 1032 476 1059 immortali
501 1032 587 1058 salute
607 1035 762 1058 renovatum
777 1052 783 1063 ‚
799 1030 823 1056 iu

24 1085 136 1107 oetcrntc
151 1080 214 1106 vita:
230 1085 327 1105 munus
342 1077 466 1104 assumit.

61 1125 107 1152 25.
129 1124 197 1158 Quia
211 1125 293 1159 igitur
307 1124 419 1159 septima
437 1124 544 1158 requies
556 1131 616 1150 cum
631 1128 722 1150 octava
736 1130 825 1150 resur-

29 1171 150 1198 rectione
165 1169 351 1204 conjungitur,
368 1173 395 1196 ct
410 1169 461 1196 boc
482 1170 508 1196 in
531 1174 698 1195 sacramento
715 1175 826 1202 regene-

30 1216 142 1243 rationis
159 1221 258 1243 nostrae
271 1235 279 1247 ,
301 1215 326 1243 id
342 1219 403 1248 est,
425 1215 451 1242 in
468 1215 601 1248 baptismo
615 1216 696 1241 altum
716 1214 826 1249 prosun-

26 1262 145 1296 dumque
162 1262 318 1296 mysterium
333 1266 384 1288 est.
402 1260 477 1295 Quod
500 1260 652 1295 quindecim
669 1260 765 1287 cubitis
781 1268 825 1286 stt-

20 1307 165 1342 =percrevit
182 1314 261 1341 aqua,
278 1306 412 1334 excedens
423 1305 591 1332 altitudinem
607 1305 747 1333 montium.
759 1305 825 1331 Octo

31 1354 119 1388 itaque
135 1357 161 1380 ct
180 1357 282 1387 septem
298 1351 449 1386 quindecim
466 1351 575 1377 [aciunt.
602 1350 654 1378 Scd
672 1355 732 1377 octo
743 1350 826 1384 sigui—

27 1399 108 1426 licant
124 1398 355 1429 resurrectionem,
372 1401 474 1431 septem
488 1397 614 1431 quietem.

63 1444 108 1471 25.
127 1444 181 1471 lloe
193 1443 273 1477 igitur
286 1448 484 1470 sacramentum
498 1442 702 1470 resurrectionis
714 1446 740 1469 ct
752 1442 825 1477 quie·

21 1489 63 1516 'tis
78 1489 243 1517 transcendit
258 1497 364 1517 omnem
387 1489 546 1523 sapientiam
568 1489 745 1523 superborum
760 1509 767 1522 ‚
789 1489 824 1516 ita

22 1539 59 1563 ut
73 1535 144 1563 nulla
158 1543 224 1571 gens
240 1535 323 1570 possit
339 1535 458 1562 iudicare
475 1535 595 1563 scientim
611 1542 667 1562 suoe
687 1535 825 1562 altitudine

22 1580 235 1609 rresurrectionis
248 1581 375 1614 quietem.
389 1580 422 1607 Et
432 1580 492 1614 quia
501 1580 667 1615 septuaginta
680 1587 694 1606 a
709 1584 823 1614 septem,

29 1629 57 1653 et
79 1625 214 1661 octoginta
232 1625 266 1652 ab
282 1629 343 1652 octo
359 1625 578 1658 denominantur,
595 1625 738 1659 conjuncto
752 1630 825 1652 utro-

28 1677 82 1706 quc
93 1678 217 1704 numero,
228 1675 335 1698 centum
345 1670 538 1706 quinquaginta
551 1670 644 1698 diebus
657 1671 772 1698 exaltata
784 1676 825 1698 cst

24 1723 110 1750 aqua.
125 1717 246 1744 eamdem
263 1716 456 1743 commendans
472 1716 548 1743 nobis
567 1719 646 1750 atque
662 1717 825 1744 conlirmaus

24 1762 196 1789 altitudinem
220 1762 345 1796 baptismi
368 1762 395 1789 in
419 1761 551 1789 sacrando
574 1768 646 1788 novo
670 1761 777 1789 bomine
791 1762 824 1789 ad

24 1808 174 1835 acuendam
191 1808 290 1842 quictis
305 1813 331 1835 et
346 1807 549 1835 resurrectionis
565 1808 655 1836 tidem.

68 1854 115 1881 ἐϋ.
128 1853 204 1887 Quod
218 1857 278 1888 post
287 1853 345 1881 d'es
357 1853 530 1888 quadraginta
541 1854 655 1882 emissus
666 1861 762 1882 corvus
773 1862 824 1881 non

35 1904 77 1927 est
90 1906 214 1927 reversus
227 1919 234 1931 ,
265 1904 310 1925 aut
340 1899 416 1933 aquis
450 1900 540 1933 utique
571 1900 735 1934 interceptus
748 1921 755 1933 ,
781 1905 827 1927 aut

36 1944 126 1979 aliquo
140 1947 333 1978 supernatante
347 1943 478 1971 cadavere
501 1944 619 1977 illectus,
634 1945 765 1979 significat
779 1946 828 1972 bo-

27 1989 123 2017 ·mines
139 1989 165 2016 in
178 1988 344 2016 immunditia
356 1988 509 2024 cupiditatis
520 1990 682 2022 teterrimos,
695 1995 722 2017 et
732 1990 765 2017 ob
777 1990 828 2017 boc

39 2036 71 2063 ad
85 2043 186 2070 caquae
201 2035 263 2062 ioris
276 2039 338 2063 sunt
362 2035 388 2062 in
410 2034 460 2062 boc
480 2034 577 2062 mundo
598 2035 676 2062 nimis
699 2034 827 2068 intentos,

28 2085 83 2108 aut
99 2080 258 2115 rebaptizari
272 2101 279 2113 ‚
294 2084 339 2107 aut
351 2080 384 2107 ab
399 2079 439 2108 liis
452 2101 459 2113 ,
475 2087 542 2115 quos
558 2085 655 2115 praeter
677 2088 766 2108 arcam
780 2101 787 2114 ‚
802 2080 828 2108 id

25 2131 86 2160 rest,
104 2133 202 2162 prteter
227 2126 372 2154 Ecclesiam
399 2126 545 2162 baptismus
561 2127 673 2159 occidit⁷
691 2127 782 2155 seduci
802 2132 830 2155 et

25 2174 130 2201 =tcueri.

69 2219 114 2246 27.
136 2218 212 2252 Quod
231 2218 354 2246 columba
369 2219 466 2247 emissa
479 2240 486 2253 ‚
509 2226 562 2246 non
587 2218 692 2247 inventa
715 2220 827 2256 requie,

0 2320 2 2330 ι
32 2310 125 2344 :quiem
140 2311 240 2338 sanetis
255 2311 281 2338 in
298 2311 349 2339 boc
364 2311 464 2338 mundo
477 2311 556 2347 291
574 2318 626 2339 non
637 2319 697 2340 esse
713 2312 830 2347 promis-

28 2362 109 2383 ·sam.
124 2355 188 2383 Post
201 2357 376 2392 qnadraginta
402 2356 473 2384 cuim
498 2357 555 2384 dics
579 2358 677 2386 emissa
702 2362 758 2391 est;
785 2359 832 2395 qui

0 2414 3 2423 ι
26 2408 166 2429 numerus
179 2403 260 2429 vitam
276 2410 336 2437 quat
356 2403 381 2430 in
399 2403 449 2430 boc
468 2403 567 2430 mundo
581 2403 668 2439 agitur
686 2403 831 2439 significat.

0 2452 4 2469 ι
27 2446 162 2481 tut-nique
187 2451 248 2482 post
270 2453 373 2483 septem
394 2448 452 2476 dies
475 2449 586 2477 dimissa
599 2468 607 2481 ,
629 2453 740 2485 propter
758 2450 830 2479 illam

74 2512 121 2540 21.
141 2513 206 2554 Δι’-σα
225 2514 302 2543 sedit.
325 2514 362 2542 lta
386 2515 526 2551 Augustin-
555 2516 674 2551 nancta,
699 2516 832 2555 tincher„

0 2554 5 2578 J·
29 2547 100 2575 tvat.
113 2547 201 2589 βαίη,
217 2549 340 2590 Ambros.
353 2549 452 2579 Gnut..

0 2601 5 2630 ἱ
77 2582 147 2610 Ima.
162 2583 219 2616 Qua
229 2583 332 2625 perfect-t
343 2585 514 2620 requiescunt.
526 2584 566 2613 uri
575 2594 684 2628 quoque,
695 2593 750 2631 etc.
762 2589 833 2631 §Sod-

0 2631 6 2650 ι
28 2618 124 2646 tmodo
137 2617 265 2659 legendus
278 2622 306 2646 et
319 2621 547 2660 tuter-pungendus
566 2622 611 2650 lnc
627 2624 769 2658 Augustini
793 2625 834 2652 to-

27 2653 349 2717 ἱῧζόῃίἓξὲῐιιιὲιιὲὶἱὲω
366 2654 554 2690 emortui-tur
564 2675 574 2690 ,
594 2664 629 2685 ex
643 2659 834 2689 emundatione

0 2768 1 2773 1
71 2722 124 2786 ἓ..
143 2723 206 2786 ῧιιίί,
221 2730 298 2786 {nmo
309 2723 491 2786 ἰριιιίριιιίιιο
503 2724 575 2760 quia.
590 2726 678 2756 nce.

28 2791 37 2823 ι
115 2767 226 2823 'cunti‘
249 2767 265 2786 a
274 2767 345 2795 gem.
387 2763 396 2786 ι
409 2758 566 2794 nullatenu,
579 2762 651 2796 apud
665 2761 731 2791 Bod-
745 2767 774 2792 οι
783 2763 836 2793 Pa.

52 2845 63 2866 ·,
78 2828 126 2893 ῃὲ
142 2825 224 2892 ‘gand
237 2834 293 2871 poue
304 2829 360 2858 dieu
372 2829 472 2892 quadra
491 2848 500 2858 .
515 2829 556 2858 Ex
571 2837 597 2858 c.
612 2831 659 2861 20.
672 2833 770 2862 Gan..

47 2867 79 3016 ἶ
118 2882 127 2894 .
165 2869 311 2894 annectatur
321 2863 373 2892 Ecc
386 2873 454 2892 rstae.
479 2870 504 2892 ιι
517 2866 642 2902 August„
654 2868 717 2897 Bcd.
731 2874 758 2898 ct
766 2869 835 2900 Cod-

99 2935 111 2949 4

286 2913 420 2945 ΡΑτια..
444 2912 623 2947 Lxxxttt.

435 144 663 183 ouAEsrtoass
682 144 716 174 ta
735 143 816 175 ver.
837 143 986 175 resrt‘n.
1003 133 1086 175 41⁸
1104 143 1262 175 ccnestn.

17 207 203 243 iintelligentia
217 227 224 239 ,
249 212 300 242 qua
319 203 507 240 cognoscimus
518 223 526 237 ‚
548 203 575 231 in
596 204 734 231 voluntate
746 225 753 238 ‚
769 210 821 238 qua
838 202 859 232 Α
875 203 1054 236 septenariam
1069 202 1254 237 operationem
1271 200 1435 236 spiritualem
1452 200 1528 229 olivte
1546 201 1666 230 fructuo-

0 2271 2 2274 ’
25 2271 142 2292 vrcvcrsa
154 2269 195 2292 est
208 2287 215 2299 ‚
233 2265 350 2292 ostendit
375 2273 422 2299 per
443 2265 544 2292 Novum
559 2265 759 2293 Testamentum
785 2274 829 2294 re-
846 2258 874 2290 D

1611 142 1666 173 2³2

874 255 932 274 sum
949 248 1083 275 surculum
1100 248 1199 275 retulit.

909 292 955 320 28.
975 293 1034 327 Quo
1047 293 1212 328 signiticaret
1227 293 1367 320 nonnullos
1383 293 1461 320 etiam
1477 298 1552 322 extra
1567 295 1665 323 Eccle-

874 339 940 366 siam
957 339 1122 374 baptizatos,
1138 340 1161 367 si
1177 340 1216 367 cis
1231 340 1363 375 pinguedo
1378 348 1430 367 non
1446 339 1562 368 defuerit
1576 342 1665 370 ehari-

875 385 936 412 tatis
950 405 957 417 ,
982 385 1124 419 posteriori
1150 389 1271 419 tempore
1285 406 1292 418 ‚
1315 385 1391 420 quasi
1416 392 1547 419 vespere,
1570 387 1596 413 in
1620 395 1668 414 ore

874 431 1005 458 columba,-
1018 450 1025 462 ‚
1047 435 1172 465 tanquam
1190 431 1216 458 iu
1233 432 1326 458 osculo
1342 431 1415 465 pacis
1428 452 1436 463 ,
1451 431 1484 457 ad
1501 433 1609 459 unitatis
1622 440 1669 459 so-

873 475 999 502 cietatem
1014 483 1092 509 posse
1109 475 1228 509 perduci.
1245 475 1320 509 Quod
1339 480 1399 509 post
1413 477 1481 503 alios
1496 482 1598 511 septem
1611 477 1670 505 dies

874 520 984 548 dimissa
1008 528 1059 548 non
1082 524 1123 548 est
1146 529 1256 548 reversa
1271 542 1278 553 ,
1304 522 1437 556 siguificat
1457 522 1535 549 tinem
1557 523 1668 555 steneli,

874 567 981 602 quando
995 568 1046 594 erit
1060 573 1213 594 sanctorum
1230 568 1336 602 requies
1347 588 1354 600 ,
1368 576 1419 594 uon
1435 568 1521 594 adbuc
1538 569 1564 595 in
1580 575 1670 595 sacra-

875 618 967 640 mento
981 613 1049 648 spei,
1067 621 1118 646 qut)
1138 614 1163 640 in
1187 614 1237 640 boc
1254 619 1375 648 tempore
1394 614 1564 641 consociatur
1577 614 1669 640 Eccle-

874 659 925 691 sia,
943 659 1058 692 quandiu
1075 659 1176 686 bibitur
1189 660 1258 694 quod
1273 660 1306 687 de
1322 659 1419 686 Christi
1441 660 1524 687 latere
1541 661 1669 692 manavit,

875 705 921 731 sed
934 704 989 739 jam
1007 705 1032 731 iu
1047 706 1103 739 ipsa
1121 705 1286 739 perfectione
1300 705 1396 732 salutis
1408 710 1527 738 mierum,
1541 714 1601 733 cum
1615 711 1669 734 tra-

875 751 954 778 detur
966 758 1076 785 regnum
1094 750 1158 782 Deo,
1172 756 1198 777 et
1212 750 1295 783 Patri,
1313 751 1379 778 utin
1394 751 1438 778 illa
1455 752 1594 786 perspicua
1607 760 1672 780 con-

875 796 1051 831 templatione
1069 796 1294 824 incommutabilis
1310 797 1430 824 veritatis
1447 797 1530 824 nullis
1552 797 1672 825 ministe-

877 842 923 869 riis
932 841 1118 876 corporalibus
1132 849 1269 876 egeamus.

24 896 80 924 dm,
104 895 194 922 nnum-
216 894 345 929 requies,
362 901 422 927 qum
446 897 506 927 post
530 894 597 919 banc
622 892 701 918 vitam
727 891 823 926 excipit
840 890 862 920 Β
912 888 957 915 23).
978 888 1032 915 Cur
1053 889 1248 916 sexcentesimo
1262 890 1347 923 primo
1366 897 1437 916 anno
1462 891 1523 917 vitm
1548 890 1603 918 Noe
1617 911 1624 923 ‚
1643 891 1668 918 id

876 938 928 966 est,
946 934 1059 969 peractis
1080 935 1215 962 sexcentis
1234 935 1310 962 annis
1331 937 1450 970 aperitur
1464 944 1533 963 arete
1552 938 1668 964 tectum?

875 980 961 1007 Finita
977 981 1074 1014 qnippe
1089 986 1162 1008 sexta
1178 986 1256 1008 :etate
1271 981 1362 1008 sacculi
1379 983 1542 1010 revelabitur
1557 983 1670 1010 abscou-

875 1026 960 1053 d'ttnnt
974 1031 1170 1054 sacrantctttttttt
1187 1031 1266 1061 atque
1284 1029 1456 1062 promissum.

912 1081 957 1109 50.
979 1082 1032 1109 Cur
1049 1083 1178 1110 vicesimo
1191 1083 1307 1118 septimo
1322 1083 1366 1111 die
1385 1084 1494 1111 secundi
1517 1085 1616 1112 mensis
1631 1085 1674 1112 tli-

876 1127 948 1154 citur
962 1128 1080 1155 siccasse
1105 1134 1223 1163 terram,
1250 1134 1374 1164 tauquam
1398 1131 1470 1156 (inita
1495 1136 1566 1158 esset
1587 1132 1673 1166 bapti·

877 1173 955 1199 zaudi
973 1175 1121 1200 necessitas
1133 1174 1158 1200 iu
1172 1182 1287 1202 numero
1299 1175 1400 1201 dierum
1414 1176 1635 1210 quinquagesimo
1646 1181 1674 1204 et

876 1218 1009 1252 septimo?
1019 1219 1077 1254 lpse
1090 1219 1161 1247 euim
1173 1226 1211 1247 cst
1225 1220 1282 1248 dies
1293 1221 1404 1247 secundi
1420 1223 1519 1247 mensis
1530 1221 1674 1248 vicesimus

877 1265 1009 1296 septimus
1022 1285 1029 1297 ,
1042 1265 1086 1299 qui
1102 1273 1229 1292 numerus
1244 1273 1276 1292 cx
1293 1266 1336 1292 illa
1352 1266 1541 1300 conjunctione
1561 1267 1672 1301 spii-itus

877 1314 904 1336 ct
919 1311 1040 1344 corporis
1055 1312 1154 1345 septies
1169 1317 1283 1338 octonos
1304 1311 1383 1338 ltabct
1396 1331 1403 1344 ,
1421 1320 1472 1338 nuo
1484 1312 1575 1340 addito
1587 1333 1593 1345 ‚
1610 1321 1671 1348 pro-

877 1360 936 1390 pter
950 1357 1057 1384 unitatis
1071 1356 1215 1383 vinculum.

912 1414 957 1441 5¹.
978 1413 1030 1440 Cur
1043 1414 1077 1440 de
1092 1420 1154 1440 arca
1177 1412 1312 1448 conjuncti
1333 1418 1452 1448 exeunt,
1476 1415 1521 1450 qui
1543 1416 1670 1451 disjuncti

877 1460 1063 1488 intraverunt?
1080 1459 1124 1487 Sic
1138 1459 1209 1486 enim
1224 1459 1324 1486 dictum
1343 1465 1402 1487 crat
1417 1461 1488 1495 quod
1504 1462 1672 1490 intraverunt

879 1508 905 1534 in
919 1515 1009 1534 arcam
1022 1505 1078 1533 Noe
1090 1525 1097 1538 ,
1120 1512 1147 1533 et
1173 1506 1219 1532 filii
1241 1506 1299 1540 ejus
1312 1527 1319 1540 ‚
1338 1515 1405 1533 uxor
1420 1507 1479 1542 ejus
1493 1528 1500 1540 ‚
1525 1513 1551 1535 et
1573 1517 1674 1537 uxores

879 1553 994 1581 liliorum
1010 1553 1078 1588 ejus.
1105 1553 1160 1580 Cur
1183 1560 1305 1580 seorsum
1327 1554 1398 1587 viri,
1419 1562 1540 1581 seorsum
1567 1555 1674 1582 semime

879 1604 1097 1627 commemoratae
1112 1599 1193 1625 sunt?
1215 1599 1265 1626 nisi
1280 1599 1351 1634 qnod
1366 1599 1390 1625 iu
1412 1599 1463 1626 boe
1479 1605 1598 1634 tempore
1611 1608 1676 1628 caro

878 1646 1044 1680 concupiscit
1057 1645 1189 1672 adversus
1206 1646 1346 1679 spiritum,
1364 1651 1391 1672 ct
1411 1645 1522 1680 spiritus
1546 1647 1675 1674 adversus

878 1699 988 1718 carnem
1000 1691 1011 1717 ⁸?
1024 1690 1200 1718 Postmodum
1210 1695 1297 1718 autem
1310 1695 1407 1718 exeunt
1419 1691 1475 1718 Noc
1485 1695 1513 1718 et
1524 1699 1590 1719 uxor
1603 1692 1673 1726 ejus,

878 1741 906 1764 et
921 1743 1020 1763 uxores
1033 1735 1148 1763 liliorum
1164 1737 1234 1769 ejtts.

914 1795 959 1822 52.
982 1795 1038 1822 lloc
1049 1799 1101 1827 est.
1117 1798 1364 1822 commemorantur
1375 1795 1509 1829 conjuncti
1523 1797 1634 1824 maseuli
1647 1801 1676 1825 et

878 1840 986 1869 teminae
999 1861 1005 1873 ,
1020 1841 1080 1875 quia
1098 1840 1123 1866 in
1139 1841 1191 1866 tine
1209 1839 1298 1866 saecuti
1313 1859 1319 1870 ,
1336 1845 1417 1875 atque
1433 1841 1458 1867 iu
1476 1842 1676 1869 resurrectione

877 1886 1025 1920 justorum,
1037 1885 1192 1912 otunimoda
1205 1889 1232 1911 et
1247 1884 1363 1919 perfecta
1377 1892 1442 1918 paee
1457 1887 1561 1920 spiritui
1577 1894 1676 1920 corpus

880 1931 1027 1960 adbaerebit
1040 1953 1047 1964 ,
1065 1931 1136 1959 nulla
1152 1931 1324 1958 mortalitatis
1340 1931 1485 1965 indigentia
1501 1952 1508 1963 ‚
1531 1933 1611 1968 292
1633 1934 1676 1961 vel

880 1978 1098 2012 concupiscentia
1124 1977 1278 2004 resistente.
1300 1976 1356 2003 Cur
1379 1977 1523 2010 animalia,
1552 1979 1677 2012 quamvis

881 2023 981 2051 munda
993 2028 1020 2051 ct
1033 2023 1171 2050 immunda
1184 2022 1209 2050 iu
1222 2029 1282 2049 area
1296 2021 1406 2054 tuerint,
1419 2027 1507 2050 tamen
1521 2028 1581 2057 post
1591 2031 1679 2059 egres·

882 2077 941 2097 sum
959 2070 992 2096 de
1015 2076 1077 2096 arca
1100 2077 1153 2096 non
1177 2068 1328 2096 offeruntur
1347 2068 1403 2096 Deo
1419 2068 1446 2095 in
1461 2068 1612 2104 sacrificio,
1626 2069 1679 2098 nisi

881 2114 1000 2142 munda?

918 2171 963 2200 55.
984 2170 1051 2205 Quid
1067 2169 1164 2198 deinde
1179 2169 1243 2197 velit
1256 2169 1306 2197 sibi
1316 2190 1323 2203 ‚
1340 2170 1396 2197 D.·o
1414 2169 1541 2205 loquente
1555 2169 1588 2199 ad
1601 2170 1657 2199 Noc
1669 2190 1677 2203 ,

884 2224 911 2247 et
925 2224 1049 2254 tanquam
1065 2225 1159 2246 rursus
1178 2217 1211 2245 ab
1235 2217 1368 2246 exordio?
1387 2218 1454 2252 Quia
1479 2219 1572 2247 multis
1593 2218 1681 2247 modis

887 2273 947 2294 eam
958 2264 1109 2301 significare
1120 2264 1261 2299 oportebat
1272 2263 1382 2299 figuram
1395 2264 1534 2298 Ecclesizc,
1547 2272 1682 2293 commen·

884 2313 966 2340 dante
978 2311 1049 2347 quod
1065 2310 1205 2346 progenies
1218 2310 1276 2345 ejus
1287 2311 1455 2339 benedicitur
1469 2311 1502 2338 ad
1517 2311 1681 2346 implendam

885 2364 996 2387 terram.
1010 2357 1086 2392 Quod
1102 2356 1201 2384 dantur
1216 2356 1256 2384 eis
1275 2357 1302 2384 in
1316 2364 1406 2385 escam
1422 2361 1517 2384 cuncta
1533 2356 1658 2384 animalia
1671 2376 1680 2390 ‚

884 2405 953 2432 sicut
967 2403 993 2431 in
1009 2403 1055 2431 illo
1070 2402 1145 2430 disco
1167 2402 1248 2430 Petro
1269 2401 1386 2429 dicitur:
1405 2401 1491 2429 Macte
1509 2405 1533 2428 et
1554 2400 1681 2428 inondum

886 2451 956 2487 (Act.
972 2448 1011 2484 x).

886 2519 1014 2549 Satiatur.
1032 2516 1101 2548 Val..
1116 2515 1254 2543 mendose.
1270 2513 1366 2541 Garat..

922 2554 936 2581 1
940 2553 991 2580 bid.
1007 2551 1124 2579 Grialius
1135 2550 1162 2577 in
1173 2554 1238 2577 nota
1248 2551 1409 2576 consociatior
1420 2547 1552 2582 Eccteaiae,
1563 2548 1591 2577 in
1602 2552 1679 2578 textu

885 2589 1045 2618 consociatur
1058 2585 1185 2613 Ecclesia.
1201 2585 1287 2612 Artav-

921 2625 966 2652 ΞΘ.
987 2622 1038 2650 Cur
1052 2620 1245 2648 memmimu-
1262 2620 1283 2647 E
1296 2627 1322 2648 c.
1337 2619 1382 2647 2¹.
1396 2619 1494 2648 Cant„

886 2662 896 2674 ¹
921 2661 966 2688 50.
987 2658 1105 2686 siccam
1127 2660 1231 2683 terrant.
1254 2656 1292 2682 tta
1315 2657 1428 2690 August.
1449 2660 1479 2683 et
1497 2654 1618 2690 plerique
1631 2654 1680 2684 tit».

886 2695 991 2724 Siccam
1002 2700 1067 2724 me.
1084 2691 1142 2718 val.
1157 2690 1254 2718 Gaui..

922 2730 967 2758 52.
983 2728 1035 2756 Cur
1048 2725 1172 2753 animatia
1184 2745 1192 2757 .
1206 2733 1290 2761 usque
1304 2725 1338 2752 ad
1352 2725 1387 2752 ad
1399 2725 1660 2762 implendamurm
1669 2744 1679 2760 ,

885 2766 982 2793 absunt
1002 2771 1018 2791 a
1038 2761 1098 2791 Val.
1116 2766 1144 2789 et
1163 2760 1299 2796 plerisque
1310 2781 1318 2794 ,
1338 2765 1404 2789 aunt
1419 2766 1510 2790 tamen
1525 2762 1596 2798 apud
1610 2762 1681 2798 Aug.

885 2801 982 2829 Gutut..

888 2872 963 2900 tione
976 2868 1126 2899 Coloniensi
1143 2867 1220 2898 1530.
1237 2867 1323 2896 Ακιν.

1458 2911 1488 2948 8

1021 2954 1042 2962 ‹—
1122 2957 1126 2961 .
1620 2951 1644 2956 ,.,

922 2836 994 2864 im.
1010 2834 1064 2863 cur
1076 2831 1209 2865 mu.
1224 2831 1398 2884 meumst
1410 2831 1470 2862 aa
1481 2831 1565 2862 atam
1574 2832 1604 2862 ῆι
1614 2830 1681 2862 w·
1702 2810 1705 2815 ’

1722 2278 1730 2306 ....
1724 2271 1727 2275 .

1728 2498 1729 2501 „
1715 2364 1731 2476 ’ἕης-(σ-
