1832 3016
146 88 199 116 239

657 78 686 105 S.
707 74 830 104 tstnottt
851 57 1074 102 tttst‘AtAEN‘Sts
1089 53 1249 101 ‘Ertscoet

144 144 280 174 descendit
294 144 319 171 in
335 143 494 177 AEgyptum,
506 139 550 166 ubi
564 145 674 165 uxorem
695 145 770 165 suani
784 135 851 163 dixit
870 141 930 162 esse
945 136 969 165 Α
982 138 1068 162 matre
1090 133 1195 168 genitus
1211 139 1258 166 per
1281 129 1465 162 divinitatem,
1480 127 1539 163 ipse
1558 127 1593 155 de
1613 130 1699 156 matre
1718 126 1779 158 siue

144 199 275 219 sororem.
297 189 350 216 Nee
376 185 590 219 mentitus,quia
617 183 764 219 propinqua
792 184 849 208 erat
872 186 934 206 san-

162 244 232 265 utne.

143 245 159 272 8
177 282 203 308 5.
218 282 300 313 Quam
323 282 409 305 tamen
432 275 535 303 Pharao
558 281 605 302 rex
630 273 735 309 AEgypti
752 272 843 299 volens
866 271 935 298 acci-

142 334 220 361 pere.
234 324 398 359 gravissimis
424 323 530 350 territus
552 320 692 351 monstris,
708 318 853 352 multisque
874 324 935 351 pro-

141 377 199 406 pter
223 379 280 398 eam
309 370 384 397 malis
413 370 540 399 atthctus,
566 367 610 394 ubi
635 373 695 393 csse
725 366 782 399 eJus
806 364 934 391 divinitus

141 423 252 443 uxorem
267 415 376 447 didicit,
402 413 541 440 confestim
560 412 671 438 illaesam
695 417 755 437 cum
775 410 876 436 honore
892 415 935 435 re—

140 463 236 490 stituit.
252 463 305 490 lloc
322 463 418 496 itaque,
430 469 488 488 cum
500 460 532 487 do
545 459 698 487 ,tbitnetcctn
712 457 934 496 dicere-coeperi—

103 528 106 529 ν
139 516 199 536 mus
211 529 217 542 ,
231 514 404 542 exponemus.

442 572 554 600 CAPUT
582 571 628 599 Xl.

281 631 317 658 De
329 630 431 657 ricloriu
442 628 550 655 Abrahae
561 633 583 654 et
597 626 793 654 Melchisedech.

179 689 200 716 i.
216 689 334 716 Reverso
358 687 435 719 igitur
454 685 589 712 Abraham
606 693 637 711 ex
652 684 769 719 AEgypto
780 704 787 715 ,
802 681 872 709 unde
887 690 933 710 re·

138 740 230 767 uerat,
248 739 310 761 tunc
324 734 372 760 Lot
387 733 474 759 fratris
491 731 560 758 iilius
576 732 609 758 ab
624 731 670 757 ilio
693 731 718 756 in
736 734 832 756 terram
847 727 933 755 Sodo-

138 790 243 810 morum
267 781 338 807 saiva
358 779 488 806 charitate
507 777 633 809 secessit,
646 777 732 802 vitans
753 774 931 806 discordiam,

987 184 1062 215 patre
1082 188 1130 215 per
1147 179 1350 206 humanitatem.

1021 226 1047 253 5.
1064 227 1123 261 lpse
1134 233 1238 261 quinque
1249 224 1372 252 sacerdos
1382 226 1499 250 aeternns
1509 243 1516 255 ,
1530 221 1562 249 ad
1574 229 1651 256 quem
1664 220 1777 251 dicitur:

988 271 1026 298 Tu
1038 280 1064 298 ει
1078 272 1196 299 sacerdos
1207 271 1232 298 in
1245 275 1368 297 celnuttm
1388 267 1527 295 secundum
1541 268 1656 294 ordinem
1673 268 1780 296 Melchi-

986 317 1074 345 sedech
1092 317 1205 352 (Psalm.
1224 316 1290 351 ctx).
1318 314 1414 347 Utique
1428 318 1536 348 propter
1558 313 1714 349 mysterium
1737 321 1782 341 sa-

986 365 1128 397 cramenti,
1146 364 1214 398 quod
1242 361 1404 389 Christianis
1428 360 1566 388 celebrare
1593 360 1735 395 proeceptt.
1750 364 1780 388 ut

987 419 1039 439 non
1053 413 1199 439 secundum
1225 413 1314 437 Aaron
1338 408 1469 443 pecudum
1489 407 1627 442 victimas,
1642 407 1688 435 sed
1703 407 1779 434 obia-

986 458 1085 485 tionem
1102 456 1178 490 panis
1202 461 1230 483 et
1255 455 1324 488 vini,
1342 454 1367 480 id
1383 453 1570 488 est,corporis
1594 459 1621 481 et
1642 451 1780 488 sanguinis

986 503 1044 538 ejus
1057 508 1264 534 sacramentum,
1281 500 1306 527 in
1322 499 1482 527 sacrificium
1496 499 1650 526 offeramus.

1022 549 1048 575 6.
1065 547 1140 580 Quod
1163 555 1226 574 vero
1250 545 1401 580 patriarcba
1423 551 1535 580 magnus
1557 544 1674 571 decimas
1694 544 1781 571 omnis

986 593 1141 621 substantiae
1154 599 1208 619 suae
1224 590 1419 619 Melchisedech
1441 590 1572 618 sacerdoti
1590 595 1648 624 post
1669 590 1781 617 benedi-

987 640 1102 667 ctionem
1115 638 1186 666 dedit
1198 658 1204 671 ‚
1218 638 1306 665 sciens
1316 636 1489 669 spiritualiter
1498 636 1593 663 melius
1601 635 1780 663 sacerdotium

987 685 1103 712 futurum
1121 683 1146 710 in
1161 683 1260 717 populo
1283 681 1403 716 gentium
1423 688 1502 715 quam
1518 680 1682 712 Leviticum,
1709 680 1779 715 quod

987 731 1022 758 de
1043 731 1100 763 isso
1126 731 1151 756 iu
1175 729 1255 755 lsrael
1278 733 1333 754 erat
1360 728 1539 759 nasciturum,
1555 728 1782 761 futurumque,ut

986 777 1164 805 sacerdotium
1182 775 1308 802 Ecclesiae
1323 775 1424 804 hahens
1439 774 1597 808 praeputium
1609 773 1781 801 benediceret

136 827 198 862 quia
213 826 307 853 divites
330 825 391 852 iacti
406 828 497 856 erant,
514 828 540 850 et
555 827 678 858 pastores
700 828 792 849 eorum
819 820 932 847 invicem
950 821 973 851 Β
988 823 1013 849 in
1025 822 1158 849 Abraham
1171 821 1252 856 299
1263 821 1421 847 circumciso
1432 820 1610 847 sacerdotium
1623 820 1780 854 synagoga.

136 871 303 898 rixabantur.
318 869 469 897 Permansit
483 873 572 895 autem
590 867 723 894 Miraham
737 867 763 893 in
781 872 852 894 terra
863 867 934 893 Cha-

135 923 220 946 uaan,
232 916 413 950 habitavitque
432 915 506 949 iuxta
528 921 653 948 quercum
672 913 800 940 Mambre.

172 962 254 996 298
267 961 294 987 2.
312 961 412 988 Deinde
436 968 450 986 a
474 960 592 994 quinque
608 959 730 994 regibus,
745 959 790 992 qui
804 958 932 985 Sodomis

137 1008 290 1038 irruerant,
302 1012 406 1041 captum
422 1005 471 1033 Lot
487 1005 580 1032 thera«
591 1026 597 1035 ,
610 1005 712 1031 habens
722 1011 812 1032 secum
827 1004 852 1029 in
870 1011 933 1037 pra:-

136 1052 172 1078 iio
193 1056 326 1079 trecentos
343 1052 436 1078 decem
452 1055 479 1078 et
500 1055 561 1077 octo
578 1049 714 1077 vernulas.
733 1050 784 1076 Sed
799 1048 861 1083 quid
876 1048 934 1076 haec

136 1099 246 1126 victoria
264 1097 378 1125 Abrahae
394 1097 427 1124 de
447 1098 562 1132 quinque
583 1096 689 1130 regibus
702 1095 854 1126 indicabat,
867 1101 933 1128 quos

136 1144 185 1170 ille
211 1143 271 1170 iidci
295 1148 370 1178 pater
392 1143 520 1177 mysterio
534 1141 750 1176 superavit‚nisi
770 1140 840 1175 quod
867 1141 933 1167 tides

139 1194 231 1216 nostra
242 1210 249 1221 ,
264 1190 285 1215 si
298 1190 451 1216 conlirmata
463 1189 498 1216 sit
509 1189 534 1215 in
547 1188 640 1223 spiritu
654 1187 792 1223 principaii
803 1208 810 1219 ,
823 1187 932 1214 totidem

138 1235 258 1268 corporis
275 1234 358 1260 nostri
383 1241 476 1261 sensns
492 1234 573 1261 verbo
590 1233 635 1260 Dei
653 1234 754 1267 subigat
773 1232 872 1268 [For-te,
890 1240 933 1259 su-

139 1278 215 1314 bigit]
230 1279 241 1305 ‘l
255 1279 320 1305 Nam
343 1279 412 1305 sicut
427 1279 471 1305 ille
485 1278 519 1305 de
540 1279 662 1312 proximo
678 1278 703 1304 in
716 1279 822 1312 regibus
837 1279 931 1311 victor,

137 1325 174 1350 ita
189 1324 296 1350 et-iides
319 1328 408 1350 nostra
430 1331 477 1357 per
497 1322 612 1350 animam
635 1323 731 1349 victrix
746 1323 780 1350 de
799 1323 933 1350 exteriore

141 1369 250 1396 homine
266 1369 421 1403 triumphat.

176 1426 203 1453 3.
218 1425 294 1458 Quod
309 1432 372 1452 vcro
388 1425 431 1452 ille
453 1431 505 1452 non
522 1425 690 1452 multitudine
701 1446 707 1458 ,
723 1432 773 1452 nec
787 1425 886 1452 virtute
897 1425 930 1451 le-

137 1472 245 1506 gionum
257 1492 264 1503 ,
279 1471 326 1498 sed
352 1476 452 1498 tantum
469 1472 599 1499 trecentis
621 1473 713 1499 decem
727 1477 754 1499 et
778 1476 838 1499 octo
854 1471 933 1499 comi-

138 1517 270 1549 tantibus,
286 1516 455 1544 adversarios
477 1517 611 1551 principes
625 1518 785 1550 debellavit,
798 1518 852 1552 jam
871 1522 933 1545 tunc
945 1508 983 1543 C.

142 1563 168 1588 in
183 1566 353 1589 sacramento
376 1563 481 1595 crucis,
496 1563 571 1596 cujus
587 1563 671 1598 ligura
687 1571 733 1597 per
749 1563 803 1589 Tau
819 1563 934 1590 litteram

138 1606 256 1633 Graccam
284 1614 395 1634 numero
420 1612 600 1634 trecentorum
625 1608 792 1641 exprimitur.
806 1607 935 1642 imagina-

137 1652 224 1684 batur,
241 1653 311 1687 quod
333 1660 381 1679 nos
404 1653 501 1680 Christi
519 1653 606 1687 passio
627 1654 753 1681 liberaret
768 1662 782 1680 a
796 1654 934 1681 dominatu

138 1698 255 1732 quinque
281 1698 427 1725 carnalium
455 1699 659 1733 sensuum‚qui
677 1707 725 1726 nos
751 1706 828 1727 antea
852 1701 933 1727 variis

137 1743 207 1771 vitiis
222 1744 387 1777 captivantes
402 1749 638 1777 exsuperaverant.

177 1800 202 1824 t.
219 1798 373 1826 Revertenti
398 1799 476 1834 igitur
490 1807 503 1826 a
525 1799 597 1826 caedc
613 1800 726 1827 hostium
743 1800 875 1828 Abraham
889 1808 934 1829 oc-

140 1843 225 1870 currit
238 1844 261 1871 ei
280 1852 339 1871 mox
352 1845 561 1877 Melchisedech,
574 1853 618 1872 rex
635 1845 722 1873 Salem
734 1846 859 1873 sacerdos
875 1847 931 1880 Dei,

143 1890 314 1916 inenarrabili
332 1895 439 1925 parente
456 1891 623 1925 progenitus;
639 1891 828 1926 benedixitque
849 1892 933 1919 Abra-

139 1935 215 1968 ham,
232 1935 347 1962 offerens
372 1944 465 1970 panem
485 1940 513 1963 et
529 1936 619 1963 vinum
642 1937 667 1963 iu
684 1938 842 1965 sacr-iiicIum
865 1938 930 1966 Deo.

140 1981 215 2007 llunc
238 1981 433 2009 Melchisedech
456 1983 591 2017 apostolus
617 1982 714 2010 Paulus
737 1984 794 2010 sine
817 1988 891 2018 patre
906 1987 933 2010 et

139 2027 197 2054 sine
214 2031 298 2054 matre
310 2035 523 2055 commemorans
532 2049 547 2062 „
557 2028 699 2063 figuraliter
715 2028 797 2055 refert
811 2029 843 2055 ati
855 2028 932 2056 Chri·

140 2077 209 2098 stmn
226 2071 319 2106 (Heln.
344 2072 402 2107 vn).
417 2072 476 2107 ipse
494 2077 536 2100 est
557 2073 628 2100 enim
650 2074 723 2101 solus
738 2073 772 2101 de
787 2079 861 2108 patre
874 2075 931 2102 sine

175 2160 201 2187 5.
221 2160 304 2192 Quam
319 2164 402 2186 tamen
419 2158 536 2193 Pharao,
552 2167 635 2194 usque
649 2160 680 2187 ad
694 2161 814 2195 restituit,
829 2162 927 2197 ejusd„

141 2203 195 2223 xxti
210 2201 282 2222 cont.
296 2195 399 2227 Faust.⁹
415 2202 439 2222 c.
454 2195 498 2222 53.
514 2195 608 2222 Gtttttt..

176 2231 244 2257 ibid.
258 2231 324 2257 Cod.
341 2230 503 2264 itegiovatic.
516 2231 579 2261 295,
595 2235 654 2263 post
675 2231 783 2257 restituit
796 2232 829 2258 ati
842 2240 927 2267 marg.

140 2266 213 2293 addit
230 2265 308 2292 :1100
328 2266 446 2299 iraque...
466 2272 637 2297 exporrenuus;
652 2269 678 2291 et
699 2265 788 2292 addit:
809 2266 841 2293 ln
861 2268 929 2294 Sara

139 2302 207 2327 enim
222 2300 317 2327 Christi
330 2300 444 2326 Ecclesia
454 2300 623 2334 fiqurubtttnr,
639 2308 715 2334 quam
730 2300 823 2327 violare
835 2302 929 2335 infide-

139 2337 218 2362 litatis
233 2340 303 2362 error
317 2344 367 2361 non
382 2340 490 2367 poterat,
504 2336 563 2367 quia
575 2343 587 2361 z
599 2343 629 2361 ne
643 2335 745 2361 oracula
761 2340 796 2361 est
815 2340 838 2362 el
855 2345 927 2369 runa.

140 2370 258 2397 Monstra
273 2377 357 2397 autem
371 2370 462 2404 quihus
477 2369 582 2396 Pharao
596 2371 698 2396 territus
709 2374 753 2400 est,
766 2370 842 2397 virtus
856 2372 930 2398 miro-

139 2406 256 2432 ctalorum
267 2410 314 2437 est,
327 2413 384 2439 quoe
394 2406 455 2431 dum
466 2406 574 2431 mundus
593 2405 693 2437 aspicit.
709 2405 828 2439 confusus
843 2406 929 2433 obstu-

139 2442 207 2503 Kuit.
221 2442 256 2468 lta
268 2442 348 2468 etiam
358 2440 424 2467 Cod.
437 2439 556 2467 Florent.
570 2440 594 2466 1.
610 2440 646 2467 De
653 2440 805 2467 Abimelech
816 2448 875 2475 cap.
886 2440 930 2469 16.

165 2483 226 2503 aeti.

143 2545 164 2572 G
177 2511 242 2539 Car.
258 2518 294 2538 xt.
319 2510 351 2538 N.
367 2510 394 2538 1.
411 2510 522 2538 Reverso
545 2510 707 2537 rixabantur.
725 2510 818 2545 Ejusd.
844 2518 868 2539 c.
885 2511 931 2540 ΞΘ.

167 2553 238 2574 araz.

178 2581 248 2608 Ibid-
264 2581 415 2609 Permansit
438 2588 522 2616 usque
543 2580 577 2608 ad
593 2580 722 2608 mambre.
743 2581 777 2609 Et
791 2581 932 2610 mansitiu

142 2615 197 2642 alio
208 2615 330 2650 eiusdem
343 2620 424 2644 terra
436 2616 506 2649 ioco,
519 2615 548 2643 id
561 2621 612 2648 est,
623 2616 701 2651 juxta
711 2623 838 2651 quereum
849 2616 933 2645 ttam-

141 2649 200 2678 bre.
216 2653 283 2686 Aug.
298 2658 322 2679 c.
339 2651 387 2678 22.
402 2651 498 2679 Gaui..

141 2720 165 2746 Α
176 2685 205 2712 2.
219 2685 348 2749 Bimae·
367 2686 480 2722 quinque
497 2686 611 2721 regibus,
625 2693 710 2722 usque
723 2686 757 2714 ad
769 2685 928 2721 tanaceta,

167 2727 182 2745 u
203 2739 223 2752 .,
266 2728 274 2747 ι
295 2740 303 2748 .
345 2729 415 2748 utar..
809 2747 822 2750 „
892 2735 894 2738 ·

163 2728 248 2793 .thss
260 2755 377 2784 Grialius
394 2757 421 2784 in
433 2759 507 2784 textu
517 2757 646 2790 vanains,
658 2757 685 2786 in
695 2762 753 2786 not.
770 2756 928 2786 vamum.

142 2787 186 2816 Sic
197 2789 278 2819 ettam
292 2797 357 2831 ¹1¹9}
372 2798 418 2826 per
439 2790 506 2827 rau,
517 2797 544 2820 et
560 2801 606 2827 per
617 2792 648 2821 Y.
663 2791 752 2822 Aner-

878 2831 926 2845 ..·..»

987 867 1036 900 Qui
1051 867 1121 894 euim
1139 866 1289 899 benedicit,
1305 866 1391 899 major
1404 869 1446 892 cst
1454 873 1532 900 quam
1546 866 1590 899 qui
1605 864 1780 892 benedicitur.

1022 913 1048 939 7.
1067 912 1142 939 Unde
1158 917 1182 938 et
1195 910 1348 938 sacerdotes
1363 918 1395 937 ex
1411 911 1513 937 semiue
1530 909 1643 936 Abrabae
1656 910 1709 936 nati
1726 909 1782 937 fra-

986 963 1039 985 tres
1054 965 1116 985 suos
1131 957 1338 988 benedicebant,
1354 955 1380 982 ht
1396 960 1455 988 est,
1472 955 1598 989 populum
1611 954 1694 982 israel
1704 975 1711 987 ‚
1724 955 1782 990 qui-

986 1004 1035 1030 bus
1053 1003 1088 1029 iili
1105 1002 1222 1029 decimas
1242 1001 1340 1027 (labant
1360 1000 1504 1027 seeundum
1531 1000 1682 1027 mandatum
1694 1020 1702 1033 ,
1718 1007 1782 1028 vcro

986 1053 1015 1075 ut
1039 1047 1186 1082 majoribus
1207 1050 1234 1073 et
1246 1045 1468 1072 eminentioribus
1490 1045 1557 1071 suis.
1574 1043 1675 1071 Nomen
1691 1048 1780 1072 autern

986 1095 1071 1129 ipsum
1087 1093 1284 1121 Melchisedech
1301 1101 1347 1119 rex
1362 1093 1446 1126 pacis,
1463 1094 1506 1119 vel
1517 1100 1561 1118 rex
1573 1092 1682 1127 justitiae
1697 1092 1780 1119 inter·

986 1145 1115 1176 pretatur,
1131 1139 1202 1175 quod
1219 1139 1287 1167 bene
1303 1139 1418 1165 refertur
1429 1138 1462 1165 ad
1477 1137 1624 1165 Christum.

1029 1186 1055 1212 8.
1074 1187 1133 1220 lpse
1146 1189 1188 1212 est
1203 1185 1274 1211 enim
1290 1191 1336 1211 rex
1352 1183 1426 1218 pacis
1436 1203 1443 1214 ,
1455 1182 1515 1217 qnia
1529 1189 1576 1217 per
1589 1182 1674 1216 ipsum
1688 1189 1781 1210 recon-

987 1230 1109 1258 ciliamur
1123 1230 1186 1256 Deo.
1203 1229 1261 1263 ipse
1276 1233 1317 1255 est
1333 1235 1378 1254 rex
1392 1227 1519 1262 institue,
1534 1227 1593 1260 quia
1607 1226 1663 1261 ipse
1676 1226 1776 1261 veniet,

986 1281 1016 1303 ut
1039 1275 1174 1302 discernat
1194 1278 1302 1301 sanctos
1327 1273 1360 1299 ab
1375 1272 1474 1307 impiis.
1489 1272 1559 1300 idem
1583 1280 1688 1307 quoque
1713 1279 1781 1300 nnus

987 1320 1132 1352 sacerdos,
1156 1323 1183 1346 et
1205 1326 1267 1351 rex,
1289 1318 1350 1353 quia
1374 1318 1406 1344 ad
1427 1318 1637 1352 redemptionem
1659 1317 1779 1345 omnium

936 1390 942 1398 ,
986 1366 1103 1393 Ιιοειίιιπι
1120 1365 1174 1392 1)εο
1189 1365 1259 1392 Patri
1271 1372 1300 1391 se
1314 1364 1399 1398 ipsum
1415 1364 1524 1397 obtulit,
1543 1369 1570 1391 et
1590 1369 1619 1391 ut
1640 1371 1718 1393 verus
1732 1371 1780 1392 rex

987 1413 1011 1438 in
1026 1411 1150 1446 praesenti
1165 1410 1263 1439 saeculo
1279 1410 1405 1445 populum
1418 1417 1495 1437 suurn
1509 1410 1593 1445 regit,
1607 1415 1634 1438 et
1649 1411 1674 1437 in
1690 1409 1779 1438 futuro

984 1458 1124 1494 judicabit.

1287 1502 1401 1530 CAPUT
1416 1502 1474 1529 Xll.

1091 1559 1128 1586 De
1141 1558 1266 1593 sacrificio
1281 1558 1391 1586 Abruhoe
1407 1563 1431 1585 et
1445 1557 1611 1593 promissione
1624 1557 1680 1585 Dei.

1023 1614 1048 1643 1.
1062 1614 1126 1641 Post
1140 1614 1209 1641 hanc
1223 1613 1360 1642 victoriam
1375 1614 1472 1641 iactum
1493 1618 1534 1641 est
1545 1613 1654 1641 verbum
1671 1613 1778 1643 Domini

986 1659 1019 1687 ad
1034 1659 1166 1686 Abraham
1182 1659 1206 1685 in
1222 1659 1279 1686 visu
1291 1681 1298 1693 ‚
1317 1659 1378 1685 dum
1394 1662 1466 1685 esset
1485 1658 1518 1685 de
1534 1659 1688 1692 posteritate
1700 1659 1776 1686 solli-

986 1705 1055 1731 citus
1066 1725 1072 1736 .
1085 1709 1112 1731 et
1126 1704 1176 1731 sibi
1200 1704 1301 1731 videret
1317 1711 1370 1731 non
1387 1704 1459 1731 nasci
1476 1703 1574 1738 filium,
1588 1708 1614 1731 et
1630 1709 1717 1732 tamen
1732 1711 1778 1733 se-

986 1750 1050 1777 mini
1064 1757 1114 1776 suo
1130 1750 1226 1776 iactam
1242 1748 1449 1784 promissionem
1467 1754 1585 1782 teneret,
1597 1750 1685 1777 statim
1698 1750 1727 1777 lit
1738 1750 1777 1778 ilii

986 1796 1011 1822 in
1029 1796 1110 1830 figura
1134 1795 1231 1830 duplex
1255 1795 1398 1830 promissio
1417 1796 1528 1824 seminis
1547 1796 1622 1831 ejus,
1638 1796 1663 1824 id
1678 1801 1718 1824 est
1730 1817 1737 1829 ‚
1749 1796 1776 1824 in

985 1842 1186 1869 similitudinem
1211 1849 1301 1870 arenae
1330 1843 1425 1876 maris,
1456 1843 1499 1871 vei
1532 1843 1558 1871 in
1582 1844 1778 1873 multitudinem

985 1889 1121 1918 stellarum
1133 1889 1194 1915 coeli
1206 1888 1305 1916 sutura.

1020 1932 1048 1959 2.
1066 1933 1181 1967 Ejicieus
1196 1939 1259 1967 ergo
1273 1931 1408 1960 Abraham
1425 1933 1495 1961 Deus
1510 1934 1597 1967 foras,
1609 1933 1725 1961 ostendit
1737 1933 1776 1962 illi

984 1977 1076 2005 stellas
1092 1977 1151 2005 coeti
1162 1998 1169 2010 ,
1185 1977 1291 2004 dicens:
1309 1977 1354 2005 Sic
1369 1978 1462 2012 faciam
1477 1986 1560 2006 semen
1579 1984 1665 2012 tuum,
1681 1979 1705 2007 id
1719 1984 1775 2014 est,

984 2023 1156 2050 christianam
1168 2027 1291 2057 gentem,
1307 2023 1382 2057 enjus
1395 2027 1422 2050 tu
1439 2029 1514 2058 pater
1527 2024 1553 2051 in
1574 2024 1624 2051 iide
1636 2023 1775 2057 subsistis,

984 2071 1023 2098 sic
1045 2070 1140 2097 faciam
1168 2070 1269 2097 lumine
1292 2069 1496 2098 resurrectionis
1511 2077 1661 2098 coruscare.
1677 2069 1777 2098 Deinde

1020 2160 1046 2187 5.
1062 2159 1143 2195 anm
1157 2161 1240 2196 figura
1253 2168 1299 2196 per
1308 2159 1330 2188 T
1345 2161 1465 2188 litteram.
1482 2160 1510 2188 id
1524 2161 1621 2195 repetit
1634 2161 1776 2196 aliquoties

943 2197 970 2227 D
982 2196 1049 2228 Aug.
1065 2202 1092 2222 et
1106 2195 1185 2230 Greg.
1200 2195 1258 2222 Vid.
1285 2197 1344 2228 int'.,
1358 2195 1419 2223 Jud.
1436 2204 1463 2223 v.
1482 2196 1579 2224 GntAt..

1018 2230 1088 2257 Ibid.
1103 2230 1178 2257 Hanc
1192 2231 1345 2265 allegoriam
1360 2231 1497 2265 eleganter
1508 2231 1670 2259 Prudentius
1685 2239 1775 2263 perse-

983 2270 1062 2294 cutus
1083 2265 1142 2292 init.
1159 2265 1225 2292 vide
1238 2273 1296 2292 mea
1313 2265 1503 2298 Prudentiana,
1518 2273 1579 2299 pag.
1591 2266 1653 2293 166.
1668 2266 1756 2293 Αιιεν.

1021 2300 1047 2328 6.
1063 2299 1187 2326 flaventis
1207 2298 1376 2334 praeputium,
1403 2298 1505 2334 aliquot
1530 2300 1607 2332 Mss„
1626 2305 1654 2327 et
1681 2300 1773 2335 impr„

984 2335 1053 2362 hand
1076 2334 1155 2361 maie.
1171 2333 1266 2361 GtttAt..

1020 2371 1046 2396 7.
1062 2369 1164 2396 Nomen
1175 2373 1260 2396 autem
1277 2369 1359 2403 ipmm
1376 2368 1561 2396 Melchisedech
1578 2377 1625 2396 rea!
1644 2371 1725 2404 pacit,
1737 2371 1775 2397 vel

983 2412 1029 2431 rex
1045 2404 1163 2438 J'uuitioe.
1182 2402 1236 2431 Vox
1258 2403 1452 2431 Melchisedech
1467 2412 1556 2438 regem
1573 2409 1674 2433 tamum
1695 2406 1774 2439 §usti-

988 2439 1032 2467 tiae
1051 2438 1189 2471 significat.
1206 2439 1258 2466 Sed
1275 2438 1335 2471 quia
1349 2438 1419 2466 idem
1436 2446 1484 2467 rex
1498 2444 1555 2466 erat
1568 2439 1668 2472 Salem,
1683 2439 1773 2468 Salem

988 2479 1076 2500 autem
1091 2480 1184 2536 ιεεειη
1198 2472 1340 2508 significat.
1352 2481 1406 2501 non
1426 2474 1542 2502 absurde
1556 2479 1700 2510 utrumque
1709 2483 1775 2503 cou-

985 2509 1082 2543 jtmxit.
1110 2508 1191 2535 'atah
1758 2527 1760 2529 »

1021 2543 1150 2584 Cim-xit.
1164 2543 1196 2571 N.
1211 2542 1240 2570 2.
1255 2542 1326 2583 [ntor
1349 2544 1484 2579 Epistoias
1506 2544 1580 2573 Fauii
1603 2545 1693 2573 Atenrt
1705 2544 1773 2575 ew-

985 2578 1112 2607 dubcosts
1125 2577 1160 2606 ad
1175 2578 1321 2607 Audertum
1331 2579 1452 2608 Flavium
1464 2579 1606 2612 murm.
1615 2588 1631 2607 e
1652 2581 1658 2585 '
1725 2587 1771 2608 utu

1724 67 1777 97 2⁴0
1794 47 1806 108 ’γ

986 2614 1182 2648 limatensem.
1198 2613 1298 2642 saecuio
1314 2621 1352 2648 ιι.
1365 2622 1432 2650 quas
1440 2614 1527 2643 edidit
1541 2613 1635 2645 rtem
1645 2622 1688 2647 us.
1702 2618 1771 2644 tom.
1789 2627 1794 2630 ·

985 2649 1020 2676 xl
1034 2649 1196 2683 uiso-sacr..
1207 2650 1285 2684 epist.
1299 2649 1326 2682 4,
1339 2657 1400 2685 pag.
1414 2649 1478 2682 tu.
1488 2649 1771 2685 numu-Hem*

981 2684 1056 2712 locus
1068 2691 1127 2711 cum
1142 2683 1233 2717 atiquo
1247 2684 1390 2713 verborum
1401 2684 1520 2716 ditet-in*

982 2727 1074 2752 vam,
1084 2723 1157 2746 ιιιιιιιι
1166 2718 1300 2747 tua-rm
1311 2720 1487 2755 inqut-ntem.
1519 2719 1673 2755 ulmum
1685 2723 1771 2750 autu·

981 2759 1062 2787 ruunt,
1071 2754 1138 2782 sicut
1149 2754 1238 2782 stell-o
1247 2755 1314 2787 coetn'.
1324 2755 1353 2782 §a
1363 2759 1412 2790 aa,
1418 2755 1593 2786 θύιύειιυι
1601 2758 1732 2792 m

981 2789 1047 2817 dixit
1054 2797 1064 2816 .·
1075 2788 1120 2818 Sic
1133 2789 1306 2826 multiplicabo
1315 2797 1400 2819 men
1409 2794 1493 2826 tum,
1501 2789 1672 2832 1222·le
1682 2787 1769 2822 ΑΗΒ

1241 2828 1364 2838 ...ψ

1565 2684 1792 2718 :Maurum

1723 2757 1774 2784 ..Δ
1807 2748 1832 2786 λ·
