1832 3016
660 74 690 105 s.
709 72 832 104 tstoom
852 71 1072 103 fflflFMAENSlS
1090 71 1242 102 Episcoet

1720 63 1813 120 ma

145 145 272 174 magnum
290 135 486 172 superpositum
502 137 592 168 puteo.
620 132 781 167 Figat-aliter
803 136 849 165 per
868 137 933 158 oves
946 132 973 162 Α
985 130 1070 158 firmis
1080 130 1163 158 oculis
1175 130 1257 157 fuisse
1265 130 1500 156 commemoratur.
1510 127 1692 163 Cogit-som
1700 123 1803 160 onim

144 184 276 219 iustorum
299 182 387 216 populi
409 179 650 213 significabantur:
666 178 735 204 sicut
760 175 840 208 illud,
862 174 935 209 quod

145 230 244 258 dictum
261 232 302 256 est
319 229 344 254 in
362 225 507 259 Evangelio
524 233 531 250 ·.
548 223 646 251 Statuit
663 230 720 250 ouer
744 222 777 248 ad
803 221 935 248 dexteram

146 274 253 310 (ΜαιιΙι.
271 278 333 303 xxv,
344 269 399 304 55).

180 319 206 345 7.
223 318 346 344 Pastores
359 322 421 341 vero
435 314 571 347 prophetas
586 317 657 344 sunt,
673 311 718 346 qui
734 319 819 346 usque
833 312 867 338 ad
889 311 937 339 ad-

144 366 250 389 ventum
265 359 371 387 numini
385 358 486 392 Spiritu
501 363 593 384 sancto
609 357 740 389 mundati.
758 356 837 389 lsrael
854 365 936 392 popu·

144 408 198 435 lum
209 407 337 434 doctrinae
352 406 540 441 praedicatione
553 404 746 439 gubernabant.
763 404 841 439 Lapis
857 408 936 438 puteo

144 454 329 487 superpositus
362 452 471 486 liguram
501 450 605 477 Domini
641 449 807 484 prrel'erebat.
839 449 936 479 Puteus

145 500 255 534 gratiam
271 498 385 532 Spiritus
399 495 482 524 sancti
498 494 684 530 praeligurabat
700 502 746 529 per
766 495 935 530 praedicatio-

146 551 206 572 nem
230 542 329 570 Christi
353 546 492 569 venturam
517 541 550 567 ad
577 540 722 567 Ecclesiam
748 547 780 567 ex
803 540 936 575 gentibus,

145 596 204 624 quoe
217 588 322 615 obtecta
349 592 435 621 erant,
460 586 577 614 nondum
593 586 752 614 adveniente
777 590 804 614 et
830 586 937 614 homine

146 635 216 663 lacto
230 634 346 662 Christo.

427 677 540 705 CAPUT
562 676 650 705 XXV.

244 724 283 752 De
296 723 354 755 Lia,
369 727 393 750 et
406 722 513 755 Rachel,
527 727 551 749 et
564 722 663 749 duabus
676 721 837 757 famulabus.

182 776 207 803 1.
228 775 307 810 Igitur·
329 773 422 806 Jacob,
441 780 553 807 pergens
576 773 804 807 Mesopotamiam,
833 771 939 806 acecpit

986 176 1137 204 mortalium
1154 175 1264 207 timidae,
1279 179 1305 202 et
1330 174 1439 201 incertae
1466 173 1642 207 providentia
1663 179 1773 204 nostra.
1791 166 1810 248 ιι

986 222 1055 256 Spes
1067 230 1131 249 vero
1150 226 1258 249 :sternte
1273 219 1508 253 contemplationis
1523 220 1580 253 Dei,
1597 220 1700 248 habens
1716 228 1786 250 cet·-

986 271 1039 294 tam
1064 266 1266 301 intelligentiam
1289 265 1419 299 veritatis,
1436 264 1494 299 ipsa
1514 270 1554 292 est
1574 265 1684 294 Rachel.
1701 266 1779 295 Unde
1793 274 1807 292 u
1824 274 1832 288 ι

985 313 1064 340 etiam
1085 312 1181 339 dicitur
1195 320 1201 338 :
1216 311 1289 338 Boua
1303 312 1385 346 [acie.
1399 315 1422 338 et
1436 310 1544 346 pulchra
1562 312 1645 347 specie
1658 310 1740 347 (Ioni.
1757 321 1776 343 t.
1793 316 1808 335 Ο

989 359 1046 394 ts).
1065 359 1139 386 ilaue
1152 359 1222 386 enim
1239 362 1311 384 amat
1325 358 1412 385 omnis
1428 357 1472 392 pie
1491 357 1627 386 studiosus
1639 378 1647 391 ‚
1673 361 1701 386 et
1717 365 1772 393 pro-
1791 356 1807 387 ι1

988 411 1046 440 pter
1060 405 1128 432 hauc
1141 405 1225 432 servit
1240 404 1333 438 gratiae
1344 403 1404 431 Dei.
1416 403 1471 437 Qua
1484 407 1592 438 peccata
1610 408 1712 436 nostra.
1728 404 1779 431 etsi
1799 407 1809 425 ⁸

991 451 1092 478 suerint
1106 450 1175 477 sicut
1190 449 1363 484 phoenicium,
1379 453 1504 483 tanquam
1516 449 1561 476 nix
1572 449 1776 477 dealbabuntur.
1796 458 1807 478 ι
1826 453 1832 456 “

1025 496 1051 523 o.
1069 496 1158 524 Laban
1173 496 1270 531 quippe
1289 496 1482 529 interpretatur
1498 495 1700 528 dealba8505cui
1723 502 1781 522 set·-
1796 492 1807 512 >¹
1824 515 1826 517 -

988 542 1055 569 vivit
1078 541 1161 569 Jacob
1185 542 1266 577 325
1287 545 1395 576 propter
1414 540 1529 575 Rachel;
1554 548 1643 576 neque
1657 540 1729 569 enim
1750 546 1780 567 so
1798 546 1828 561 .·-

990 591 1104 625 quisque
1119 591 1253 618 convertit
1265 590 1316 618 sub
1329 589 1414 625 gratia
1428 589 1594 617 remissionis
1609 593 1780 624 peccatorum
1799 588 1810 604 ³

989 636 1091 663 servire
1100 636 1220 670 justitiae,
1236 635 1287 663 nisi
1302 639 1333 663 ut
1345 637 1434 670 quiete
1448 636 1519 663 vivat
1530 635 1558 663 in
1570 635 1664 670 verbo,
1680 643 1714 664 ex
1727 640 1781 671 quo

990 681 1095 708 videtur
1111 681 1282 716 principium,
1298 681 1370 716 quod
1385 686 1427 710 est
1438 682 1520 709 Deus.
1802 687 1807 707 t

1025 727 1053 755 7.
1067 728 1137 763 Ergo
1152 732 1260 763 propter
1275 728 1392 760 Rachel,
1407 735 1461 756 non
1475 731 1583 763 propter
1596 727 1683 762 Liam,
1697 727 1783 756 servi·
1799 733 1809 742 ²
1829 736 1832 737 ⁷

991 778 1044 800 tur.
1061 773 1127 801 Nam
1141 774 1200 808 quis
1214 774 1320 801 tandem
1337 774 1467 801 amaverit
1479 773 1508 801 in
1527 773 1654 807 operibus
1669 771 1782 807 institit
1801 781 1808 796 τ
1824 801 1826 803 ,

147 827 244 848 uxores
261 821 337 852 duas,
360 819 429 846 {ilias
444 819 534 847 Labatt
550 818 638 845 fratris
654 818 793 845 Rebeccae.
816 817 871 844 lloc
884 821 935 850 est,
952 820 976 850 Β
990 818 1110 846 laborem
1124 820 1270 852 actionum,
1284 824 1364 854 atque
1377 820 1548 853 passionum?
1560 821 1618 854 quis
1630 827 1689 846 eam
1701 818 1783 847 vitam
1804 824 1810 845 t

145 866 231 900 primo
254 865 339 896 Liam.
357 865 474 892 secundo
489 864 599 891 Rachel.
617 863 679 891 lude
703 864 751 890 sibi
768 863 869 898 accepit
885 863 938 890 Liae

145 911 270 939 ancillam
286 910 393 938 nomine
415 909 559 944 Zelpltam,
577 914 603 936 et
624 909 748 935 ancilium
766 909 865 935 Rachel
892 909 939 935 Ba-

144 958 207 985 lam.
226 958 267 984 Ex
280 957 375 993 quibus
399 962 512 991 quatuor
527 955 617 991 genuit
643 956 783 982 duodecim
809 950 896 989 filios,
912 959 940 982 et

147 1010 227 1031 unam
241 1002 335 1030 liliam.
353 1001 390 1028 De
411 1001 457 1027 Lia
479 1001 580 1028 scilicet
594 1001 684 1035 genuit
698 999 802 1030 Ruben,
818 999 938 1033 Simeon,

144 1047 220 1081 Lavi,
237 1047 343 1080 ludam,
361 1045 490 1078 issachar,
512 1045 641 1072 Zabulon.
667 1045 704 1072 De
730 1044 827 1071 Rachel
851 1050 939 1071 autern

142 1092 255 1127 Josepb,
280 1097 307 1119 et
324 1092 472 1125 Beniamin.
489 1091 527 1118 De
541 1091 614 1123 Bala,
640 1090 737 1117 ancilla
753 1090 865 1124 Rachel,
883 1090 940 1118 Dan

144 1143 171 1166 et
184 1137 365 1171 Nephthalim.
382 1137 419 1163 De
433 1137 542 1171 'Lelpha‚
559 1135 654 1163 ancilla
668 1135 733 1167 Ltae,
747 1134 804 1161 Gad
817 1140 843 1162 et
858 1135 936 1163 Aser.

181 1184 262 1219 324
274 1183 302 1209 2.
320 1184 350 1210 lli
366 1188 427 1210 sunt
441 1182 581 1210 duodecim
595 1182 641 1208 lilii
658 1180 748 1208 lsrael.
762 1180 837 1208 Nunc
851 1185 939 1209 autem

146 1229 210 1264 quid
223 1237 312 1255 rerum
328 1229 499 1263 figuraverint
523 1233 637 1262 quatuor
651 1234 748 1254 uxores
763 1226 855 1260 Jacob,
875 1235 939 1261 qua-

146 1283 206 1303 rum
221 1275 280 1301 duae
296 1274 387 1300 liberte
402 1279 428 1300 et
442 1275 502 1300 duae
526 1274 629 1300 ancittae
654 1273 759 1300 suerunt
770 1293 776 1305 ‚
793 1272 941 1300 rimemur?

149 1319 277 1347 Videmus
297 1319 369 1346 enim
384 1318 540 1352 Apostolum
558 1318 590 1345 in,
600 1318 681 1345 libera
705 1323 732 1345 et
757 1319 850 1346 ancilla
876 1326 941 1353 quas

149 1365 266 1392 habebat
290 1364 424 1391 Abrabam
440 1363 492 1390 duo
512 1364 682 1390 Testamenta
706 1364 871 1398 intelligere3
894 1363 940 1390 sed

147 1409 184 1436 ibi
199 1410 226 1436 in
246 1416 296 1436 una
318 1413 345 1435 et
363 1409 390 1434 iu
413 1415 465 1434 uua
491 1407 594 1434 facilius
614 1413 722 1443 apparet
743 1409 814 1443 quod
832 1409 939 1436 dicitur.

149 1454 198 1481 llic
219 1459 308 1481 autern
325 1454 384 1480 duae
398 1459 469 1485 suut,
487 1458 512 1480 et
527 1453 597 1480 (late.

182 1509 209 1536 3.
227 1509 325 1537 Deinde
337 1509 416 1536 etiam
431 1508 466 1536 ibi
480 1509 583 1536 ancittae
597 1510 666 1536 lilius
681 1510 880 1543 exltaeredatur,
898 1510 941 1537 bic
954 1505 977 1535 C
995 1503 1089 1538 fastum
1104 1504 1274 1530 ¹²⁵¹¹m⁰m¹⁴m
1298 1502 1376 1535 ‘¹¹⁶3'

149 1563 213 1582 vero
229 1556 387 1582 ancillarum
404 1555 452 1581 lilii
476 1555 554 1581 simul
569 1562 630 1581 cum
648 1555 709 1581 tiliis
725 1555 868 1582 liberarum
890 1561 941 1583 ter-

149 1607 206 1627 ram
233 1599 417 1634 promissionis
434 1599 577 1632 accipiunt.
594 1599 670 1627 Unde
684 1600 727 1626 hic
743 1601 835 1634 procul
861 1601 941 1628 dubio

121 1668 127 1670 ,.
150 1645 247 1679 aliquid
260 1645 330 1672 aliud
340 1645 517 1680 significatur,
531 1653 683 1681 quanquam
698 1646 769 1673 cuim
782 1647 841 1674 dua:
851 1647 942 1675 liberm

149 1700 245 1719 uxores
261 1691 343 1719 Jacob
356 1692 389 1718 ad
402 1692 504 1719 Novum
519 1692 730 1725 Testamentum,
747 1700 801 1727 quo
817 1694 842 1720 in
858 1693 940 1721 libcr-

151 1741 231 1765 tatetn
248 1737 335 1764 vocati
357 1745 458 1770 sumus,
475 1738 659 1765 existimentur
674 1738 817 1773 pertinere,
836 1747 888 1767 tton
902 1743 942 1766 ta-

150 1790 210 1810 men
226 1781 324 1810 l'rustra
335 1783 394 1810 duze
410 1787 480 1812 sunt.
498 1783 548 1810 nisi
562 1784 622 1818 quia
643 1783 704 1811 dttae
727 1784 788 1810 vitae
814 1785 890 1812 nobis
915 1785 941 1813 in

150 1827 249 1855 Christi
262 1836 374 1863 corpore
389 1829 580 1863 praedicantur.

187 1873 214 1900 4,
231 1873 287 1901 Una
301 1874 465 1908 temporalis,
478 1874 504 1901 in
519 1882 570 1909 qua
585 1874 753 1909 laboramus;
765 1877 816 1903 alia
830 1881 942 1909 astet-na,

152 1920 243 1954 inqua
258 1920 460 1948 delectationem
479 1921 524 1947 Dei
541 1922 765 1956 contemplamur.
795 1923 842 1950 Lia
868 1931 944 1949 nam-

152 1973 203 2000 que
228 1967 419 2000 interpretatur
448 1966 568 1994 taboram
581 1988 588 1999 ,
617 1967 718 1995 Rachel
745 1973 834 1996 autem
862 1969 943 1995 visum

151 2012 304 2047 principium
315 2034 322 2045 ‚
348 2013 404 2039 sive
428 2013 539 2039 verbum.
555 2013 632 2040 Actio
647 2021 711 2049 ergo
727 2013 805 2049 hujus
827 2014 900 2047 vitae,
916 2016 943 2042 in
976 2033 983 2039 .

151 2064 202 2091 qua
226 2058 337 2084 viximus
358 2065 391 2084 ex
409 2057 471 2090 fide,
487 2057 618 2085 laboriosa
635 2064 676 2085 est
699 2060 842 2093 operibus,
859 2064 885 2087 et
900 2059 943 2086 in-

152 2107 223 2129 certa
236 2122 243 2135 ,
258 2111 310 2137 quo
323 2103 396 2130 exitu
413 2104 553 2137 perveniat
567 2104 601 2132 ad
618 2105 757 2133 utilitatem
772 2113 863 2133 eorum
881 2105 943 2141 qut-

152 2146 201 2173 bus
217 2148 356 2175 consulere
372 2148 507 2176 volumus.

992 869 1100 899 propter
1117 865 1232 899 seipsam
1249 865 1416 899 expetiverit,
1431 865 1502 892 sicut
1517 872 1567 892 nec
1587 864 1670 892 Jacob
1690 863 1784 891 biam?
1804 864 1810 883 l

993 911 1046 938 Sed
1061 916 1151 939 tamen
1166 911 1217 938 sibi
1229 917 1307 939 nocte
1321 911 1486 946 suppositam
1501 912 1528 938 in
1544 919 1622 939 usum
1636 909 1782 946 generandi
1804 916 1807 926 ¹

990 960 1139 992 amplexus,
1156 958 1344 986 fecunditatem
1359 959 1418 991 ejus
1437 963 1563 991 expertus
1585 961 1637 985 est.
1654 956 1783 984 Dominus

991 1005 1062 1031 enim
1075 1012 1146 1036 eam,
1165 1005 1225 1039 quia
1241 1012 1289 1039 per
1303 1012 1334 1031 se
1347 1003 1432 1038 ipsam
1445 1004 1517 1039 diligt
1533 1011 1585 1031 non
1602 1006 1715 1038 poterat,
1731 1003 1784 1038 pri·

991 1058 1046 1083 mo,
1062 1056 1091 1077 ut
1102 1051 1135 1077 ad
1149 1050 1249 1077 Rachel
1262 1051 1457 1084 perveniretur.
1475 1049 1584 1077 tolerari
1597 1049 1670 1076 lecit.

1028 1096 1054 1123 8.
1070 1095 1172 1123 Deinde
1195 1101 1304 1130 propter
1329 1096 1398 1122 titios
1421 1094 1630 1122 commendavit.
1657 1093 1696 1121 lta
1720 1100 1784 1122 vero

993 1143 1173 1177 unusquisque
1188 1142 1261 1168 utilis
1278 1141 1323 1169 Dei
1334 1148 1438 1174 servus,
1448 1141 1498 1168 sub
1513 1139 1693 1168 dealbationis
1716 1146 1780 1174 pec·

993 1193 1112 1215 catorum
1128 1195 1238 1216 suorum
1249 1186 1332 1222 gratia
1347 1187 1519 1219 constitutus,
1530 1186 1594 1221 quid
1608 1185 1681 1214 aliud
1691 1192 1785 1214 amans

994 1234 1020 1260 in
1037 1233 1242 1261 conversatione
1261 1240 1308 1259 sua
1326 1233 1480 1265 meditatur.
1495 1232 1547 1259 nisi
1569 1231 1718 1259 doctrinam
1742 1237 1786 1259 sa-
1808 1251 1810 1255 ψ

993 1278 1119 1313 pientize?
1135 1278 1220 1311 Quam
1239 1278 1358 1312 plerique
1373 1285 1402 1305 se
1419 1283 1592 1312 percepturos
1606 1281 1716 1311 putant,
1730 1280 1786 1305 sta-

993 1325 1040 1351 tim
1065 1328 1094 1351 ut
1118 1331 1148 1351 se
1167 1324 1193 1350 in
1218 1330 1321 1358 septem
1347 1324 1488 1357 praeceptis
1512 1324 1578 1358 legis
1599 1327 1784 1357 exercuerunt,

994 1376 1052 1402 quae
1065 1373 1128 1396 sunt
1143 1368 1177 1395 de
1189 1368 1335 1395 dilectione
1351 1368 1479 1402 proximi,
1496 1376 1531 1395 ne
1546 1369 1670 1403 cuiquam
1685 1375 1786 1396 nocea-

995 1418 1048 1447 tur,
1067 1413 1092 1439 id
1109 1417 1150 1439 est
1168 1421 1174 1437 :
1191 1412 1298 1439 Honora
1325 1418 1422 1446 patrem
1443 1417 1514 1440 tuum
1529 1419 1552 1440 et
1576 1419 1683 1440 matrem
1706 1418 1785 1447 tunm,

995 1457 1055 1484 Non
1078 1457 1247 1489 moechaberis,
1267 1457 1329 1484 Non
1349 1458 1458 1492 occides,
1483 1456 1544 1484 Non
1567 1458 1701 1492 furaberis,
1726 1457 1788 1485 Non

1406 1501 1468 1529 Non
1496 1503 1628 1536 concupis
1617 1511 1656 1530 ·es
1682 1510 1788 1531 uxorem

995 1550 1104 1582 proximi
1120 1548 1167 1582 tui,
1184 1547 1245 1575 Aen
1271 1547 1432 1582 concupitces
1445 1555 1498 1574 rem
1513 1547 1623 1582 proximi
1635 1547 1681 1574 tui.
1808 1538 1812 1542 ⁴

1029 1603 1056 1632 9.
1073 1603 1174 1636 Quibus
1186 1603 1345 1634 observatis.
1360 1607 1532 1638 posteaquam
1549 1603 1648 1631 homini
1665 1611 1713 1638 pro
1723 1611 1788 1632 con-

994 1652 1084 1685 cupita
1098 1650 1275 1678 delectatione
1289 1650 1435 1683 doctrinae,
1450 1658 1498 1685 per
1514 1649 1676 1678 tentationes
1688 1651 1787 1684 vat-ias,

994 1696 1071 1731 quasi
1097 1703 1144 1729 per
1171 1695 1249 1729 ltuJus
1271 1695 1362 1722 saeculi
1387 1699 1508 1728 noctem,
1534 1695 1672 1724 tolerantia
1689 1695 1788 1723 laboris

996 1741 1150 1773 adhaeserit,
1164 1740 1237 1768 velut
1250 1748 1299 1774 pro
1310 1739 1412 1767 Rachel
1427 1739 1481 1767 Liae
1493 1740 1636 1775 inopinatae
1648 1740 1788 1775 conjungi-

995 1790 1050 1813 tur.
1067 1786 1100 1813 Et
1118 1786 1187 1813 hanc
1201 1786 1326 1819 sustinet,
1343 1790 1372 1812 ut
1384 1786 1417 1812 ad
1434 1786 1504 1813 illam
1522 1786 1674 1820 perveniat.
1689 1785 1713 1813 si
1728 1792 1788 1820 per-

995 1835 1153 1858 severanter
1167 1835 1253 1863 amat,
1270 1830 1386 1864 acceptis
1401 1831 1460 1859 aliis
1474 1836 1576 1866 septem
1590 1830 1739 1866 praeceptis,
1756 1837 1789 1858 ac

995 1876 1017 1903 si
1032 1875 1134 1903 dicatur
1148 1884 1153 1901 ε
1172 1876 1245 1902 Servi
1259 1875 1324 1902 alios
1338 1880 1433 1910 septem
1453 1883 1533 1902 annor
1557 1880 1660 1910 propter
1680 1874 1786 1909 Rachel,

997 1926 1026 1949 ut
1040 1922 1075 1948 sit
1090 1929 1191 1955 pauper
1205 1921 1311 1955 spiritu,
1327 1920 1407 1952 mitis.
1419 1920 1525 1955 lugens,
1537 1921 1668 1954 esuriens,
1682 1919 1788 1947 sitiens-

995 1975 1047 2003 que
1058 1967 1199 2002 justitiam,
1214 1967 1377 1999 misericors,
1389 1966 1552 1998 mundicors,
1567 1965 1702 2000 pacilicus.

1031 2013 1075 2040 10.
1091 2013 1178 2041 Vellet
1193 2013 1264 2040 enim
1289 2013 1380 2044 homo,
1401 2012 1423 2040 si
1450 2012 1507 2039 lieri
1524 2015 1630 2046 posset,
1653 2011 1712 2038 sino
1735 2009 1788 2038 ulla
1807 2048 1809 2050 v

997 2060 1138 2087 tolerantia
1158 2059 1268 2092 laboris,
1284 2066 1344 2093 quat
1360 2058 1386 2085 itt
1402 2057 1507 2093 agendo
1531 2055 1709 2092 patiendoque
1731 2063 1788 2083 am-

998 2105 1139 2140 plectenda
1165 2109 1216 2138 est,
1240 2105 1331 2132 statim
1355 2104 1389 2131 ad
1412 2102 1532 2138 pulchrae
1557 2100 1808 2143 contemplationis

997 2152 1109 2179 delicias
1125 2150 1274 2186 pervenire.
1291 2151 1343 2179 Sed
1357 2150 1475 2183 hoc,non
1496 2153 1585 2185 potest
1598 2149 1624 2176 in
1641 2152 1711 2177 terra
1732 2156 1788 2175 mo-

188 2192 215 2219 5.
230 2193 287 2226 ipsa
301 2198 342 2220 est
356 2193 403 2220 Lia
418 2195 492 2228 prior
507 2203 575 2222 uxor
591 2194 684 2228 Jacob,
697 2202 728 2223 ac
742 2203 789 2230 per
803 2195 854 2224 hoc
869 2201 895 2224 et
907 2197 947 2224 in·
960 2192 1135 2225 Driemium.
1154 2197 1210 2225 Hoc
1223 2188 1294 2225 enim
1311 2196 1417 2224 videtur
1427 2195 1586 2231 significare,
1603 2193 1674 2230 quod
1687 2194 1787 2222 dictum

189 2260 216 2288 G.
231 2260 259 2287 ln
272 2260 397 2301 Vulgata.
412 2265 503 2290 statuet
518 2269 586 2290 oves.
610 2262 696 2294 Etita
718 2263 798 2291 etiam
824 2263 944 2292 nonnulli

153 2295 190 2323 lm
201 2303 290 2323 ›resst
304 2296 388 2323 Ansv.

209 2330 261 2357 .ln
276 2331 337 2358 Alb.
354 2336 395 2359 est
414 2332 535 2366 obtectoe,
550 2337 580 2360 ut
595 2338 686 2368 gentes
701 2332 883 2367 intelligantur
897 2333 944 2361 ob-

154 2369 240 2393 tectae.
256 2366 341 2393 A'nsv.

189 2400 254 2429 Cn.
270 2409 333 2429 uv.
349 2401 380 2429 N.
403 2402 430 2430 2.
455 2402 534 2432 Nunc
551 2407 634 2432 nutem
653 2404 714 2444 quid
739 2411 824 2432 rerunt
847 2403 944 2438 flattu-

154 2436 245 2467 ttert'nt.
266 2438 365 2469 omnIa,
381 2444 463 2471 usque
478 2438 511 2464 ad
530 2437 656 2465 Victorini
681 2439 941 2472 interpretationem.

154 2474 309 2534 ειᾶιιέὅΑιι..
302 2472 370 2503 ,lilt.
387 2479 456 2505 xxti,
471 2477 559 2501 contr.
575 2473 679 2506 Faust..
692 2481 782 2509 acap.
797 2472 843 2507 5¹,
859 2481 942 2508 usque

154 2512 169 2532 a
286 2514 355 2534 tttAt..

190 2543 219 2568 ὅ.
234 2542 284 2569 Per
297 2542 371 2571 mam
382 2547 407 2571 et
424 2543 524 2575 Rachel
535 2542 602 2573 duas
613 2544 682 2572 vitas
691 2543 804 2579 intelligi
817 2543 876 2572 ruse
895 2551 942 2576 u·

155 2576 262 2608 ponitur
277 2577 303 2604 in
331 2577 400 2604 libro
424 2577 640 2605 Differentiarum
669 2586 769 2612 rerum,
794 2578 945 2610 diffamatia

155 2610 200 2637 34.
214 2612 285 2639 luter
298 2613 412 2640 activam
426 2618 454 2641 ot
467 2615 699 2648 contemplativam
713 2613 807 2646 vitam.
819 2615 908 2647 Λιιιιν

191 2646 217 2672 4.
232 2647 261 2674 ln
274 2647 340 2674 Cod.
359 2647 478 2675 Florem.
503 2647 529 2680 1,
555 2653 614 2681 post
637 2641 840 2682 contemptuique
849 2648 945 2689 ‘mulus

156 2679 309 2715 ιιᾱιιιιυιιμ·Ἰ
306 2690 373 2716 quae
387 2683 413 2711 in
427 2687 518 2712 nostra
534 2683 657 2715 Εαίιιίωο
669 2684 834 2715 oollotantqr
847 2681 876 2715 itt
890 2683 944 2716 lim

155 2718 366 2748 quanionmnin
379 2718 505 2752 Genesin,
514 2718 641 2749 scilieet.
656 2717 780 2749 Delma
794 2717 963 2753 quibusdan,

156 2753 945 2828 ‘'Yffssffiiffirifflfflmmmmffiffltafflffl.

186 2851 300 2865 *4⁷0⁴*
567 2840 622 2860 „³⁶⁴

1000 2265 1073 2299 quusi
1088 2265 1133 2291 nix
1148 2265 1343 2291 dealbabuntur.
1357 2263 1469 2296 coccus,
1486 2262 1625 2291 coccinum
1648 2265 1677 2288 et
1699 2261 1788 2295 cocci

999 2307 1066 2327 neus
1078 2300 1152 2327 color
1166 2303 1207 2326 est
1222 2299 1295 2326 color
1310 2306 1358 2332 pur
1378 2305 1467 2330 urens,
1478 2298 1523 2332 qui
1538 2298 1618 2327 etiam
1634 2295 1787 2328 Phoem'caus

998 2335 1116 2396 dAicitur3
1133 2341 1194 2361 nam
1209 2331 1319 2360 Phoenix
1342 2306 1485 2367 aiiqttattdo
1510 2333 1621 2359 rubrum
1645 2330 1785 2366 significat.

1023 2377 1074 2397 nrv

1034 2406 1060 2431 ti.
1077 2404 1166 2438 Neque
1179 2403 1246 2431 enim
1260 2410 1288 2429 ss
1299 2402 1405 2437 quisqu
1424 2402 1555 2429 cmmrtie.
1578 2401 1617 2430 lta
1631 2401 1701 2436 Aug
1715 2399 1787 2429 Suc-

997 2437 1806 2471 ntittit,Val.Gtttat..1

1029 2473 1058 2501 8.
1072 2473 1151 2500 Aluut
1165 2481 1255 2500 amans
1269 2473 1298 2499 in
1310 2473 1508 2500 conversatione
1524 2471 1562 2500 lta
1576 2471 1624 2500 tib.
1636 2477 1664 2500 o.
1676 2470 1711 2498 Itt
1723 2477 1787 2498 con

994 2510 1117 2541 versione,
1136 2509 1203 2542 Aug.
1217 2507 1311 2535 Gnnu..
1803 2519 1806 2527 ,

1029 2544 1056 2571 9.
1073 2543 1168 2571 Soecntt
1182 2548 1290 2570 noctem.
1305 2542 1413 2575 Noctes,
1429 2543 1450 2570 Α
1513 2542 1608 2570 Gerar..

1030 2578 1099 2606 Im.
1114 2577 1163 2605 Lia
1177 2578 1320 2612 inopinato,
1336 2579 1446 2613 August.
1453 2549 1522 2606 υἱέσι
1543 2577 1692 2612 inepta-to,
1715 2548 1807 2636 ⁸1³1!th¹
1829 2606 1832 2607 .

995 2614 1112 2643 fluctuat.
1127 2618 1157 2641 et
1167 2613 1230 2640 Mes.
1246 2612 1344 2640 Gntst..

1033 2647 1103 2675 ma.
1121 2648 1268 2675 Misericors
1282 2653 1305 2675 et
1318 2648 1476 2676 mundicors.
1488 2648 1528 2676 lta
1537 2647 1667 2702 Διικιῦίῃἰ
1674 2644 1826 2694 wc

999 2689 1049 2715 ter.
1064 2684 1119 2716 At„
1136 2683 1322 2711 mundicordis.
1338 2683 1435 2712 cnm.

1034 2718 1104 2746 Iota.
1120 2717 1282 2746 tamarem.
1298 2717 1344 2746 Sic
1365 2726 1425 2755 cap.
1441 2716 1538 2778 {libe}
1552 2713 1832 2777 mwufl

1646 2796 1667 2812 ια’
1682 2803 1693 2810 ,ι
1710 2789 1755 2819 ΔΙ]

998 2754 1086 2791 tronti.
1097 2753 1266 2785 duricordes.
1279 2753 1366 2783 mv.
