1832 3016
26 139 128 190 '122⁵

629 155 777 196 appan).
798 169 856 198 xn.
875 185 911 193 -
930 173 1115 205 SERMONES.

1607 187 1677 217 {2⁶20

5 218 17 250 ξ.
52 219 198 250 novissima
212 219 265 253 die.
281 225 310 247 ut
330 221 443 257 recipias
465 223 535 251 mala
551 231 611 260 quae
624 232 749 261 operatus
763 236 792 256 es
807 228 834 256 in
848 230 872 260 Α
886 224 1057 266 ittis'manna,
1070 239 1098 261 nt
1112 235 1214 262 ederent
1228 235 1313 270 (Pani.
1329 246 1428 272 txxvn,
1439 240 1497 276 2⁴),
1510 241 1562 271 hoe
1573 245 1664 274 unicui

0 286 6 288 ,
54 254 154 285 tumido
166 263 226 283 cum
250 262 359 283 auctore
377 257 484 285 diabolo
506 261 610 293 mortis,
627 267 654 289 et
666 271 767 290 mecum
781 265 835 292 eris

32 274 262 320 'Inldamnatione
274 292 379 324 mortis,
394 296 422 319 et
435 293 493 320 sine
504 294 556 322 line
567 297 731 325 cruciaberis
747 299 772 326 in
786 307 837 327 sae-

35 315 109 373 futla
124 326 293 353 saeculorum.
307 327 329 354 0
339 327 431 360 homo,
444 328 488 362 qui
504 330 562 357 hanc
577 331 666 363 audis.
687 341 837 367 expavesce

12 363 17 366 “
50 362 229 396 propeccatis
252 366 281 388 et
294 362 474 396 negligentiis,
494 368 522 391 et
540 366 602 392 dum
628 372 731 402 tempus
755 370 837 396 habes

27 388 131 432 fale
143 399 170 423 ct
183 397 311 431 spatium,
326 396 434 429 festina,
448 403 476 425 ει
490 407 538 433 age
549 401 744 435 poenitentiam.
761 410 837 431 ante-

37 425 129 467 fquam
143 432 281 458 claudatur
290 432 371 466 janua
385 432 462 466 vitae,
479 439 509 461 ιιι
518 442 629 463 securus
641 438 757 472 recipias
768 446 838 472 prae·

49 467 102 494 mia
118 467 220 502 gloriar,
242 472 270 494 et
279 467 362 494 vitam
385 473 511 496 :eternam
532 478 592 497 cum
607 473 710 506 angelis
727 473 791 506 Dei,
811 478 838 501 et

47 508 108 530 cum
120 502 243 529 omnihus
257 505 358 530 sanctis
369 502 397 530 in
412 505 510 531 saecula
522 506 693 534 saeculorum.
710 508 806 536 Amen.

99 558 191 587 Sentio
212 559 255 587 tv.
270 574 306 579 —
318 560 415 602 Decor
434 569 484 623 orel¹
496 566 520 589 et
532 564 657 599 sanquine
676 565 783 593 Domini

360 605 386 622 in
426 606 469 624 asc
488 606 513 624 (1-

81 640 105 667 t.
132 640 282 675 Magnitudo
309 641 458 669 coelcstium
484 643 673 672 bcneliciornm
698 647 834 680 angustias

0 684 5 685 ⁷
38 675 166 703 -Intmanae
186 677 282 704 mentis
301 678 417 704 excedit.
439 679 472 705 Et
490 684 632 713 propterea
652 681 687 707 ita
699 682 835 709 ordinavit

43 710 132 738 divina
144 711 325 744 Providentia,
337 718 366 739 ut
377 713 446 747 quod
457 721 552 748 capere
565 717 589 741 in
605 717 682 743 nohis
694 718 774 749 ratio,
788 725 833 744 re-

41 753 101 774 rum
118 746 188 773 mole
203 747 282 778 victa,
298 755 351 774 non
372 753 496 782 poterat,
516 749 583 777 iides
597 751 692 778 devota
707 753 832 786 concipe-

38 783 91 814 ret,
108 787 135 809 et
153 782 316 809 intellectum
335 783 480 810 credulitas
498 785 606 812 robusta
623 787 748 813 nutriret.
764 787 830 815 Cum

38 824 104 851 ergo
127 825 175 852 per
188 817 301 851 primam
316 819 557 852 transgressionem
573 828 619 854 per
631 821 715 848 Adam
734 824 830 856 origini

39 857 66 880 et
82 854 159 880 morti
173 857 326 880 teneremur
341 854 461 886 obnoxii,
474 856 640 889 prospiciens
655 864 690 883 ex
702 857 756 883 alto
772 858 830 884 Do-

39 888 138 920 minus,
153 887 180 914 in
194 894 248 921 quo
262 894 384 915 essemus
398 889 489 923 generi
504 889 650 923 debitores,
670 891 746 924 juxta
763 900 828 927 qua-

36 918 138 950 litatem
152 922 316 956 captivitatis
326 925 460 957 reparavit
475 932 571 951 munus
585 926 786 961 redemptionis.
800 929 827 956 ld

39 963 92 991 est,
108 963 137 985 ut
147 964 195 992 pro
209 957 297 984 debita
312 963 399 986 morte
408 958 518 986 oll'erret
530 961 687 995 indebitam,
704 963 764 995 quia
780 972 828 991 nec

0 996 1 1026 ζ
37 1000 86 1020 nos
102 993 265 1021 habebamus
280 993 351 1020 uude
369 995 534 1028 viveremus,
550 1003 599 1023 nec
614 997 658 1023 ille
673 998 743 1025 unde
766 1006 826 1027 mo-

37 1033 153 1056 reretur.
664 1048 667 1051 ,

71 1064 98 1092 ⁹2.
112 1064 249 1092 Materiam
266 1065 298 1092 de
315 1070 404 1092 nostra
421 1066 585 1093 mortalitate
605 1068 732 1101 suscepit,
749 1074 777 1095 ut
792 1070 826 1097 de

36 1105 86 1126 sun
98 1100 297 1127 immortalitate
310 1101 404 1128 collata
421 1102 488 1128 mori
508 1106 598 1135 posset
618 1103 669 1129 vita
691 1110 739 1137 pro
754 1112 825 1132 mor-

36 1135 96 1162 tuis.
120 1135 152 1162 Et
166 1136 227 1163 ideo
242 1136 303 1171 quia
318 1143 415 1170 corpus
435 1143 599 1171 assumptum
616 1138 754 1165 ablaturus
768 1145 825 1167 crat

36 1177 69 1197 ex
83 1171 168 1198 oculis
184 1172 295 1204 nostris,
311 1177 338 1199 ει
348 1171 480 1199 sideribus
496 1172 628 1205 illaturus,
644 1175 824 1202 necessarium

35 1210 93 1233 erat
115 1210 144 1233 ut
166 1207 244 1233 nobis
263 1208 290 1233 in
303 1207 352 1233 hac
372 1207 415 1234 die
439 1213 634 1235 sacramentum
655 1209 775 1243 corporis
798 1218 824 1238 et

33 1241 172 1275 sanguinis
192 1242 232 1268 sui
255 1246 444 1274 consecraret,
469 1248 497 1269 ιιι
517 1244 650 1270 coleretur
668 1244 766 1277 jugiter
778 1253 824 1279 per

34 1277 191 1311 mysterium
215 1277 285 1311 qnod
307 1278 390 1304 semel
410 1277 572 1304 offerebatur
594 1279 619 1304 in
640 1280 765 1312 pretium.
791 1281 824 1308 Ut

35 1311 97 1345 quia
112 1312 267 1346 quotidiana
288 1317 315 1339 et
334 1312 467 1339 indelessa
482 1315 604 1340 currebat
623 1321 669 1346 pro
687 1315 822 1343 homiuum

34 1346 120 1374 salute
134 1348 295 1381 redemptio,
311 1353 438 1382 perpetua
452 1352 524 1375 esset
537 1349 617 1374 etiam
633 1349 823 1383 redemptionis

34 1382 144 1409 oblatio.
162 1383 192 1409 Et
207 1384 332 1416 perennis
343 1383 388 1409 illa
402 1383 509 1409 victima
526 1383 628 1410 viveret
642 1384 666 1409 in
683 1387 821 1418 memoria,

33 1420 63 1442 nt
73 1424 180 1451 semper
191 1424 310 1451 praesens
321 1422 393 1444 essct
406 1418 431 1444 in
442 1418 536 1451 gratia.
553 1418 619 1444 Vere
632 1419 709 1445 unica
721 1425 749 1446 ct
760 1428 821 1454 per-

34 1450 102 1479 lecta
122 1453 208 1479 hostia
228 1453 280 1479 lide
298 1453 464 1484 aestimanda,
486 1460 539 1479 non
562 1453 662 1485 specie.
682 1453 736 1481 Nec
749 1460 822 1482 exte·

34 1487 97 1514 riori
113 1487 246 1514 censenda
260 1489 330 1519 visu,
346 1487 392 1515 sed
403 1488 523 1514 interiori
535 1487 642 1515 affectu.

69 1523 95 1549 5.
110 1523 187 1550 Unde
206 1522 301 1549 merito
316 1523 434 1550 coelestis
448 1524 589 1550 coutirmat
603 1524 746 1551 auctoritas
760 1526 821 1560 quia

33 1563 97 1584 caro
111 1557 210 1584 Christi
224 1565 288 1585 vere
302 1563 343 1585 est
358 1558 433 1585 cibus
444 1578 452 1590 ,
468 1564 495 1585 et
507 1560 615 1593 sanguis
629 1559 688 1593 ejus
704 1568 766 1587 vere
781 1567 822 1588 est

32 1628 247 1662 quandoquidem
271 1630 314 1662 qui
340 1634 434 1655 auctor
455 1634 497 1656 est
519 1631 638 1656 muneris
659 1630 716 1663 ipse
741 1632 820 1659 etiam

32 1664 109 1690 testis
123 1668 165 1690 est
175 1664 308 1690 veritatis.
325 1663 390 1691 Nam
404 1664 545 1691 invisibilis
561 1665 687 1691 sacerdos
703 1667 820 1694 visibiles

20 1703 168 1726 ¹creaturas
192 1699 218 1725 in
243 1699 420 1726 substantiam
447 1699 567 1734 corporis
584 1704 610 1726 et
625 1701 762 1734 sanguinis
778 1703 819 1729 sni

33 1733 116 1760 verbo
129 1741 177 1761 suo
185 1739 288 1761 secreta
304 1739 435 1768 potestate
446 1736 541 1761 evertit
552 1733 587 1770 [F
589 1740 653 1767 orte,
665 1736 818 1771 convertitj,

20 1767 66 1796 tila
86 1769 179 1797 dicens
201 1777 208 1796 ε
228 1770 342 1802 Accipite
366 1775 389 1796 et
411 1770 492 1803 edite,·
515 1771 562 1796 hoc
585 1775 620 1796 est
646 1772 712 1797 enim
728 1780 819 1806 corpus

21 1811 125 1832 imeum.
139 1803 391 1832 Etsanctilicatione
406 1806 518 1838 repetita
534 1805 673 1840 :At-cipite,
689 1807 784 1841 inqfflt,
797 1813 819 1834 et

20 1838 120 1872 mittite:
129 1839 171 1865 liic
182 1840 327 1875 catsanquis
336 1839 523 1875 meus(li[attl1.
539 1848 614 1873 xth,
628 1841 672 1871 26.
682 1841 739 1876 27).
749 1842 818 1877 Ergo

21 1874 98 1901 »sicut
110 1875 142 1901 ad
157 1879 249 1901 nntnm
262 1875 442 1910 praecipientis
459 1875 560 1902 Domini
577 1881 687 1908 repente
702 1885 734 1903 ex
750 1878 817 1905 nihi·

21 1907 60 1936 tto
69 1909 247 1937 substiterunt
259 1913 365 1937 excelsa
375 1911 516 1941 coetorum,
530 1910 660 1944 protunda
677 1911 816 1946 fluctuum,

21 1949 106 1971 'vasta
121 1949 264 1978 terrarum,
278 1946 334 1980 pari
351 1945 469 1979 potentia
489 1946 516 1972 in
536 1946 718 1979 spiritualibus
730 1955 818 1975 sacra-

21 1981 128 2007 umentis
142 1980 223 2007 Verbi
243 1980 362 2015 praecipit
374 1981 471 2014 virtus,
482 1985 510 2007 et
524 1981 606 2007 servit
619 1981 738 2009 effectus.

67 2014 94 2041 t.
105 2016 209 2049 Quanta
221 2017 308 2050 itaque
321 2021 347 2042 et
367 2023 447 2050 quam
462 2015 621 2042 celebranda
634 2016 762 2044 beneticia
778 2019 817 2045 vis

21 2043 132 2078 udivinae
152 2051 346 2078 benedictionis
370 2055 496 2085 operetur
516 2051 637 2078 attende.
663 2052 695 2078 Et
716 2057 744 2079 ut
768 2053 815 2080 tibi

20 2090 129 2113 movum
153 2091 181 2112 et
205 2086 368 2119 impossibile
395 2093 448 2112 non
474 2085 570 2112 debeat
591 2086 674 2113 videri
700 2088 769 2120 quod
789 2089 816 2116 in

21 2116 130 2148 'Christi
151 2120 327 2147 substantiam
347 2125 452 2148 terrena
470 2126 498 2148 et
510 2121 634 2148 mortalia
649 2128 816 2150 commuten-

21 2157 84 2187 itur.
99 2159 126 2183 te
138 2155 235 2189 ipsum,
252 2155 296 2190 qui
308 2155 365 2196 jam
378 2163 407 2183 es
421 2155 447 2182 in
460 2156 567 2183 Christo
577 2162 761 2190 regeneratus,
773 2159 814 2185 iu-

20 2192 146 2225 tter-roga.
164 2190 266 2217 Dudum
282 2192 383 2217 alienus
395 2198 410 2217 a
426 2191 478 2218 vita
491 2211 499 2223 ,
514 2198 670 2225 peregrinus
682 2199 697 2218 a
712 2194 815 2220 miseri-

18 2225 120 2253 twrdia
132 2245 140 2257 ,
155 2232 171 2252 a
186 2227 279 2253 salutis
294 2226 335 2252 via
347 2226 508 2253 intrinsecus
521 2231 642 2253 mortuus
661 2229 814 2257 exsulabas.

19 2296 106 2324 net-iis
118 2295 276 2327 innovatus,
299 2296 326 2323 in
344 2303 441 2329 corpus
453 2296 600 2330 Ecclesiae,
619 2303 671 2323 non
689 2299 814 2332 videndo,

19 2330 78 2365 ised
90 2331 225 2358 credendo
238 2332 366 2364 transisti,
378 2336 406 2359 et
417 2331 451 2359 de
466 2332 520 2358 lilio
538 2332 695 2366 perditionis
714 2334 818 2369 adopti-

20 2368 80 2393 tvtts
95 2365 143 2393 Dei
158 2366 229 2393 illius
242 2367 346 2393 occulta
362 2367 477 2400 puritate
491 2367 547 2394 lieri
560 2368 693 2407 meruisti.

33 2395 45 2423 ἲ·
65 2400 92 2427 5.
107 2400 136 2426 In
149 2407 272 2427 mensura
284 2401 383 2428 visibili
396 2409 554 2436 permanens
565 2410 651 2436 maJor
659 2403 745 2431 lactus
753 2410 818 2433 este

18 2432 88 2471 ffitso
106 2434 276 2462 invisibiliter
294 2436 352 2462 sine
373 2437 528 2470 quantitatis
543 2443 695 2468 augmento.
708 2442 772 2467 cum
783 2441 817 2475 ip-

17 2473 59 2499 ·oe
67 2475 147 2504 atque
154 2470 224 2498 idern
234 2477 317 2503 esses,
330 2471 415 2498 multo
425 2471 590 2508 altius317
603 2474 663 2501 lidei
683 2476 819 2509 processi-

27 2508 31 2527 t
71 2516 73 2528 :
86 2506 266 2545 exstitisti..ln
278 2505 403 2532 exteriori
418 2506 599 2546 nihiladditus
608 2515 638 2535 es
648 2529 656 2541 ,
667 2514 695 2536 et
710 2514 779 2537 totus
790 2511 818 2538 in

26 2542 49 2586 ι’
59 2540 150 2608 231}
155 2540 347 2603 ἓῖἒέἰὶἒὲιὶῗέἷξ
351 2541 819 2608 iffitaintitssttiizitiftizff

26 2632 36 2648 ·
56 2612 819 2681 mtltozzffssltttt‘&iffifflsltffilsttta

55 2693 56 2696 =
72 2692 75 2702 ·
88 2691 92 2703 ι
110 2680 136 2708 in
147 2685 174 2709 te
181 2681 308 2709 Dominus
316 2682 377 2708 lasa
385 2682 496 2713 curavit,
508 2680 605 2709 intecta
611 2682 696 2716 diluit,
704 2686 819 2713 macula-

73 2727 74 2730 =
92 2734 96 2737 ,
119 2727 129 2739 ,ι
165 2719 188 2750 t,
200 2723 254 2744 non
263 2716 360 2748 oculis,
370 2716 418 2745 sed
432 2716 555 2744 sensibus
566 2717 619 2744 tuis
628 2717 732 2746 credis:
745 2720 779 2748 its
790 2725 818 2748 et

62 2762 67 2771 ι
91 2766 93 2770 -
102 2757 129 2778 ιιι
141 2750 175 2779 ιιι
184 2754 360 2779 reverendum
371 2752 454 2778 altare
463 2751 573 2780 salutari
581 2753 643 2780 cibo
651 2759 768 2789 potuque
776 2762 818 2782 re-

15 2811 20 2819 ,
53 2785 56 2788 ’
80 2803 84 2806 -
96 2798 99 2809 ι
114 2797 117 2807 =
126 2793 159 2814 ιιι
167 2785 282 2819 secedis,
290 2788 396 2814 sac'rtnn
405 2785 511 2814 Domini
520 2787 560 2814 tui
568 2793 666 2823 eorpus
675 2793 702 2816 et
713 2790 818 2826 sangni-

102 2819 156 2848 Μο
165 2820 280 2856 mirice,
291 2822 394 2848 bonore
412 2821 520 2855 mirare,
535 2827 652 2851 mentem
665 2825 746 2859 erige.
757 2831 819 2853 enr-

68 2884 70 2886 ,
96 2870 97 2873 =
122 2856 282 2892 nus-seips,
296 2861 324 2883 et
337 2855 454 2884 maxime
465 2856 560 2884 haustu
573 2858 693 2886 interiori
700 2866 816 2889 assume.

86 2901 96 2911 *
107 2888 183 2924 Quod
196 2891 222 2919 si
233 2891 299 2920 illud
306 2891 374 2926 legis
385 2898 494 2925 manua,
501 2893 536 2920 de
545 2900 600 2928 quo
613 2893 711 2928 legitur
725 2902 734 2922 z
745 2894 816 2923 Plutia

175 2937 312 2969 Parnoi..
326 2937 505 2970 Lxxxtu.

32 1597 118 1628 potus.
145 1593 262 1620 ttecedat
282 1600 346 1627 ergo
368 1600 448 1620 omne
466 1594 631 1621 infidelitatis
645 1595 796 1629 ambiguum
811 1618 818 1630 ‚
835 1585 859 1616 C

19 2255 124 2288 {Subito
139 2260 259 2288 initiatus
272 2260 372 2288 Christi
386 2261 500 2296 legibus,
520 2265 548 2288 et
568 2262 727 2289 salutaribus
743 2271 814 2299 mys-
826 2262 853 2292 D

889 272 940 299 que
959 270 1078 302 sapiebat
1092 271 1162 304 quod
1177 271 1317 300 desideriis
1329 277 1510 310 concupisset,
1527 279 1599 307 aliud
1619 288 1677 311 erat

889 302 960 342 quod
980 305 1143 338 sumebatur,
1156 306 1226 333 aliud
1241 313 1300 335 erat
1314 310 1384 344 quod
1400 311 1551 346 videbatur,
1564 320 1591 340 et
1606 316 1676 344 invi-

889 336 1004 377 sibiliter
1013 341 1144 372 saporille
1154 341 1180 367 in
1189 342 1350 375 singulorum
1365 346 1486 372 sensibus
1499 348 1662 380 formabatur

889 373 1023 410 ergo-illud
1032 374 1096 408 legis
1102 383 1198 403 manna
1207 378 1310 405 coelitus
1319 379 1440 410 illapsum
1450 388 1496 413 pet·
1503 375 1675 415 multimoda}

889 410 1034 444 suavitates
1048 414 1149 436 naturae
1161 418 1218 438 sure
1230 413 1354 440 meritum
1362 416 1499 448 etgeneris
1509 418 1550 444 sui
1564 423 1675 449 excede-

889 437 935 477 bat
945 442 1080 481 intuitum.
1097 444 1129 469 Et
1141 452 1201 471 cum
1210 452 1358 474 creaturam
1365 455 1440 474 suam
1449 449 1611 482 dispensatio
1622 457 1675 483 lar-

888 478 982 514 gitoris
991 477 1288 508 ntulttplicidiversitate
1295 482 1426 514 condiret,
1438 484 1572 516 praebebat
1582 496 1673 521 gustus

889 508 1113 549 quod'tgnorahat
1122 516 1255 546 aspectus.
1270 515 1348 542 quta
1371 517 1539 550 percipientis
1550 522 1673 552 allectum

887 549 957 570 escae
964 544 1000 570 illi
1012 547 1115 573 novitas
1124 551 1152 573 et
1161 547 1277 581 dignitas
1285 551 1453 583 nascebatur,
1462 557 1488 578 et
1501 561 1674 590 unumquem-

887 585 939 618 que
954 580 1034 607 variis
1049 585 1076 608 et
1099 582 1195 609 alienis
1214 584 1354 617 saporibus
1370 586 1504 614 reliciebat
1518 591 1673 621 mellifluum

887 613 958 653 tilius
972 616 1066 648 pluviae
1082 616 1191 650 donum,
1207 623 1234 645 et
1248 619 1389 653 multiplex
1406 621 1470 648 sicci
1487 622 1582 651 imbris
1595 629 1674 656 obse-

886 655 987 682 quium.

922 685 947 710 7.
964 686 1028 718 Quae
1040 693 1100 713 cum
1116 687 1152 714 ita
1166 689 1229 719 sint,
1253 690 1323 723 quod
1343 690 1397 717 illic
1416 692 1527 720 aviditas
1551 694 1663 725 faciebat

885 718 928 746 hic
941 720 1007 748 ssdes
1017 722 1106 749 iaciat.
1121 723 1165 749 sic
1177 725 1307 759 legimus:
1322 725 1424 752 Accedit
1437 727 1512 754 homo
1533 732 1566 757 ad
1582 740 1625 758 cor
1641 720 1675 760 αι’.

884 760 952 786 tum.
978 761 1002 782 et
1021 757 1173 784 exaltabitur
1184 759 1254 786 Deus
1270 759 1354 789 (Psoi.
1373 769 1453 794 thu,
1471 763 1510 797 7).
1528 765 1590 793 Ideo
1604 771 1673 802 qnod

883 789 1071 818 ibidelectatio
1080 793 1218 820 obtinebat
1228 797 1251 821 in
1261 795 1391 827 lancibus,
1401 797 1441 824 hic
1450 798 1600 827 benedictio
1608 811 1673 837 ope-

883 832 959 855 retur
972 827 998 853 iu
1015 828 1149 855 sensibus.
1164 828 1204 855 Ad
1218 831 1415 864 agnoscendum
1431 838 1458 859 et
1472 836 1672 869 percipiendum

882 863 1042 890 sacrificium
1060 863 1114 889 veri
1129 866 1248 898 corporis
1267 865 1322 899 ipsa
1348 866 1455 893 roborat
1470 872 1585 902 potentia
1605 881 1674 901 con—

882 898 1022 925 secrantis.
1038 898 1087 931 Qui
1103 902 1166 924 tunc
1180 899 1256 925 latuit
1270 901 1452 935 praefiguratus
1466 903 1492 929 in
1512 912 1620 940 manna,
1637 910 1673 937 sit

883 934 929 960 tibi
942 940 1013 959 nunc
1026 932 1183 960 manifestus
1194 934 1220 960 in
1232 936 1327 968 gratia.
1341 937 1428 969 Ipsum
1442 943 1530 965 autem
1545 941 1627 970 luisse
1644 946 1669 971 in

879 975 984 995 mannae
996 968 1066 995 illius
1076 969 1165 1002 specie
1175 970 1372 1003 praesignatum,
1382 972 1462 998 etiam
1475 973 1604 1007 Propheta
1615 981 1672 1005 evj-

878 1004 973 1031 denter
985 1003 1111 1035 ostendit,
1128 1004 1220 1030 diceus
1234 1014 1238 1030 :
1252 1005 1350 1032 Panem
1364 1007 1420 1032 coeli
1432 1007 1501 1034 dedit
1520 1018 1565 1043 ets,
1579 1021 1670 1046 panem

877 1041 1026 1074 anyelortttn
1051 1039 1211 1065 manducavit
1238 1041 1313 1067 Ιιυηιο
1338 1040 1423 1072 (Psat.
1448 1050 1550 1076 Lxxvn,
1567 1047 1622 1082 25),
1639 1050 1672 1076 Et

878 1076 938 1107 quis
952 1075 1025 1107 panis
1036 1074 1191 1108 angelorum
1210 1080 1261 1108 cst,
1277 1076 1326 1102 nisi
1340 1076 1471 1111 Christus,
1487 1082 1530 1114 qui
1546 1088 1593 1110 eos
1608 1084 1669 1113 cilio

876 1116 932 1136 succ
947 1109 1085 1135 charitatis
1097 1114 1124 1135 ct·
1138 1109 1236 1138 lumine
1249 1118 1304 1137 suae
1315 1111 1442 1139 claritatis
1457 1116 1589 1143 exsatiat?
1612 1120 1668 1148 lluc

877 1151 956 1177 pane,
979 1144 1085 1170 dicente
1100 1144 1244 1178 Propheta,
1265 1152 1340 1173 sexta
1354 1147 1398 1174 die
1412 1148 1522 1182 duplum
1538 1153 1649 1188 colliges
1659 1177 1666 1189 ‚

876 1180 994 1206 Sabbato
1008 1184 1096 1206 autem
1114 1187 1166 1205 nou
1181 1181 1302 1214 colliges,
1328 1181 1391 1208 dum
1411 1190 1426 1209 a
1442 1185 1546 1219 primo,
1568 1188 1664 1223 idest,

878 1215 1014 1241 Dominico
1029 1213 1072 1240 die
1085 1235 1092 1246 ,
1109 1213 1135 1241 in
1152 1215 1210 1248 lege
1237 1216 1368 1249 tribuitur,
1382 1221 1409 1244 et
1427 1218 1453 1244 iu
1470 1222 1528 1248 solo
1548 1221 1667 1253 Sabbato

876 1249 1034 1284 denegatur.

912 1287 938 1310 ὅ.
951 1285 1008 1311 lam
1022 1290 1083 1311 tunc
1101 1283 1224 1312 Christus
1238 1287 1271 1314 ab
1287 1287 1415 1320 Ecclesia,
1430 1290 1471 1316 cni
1495 1290 1664 1323 Dominicum

876 1321 1038 1346 resurrectio
1051 1321 1228 1353 consecravit,
1253 1324 1421 1354 recipiendus
1436 1328 1596 1360 ostenditur,
1608 1336 1664 1359 eta

875 1355 1026 1390 Synagog:i‚
1043 1356 1075 1380 ad
1088 1363 1166 1388 quam
1175 1356 1263 1383 cultus
1274 1358 1381 1385 sabbati
1393 1359 1552 1394 pertinebat,
1568 1372 1665 1398 negan-

874 1390 936 1416 dum
950 1397 1009 1416 esse
1024 1390 1187 1423 praedicitur,
1200 1391 1262 1418 dum
1276 1393 1333 1419 dies
1347 1392 1398 1420 iste
1409 1396 1537 1427 septimus
1549 1402 1603 1431 est,
1618 1402 1664 1433 qui

875 1425 992 1452 coelestis
999 1425 1074 1458 panis
1081 1425 1171 1451 fraude
1178 1427 1313 1453 innitatur.
1322 1428 1414 1462 Dequo
1422 1436 1488 1462 panc
1497 1436 1570 1458 vetus
1577 1441 1666 1463 narrat

875 1460 984 1486 historia
994 1468 1000 1485 :
1010 1459 1065 1485 Nec
1075 1460 1118 1492 qni
1130 1460 1186 1493 plns
1197 1462 1331 1495 cotleqerat
1339 1462 1423 1488 tiatuit
1434 1466 1555 1499 amplius,
1568 1476 1612 1495 nec
1621 1473 1666 1503 qui

875 1496 959 1521 minus
966 1499 1097 1528 paraverat
1105 1496 1197 1529 reperit
1206 1498 1288 1522 minus
1296 1497 1394 1531 (Eitod.
1403 1500 1505 1533 xvtslo')
1512 1521 1518 1527 .
1526 1502 1599 1534 Quod
1607 1512 1665 1531 eor.

876 1537 935 1563 puS,
943 1532 1081 1557 sacerdote
1090 1530 1272 1563 dispensante,
1281 1535 1382 1558 tantum
1390 1539 1429 1559 est
1438 1534 1462 1560 in
1470 1537 1574 1569 exigno,
1584 1547 1665 1572 quan.

876 1570 930 1591 tntn
939 1570 1107 1592 esseconstat
1117 1566 1141 1590 in
1152 1570 1217 1592 toto.
1227 1566 1302 1598 Quod
1309 1574 1369 1592 cum
1376 1569 1486 1594 ecclesia
1495 1571 1610 1599 lidcliutn
1618 1582 1664 1601 su-

875 1601 935 1632 mit,
951 1600 1132 1634 sicutplenuin
1143 1599 1318 1632 inuniversis,
1330 1602 1366 1627 ita
1383 1604 1514 1636 integrum
1530 1613 1590 1634 esse
1601 1616 1662 1642 pro-

872 1635 952 1661 batur
968 1636 994 1661 in
1005 1636 1125 1668 siugulis.
1140 1634 1176 1660 De
1194 1642 1246 1668 quo
1262 1643 1342 1662 sensu
1361 1638 1505 1670 apostolica
1527 1644 1659 1670 sententia

872 1671 990 1697 derivata
1005 1674 1045 1696 est
1055 1671 1148 1696 dicens
1165 1678 1170 1694 ε
1185 1669 1235 1701 Qut
1248 1673 1327 1696 multa
1342 1671 1426 1704 habet,
1438 1681 1488 1698 non
1503 1675 1638 1705 abundavit
1650 1687 1661 1706 ,·

872 1710 894 1731 et
907 1707 949 1740 qui
962 1705 1101 1737 modicum,
1118 1713 1168 1731 non
1183 1706 1315 1731 minoravit
1327 1705 1369 1740 (ΙΙ
1386 1706 1445 1733 Cor.
1459 1716 1513 1740 vin,
1531 1711 1587 1743 Ia).

907 1741 932 1767 9.
950 1740 978 1768 Si
991 1741 1061 1767 forte
1074 1741 1150 1773 panis
1164 1747 1239 1767 esum
1259 1742 1438 1769 esurientibus
1450 1750 1658 1781 apponeremus,

871 1782 923 1802 non
939 1783 972 1802 ex
987 1780 1045 1802 toto
1070 1777 1222 1809 perveniret
1243 1777 1275 1802 ad
1290 1777 1420 1811 singulos,
1431 1779 1491 1812 quia
1513 1783 1658 1814 particula-

870 1812 923 1838 tius
947 1814 974 1837 et
1002 1810 1158 1836 minutatius
1188 1817 1234 1844 pro
1258 1812 1378 1844 portione
1405 1820 1452 1839 sua
1479 1819 1658 1852 unusquisque

870 1846 1031 1879 perciperet.
1061 1845 1096 1871 De
1111 1845 1160 1872 hoc
1175 1852 1239 1871 vero
1255 1853 1333 1878 pane,
1349 1854 1408 1874 cum
1422 1853 1574 1885 assumitur,
1591 1854 1659 1880 nihil

872 1882 958 1907 minus
974 1882 1071 1907 habent
1085 1880 1179 1914 singuli
1209 1888 1288 1914 quam
1318 1883 1444 1914 uniuersi.
1462 1884 1556 1912 'l'otum
1574 1895 1659 1921 nitus,

870 1919 954 1942 totum
970 1916 1032 1947 duo,
1049 1919 1132 1941 totum
1145 1915 1235 1949 plures
1246 1916 1303 1942 sine
1313 1917 1489 1945 diminutione
1498 1921 1658 1956 percipiunt,

869 1951 931 1984 quia
947 1950 1098 1977 benedictio
1113 1950 1192 1985 hujus
1208 1953 1368 1979 sacramenti
1394 1954 1445 1980 scit
1456 1954 1590 1989 distribui,
1608 1965 1657 1985 ne—

870 1986 921 2012 scit
935 1986 1017 2020 318
1031 1986 1220 2012 distributione
1234 1987 1364 2014 consumi.
1382 1987 1547 2016 sacramenti
1567 1991 1659 2027 itaque

870 2020 947 2054 liujus
962 2023 1073 2047 loimam
1090 2023 1168 2046 etiam
1182 2020 1207 2046 in
1223 2020 1374 2048 Judaeornm
1391 2023 1491 2067 paginis
1507 2025 1658 2054 invenimus

868 2062 1033 2088 expressam.
1049 2056 1113 2081 Nam
1126 2057 1158 2081 de
1171 2056 1366 2083 Melchisedech
1379 2058 1404 2084 in
1416 2059 1513 2085 uenosi
1525 2060 1636 2095 legimus
1650 2071 1656 2088 :

868 2089 902 2116 Et
918 2090 1103 2117 Melchisedech
1116 2098 1161 2116 rex
1179 2091 1267 2117 Salem
1281 2092 1386 2123 protulit
1401 2101 1502 2127 partem,
1523 2101 1545 2121 et
1561 2097 1656 2130 vinnm,

868 2130 891 2151 et
907 2126 1031 2152 benedixit
1055 2125 1183 2157 Abrnhae;
1199 2127 1342 2159 {nitentem
1361 2129 1478 2154 sacerdos
1498 2129 1547 2156 Dei
1565 2133 1658 2158 summi

868 2160 946 2195 (Gen.
962 2168 1016 2193 xiv,
1033 2161 1082 2194 18,
1102 2162 1158 2194 ¹9).
1175 2161 1201 2187 ln
1218 2161 1347 2195 quodum
1367 2170 1382 2188 a
1395 2163 1541 2197 praeputio,
1564 2166 1588 2191 id
1605 2172 1658 2199 cst,

867 2203 883 2222 a
897 2196 1046 2230 gentilitate
1061 2196 1228 2222 circumcisio
1241 2196 1326 2223 lutura
1342 2197 1516 2229 benedicitur,
1528 2199 1656 2228 Ecclesiae

867 2231 952 2264 gloria
964 2231 1133 2265 praedicatur,
1150 2235 1176 2257 et
1195 2232 1444 2265 synagogaeintideti
1457 2233 1531 2267 plebs
1546 2242 1577 2261 ex
1592 2243 1657 2269 gen-

869 2266 939 2292 tibus
950 2267 1077 2300 acquisita
1092 2267 1265 2300 praeponitnr.

904 2301 948 2328 10.
970 2301 1018 2328 llic
1029 2307 1092 2335 ergo
1115 2301 1323 2334 Melchisedech,
1338 2302 1414 2336 cnjus
1435 2303 1587 2337 genealogia
1612 2305 1654 2331 vel

867 2336 943 2370 origo
953 2336 1075 2363 notitiam
1088 2336 1158 2363 illius
1168 2340 1220 2363 tem
1225 2337 1295 2370 poris
1306 2338 1390 2370 latuit,
1399 2338 1532 2364 oblatione
1542 2339 1618 2372 panis
1627 2344 1656 2367 et

868 2372 922 2398 viui
935 2372 986 2398 hoc
999 2371 1096 2397 Christi
1113 2371 1269 2397 sacrificium
1283 2373 1459 2405 praesignavit.
1474 2372 1512 2398 De
1525 2381 1578 2407 quo
1591 2374 1657 2400 Pro-

869 2406 947 2440 pheta
959 2407 1128 2440 pronuntiat:
1140 2405 1176 2431 Tu
1185 2414 1210 2431 es
1223 2406 1339 2432 sacerdos
1349 2406 1375 2432 in
1385 2411 1506 2433 aeternum
1516 2410 1655 2436 secundum

868 2442 983 2468 ordinem
1004 2440 1191 2467 Melchisedech
1208 2440 1293 2473 (Paul.
1306 2447 1359 2473 cix,
1375 2439 1414 2475 et).
1433 2441 1498 2468 Nam
1517 2448 1544 2469 et
1562 2443 1655 2471 beatus

868 2475 985 2511 Moyses,
999 2477 1033 2502 de
1044 2483 1076 2502 eo
1087 2476 1214 2509 mysterio
1225 2475 1347 2507 loquens.
1360 2476 1450 2502 vinum
1460 2482 1486 2503 et
1496 2479 1653 2511 sanguinem

868 2511 919 2538 sub
939 2518 990 2537 una
1013 2509 1190 2544 appellatione
1209 2509 1342 2543 significat
1358 2510 1384 2536 in
1407 2511 1589 2539 benedictione
1609 2521 1655 2546 pa—

869 2546 991 2573 triarchas
1003 2544 1164 2571 dominicam
1186 2546 1334 2577 passionem
1357 2544 1441 2572 multo
1458 2551 1520 2573 ante
1540 2547 1654 2574 demon-

868 2586 968 2613 strans,
980 2581 1014 2606 ita
1026 2579 1148 2613 inquiens
1161 2586 1170 2605 .·
1183 2579 1286 2605 Lavaln't
1302 2581 1328 2605 itt
1342 2581 1400 2606 vino
1415 2581 1508 2607 stolam
1521 2589 1609 2616 suam,
1629 2588 1655 2610 et

868 2617 894 2642 in
905 2615 1029 2650 sanquine
1036 2621 1090 2640 uvoe
1099 2613 1206 2646 pallium
1215 2622 1288 2641 suum
1301 2614 1376 2648 (Gen.
1388 2623 1462 2648 xcix,
1472 2616 1530 2651 II).
1538 2617 1656 2646 Adverto

868 2658 947 2686 quam
965 2649 1103 2676 evidenter
1123 2653 1228 2676 constet
1240 2650 1292 2676 vini
1307 2653 1455 2678 creaturam
1469 2651 1571 2678 Christi
1591 2659 1655 2679 san-

867 2686 973 2721 guinem
985 2684 1200 2717 nuncupandam.

889 2720 943 2748 -Η,
955 2719 1068 2754 Quiquid
1079 2718 1165 2746 adhuc
1183 2718 1217 2747 de
1228 2718 1278 2747 hac
1291 2719 1390 2755 duplici
1410 2721 1500 2755 specie
1517 2721 1545 2748 in
1566 2721 1653 2751 uirero

868 2755 974 2790 debeas,
987 2755 1044 2789 ipso
1051 2753 1166 2781 Domino
1178 2758 1329 2788 attestante,
1340 2762 1467 2791 agnosce.
1477 2755 1548 2790 Nini.
1567 2758 1653 2792 nquit.

867 2789 1078 2818 manducaveritis
1092 2796 1192 2816 carnem
1204 2788 1267 2818 Fuit
1279 2791 1404 2823 hominia.
1420 2797 1445 2819 st
1467 2790 1578 2819 meriti·
1597 2793 1622 2820 e·

867 2826 1026 2860 sanquinem,
1040 2831 1090 2851 non
1105 2823 1226 2852 habebitis
1235 2826 1313 2852 witam
1325 2826 1353 2853 in
1362 2826 1431 2854 vobis
1440 2824 1532 2860 (Ιοωι.
1542 2834 1581 2860 11.
1592 2800 1653 2863 ἀι).

867 2861 942 2895 Quod
958 2858 1136 2888 testimonium
1155 2865 1247 2887 contra
1261 2860 1416 2896 Pelagianos
1424 2861 1652 2891 evidentissimum

867 2901 947 2931 atque
954 2894 1145 2923 validissimum
1155 2898 1206 2929 cst,
1214 2896 1260 2930 qui
1271 2901 1392 2924 asserere
1399 2904 1504 2932 arrepta
1515 2897 1651 2935 impietate

1405 2943 1446 2972 39
