1832 3016
69 142 121 172 889

672 135 812 164 REGULA
833 135 1085 166 MONACttORutt.

1655 134 1707 162 890

70 208 132 228 vera
148 199 236 227 omnis
255 198 302 234 qui
315 201 422 233 propter
435 196 495 223 vitae
508 194 626 230 quietem
643 200 657 219 a
673 193 759 220 turbis
773 193 861 221 disoe—
873 195 900 225 Δ
914 198 1057 230 mentaque
1081 198 1188 226 cuncta,
1209 194 1299 222 oleum
1326 192 1353 221 in
1375 201 1440 221 usus
1457 193 1618 226 sanctuarii,
1644 200 1706 220 cera

71 248 118 279 dit,
134 250 232 281 quanto
255 245 340 278 magis
354 250 368 269 a
391 241 497 276 publico
517 242 667 272 separatur,
684 242 758 265 tanto
772 239 860 265 minus

71 294 145 320 latet.
161 292 271 325 Oportet
290 295 353 322 ergo
367 286 432 313 tales
447 285 472 311 in
486 290 579 312 sancta
600 285 728 311 societate
743 291 862 311 commo-

71 340 135 371 rari,
149 343 228 372 atque
241 336 290 362 sub
305 334 458 362 testimonio
473 332 552 359 vitam
569 339 644 358 suam
660 331 816 365 transigere,
834 336 862 358 ut

70 389 91 414 si
108 387 170 422 quid
187 386 212 413 in
227 385 266 412 eis
290 383 414 410 vitiorum
438 386 490 413 cst,
506 381 567 406 dum
589 387 640 406 non
657 380 768 410 celatur,
784 387 861 406 cure-

73 439 132 466 tur;
147 433 168 459 si
183 431 244 466 quid
258 437 323 457 vero
334 429 471 461 virtutum,
485 427 517 453 ad
531 426 727 454 imitamentum
742 426 861 460 proficiat

70 479 193 510 aliorum,
213 475 274 502 dum
298 473 455 501 humilitatis
479 480 570 500 eorum
587 472 708 506 exempla
731 471 775 498 alii
797 478 861 498 con-

74 529 188 555 tuentes,
204 521 371 549 erudiuntur.

104 569 130 595 4.
146 569 202 595 Non
219 572 260 595 est
275 566 488 600 praesumendum
503 565 562 591 sine
576 563 739 590 conscientia
756 562 860 590 abbatis

67 616 158 649 egenis
175 615 215 641 vel
235 613 398 645 quibuslibet
418 612 540 640 conterre
561 611 594 638 de
609 618 640 638 eo
658 610 729 644 quod
746 609 860 643 regulari

68 661 267 696 dispensatione
296 659 415 686 noscitur
451 657 598 685 monachus
627 656 762 690 possidere
775 664 781 685 ς
811 663 860 682 nec

65 716 124 736 cum
141 708 193 734 alio
207 707 287 733 fratre
302 705 438 739 quidpiam
460 707 635 732 commutare,
655 702 705 728 nisi
721 701 803 728 abbas
818 700 860 728 vel

67 753 226 787 praepositus
251 751 287 778 illi
312 750 435 785 jusserit,
459 747 522 775 nulli
547 747 653 778 licebit;
679 753 728 773 nec
751 746 860 773 habebit

66 799 196 834 quispiam
218 802 317 832 prieter
332 796 376 823 illa
392 803 451 829 qua:
472 794 606 821 communi
623 791 779 819 monasterii
801 792 859 825 lege

69 851 198 872 concessa
212 848 274 869 sunt
289 843 322 869 de
345 843 424 868 rebus
443 840 610 867 monasterii.
628 839 723 865 Abbati
739 838 781 865 vel
802 844 855 864 mo-

68 891 154 917 nacho
168 888 323 916 monasterii
338 895 445 914 servum
461 894 514 913 non
528 885 618 912 licebit
631 885 718 912 iacere
732 884 860 912 liberum:

67 938 111 972 qui
124 936 196 964 enim
212 935 277 962 nihil
295 935 428 968 proprium
446 933 536 966 habet,
549 932 700 959 libertatem
713 932 751 958 rei
763 931 859 958 alienae

64 982 128 1009 dare
149 989 200 1008 non
221 980 311 1007 debet.
338 979 401 1006 Nam
419 979 486 1005 sicut
500 977 591 1005 saeculi
609 978 682 1011 leges
698 981 856 1009 sanxerunt,

63 1035 116 1054 non
129 1030 216 1061 potest
230 1024 341 1052 alienari
354 1024 498 1057 possessio,
516 1023 566 1050 nisi
577 1030 591 1050 a
604 1022 713 1057 proprio
724 1022 834 1049 domino
850 1029 857 1049 :

65 1072 144 1107 551
159 1071 194 1098 ita
208 1075 236 1097 et
248 1077 328 1096 omne
343 1069 413 1104 quod
430 1069 456 1096 in
471 1069 634 1096 monasterio
649 1069 675 1095 in
693 1075 804 1095 nummo
818 1069 859 1095 tn-

64 1119 195 1154 greditur,
211 1118 261 1145 sub
277 1117 432 1144 testimonio
446 1117 582 1143 seniorum
597 1115 793 1150 accipiendum.

100 1164 125 1190 5.
150 1165 246 1192 Eadem
260 1163 373 1197 pecunia
386 1163 410 1188 iu
423 1162 506 1188 tribus
516 1162 633 1196 partibus
644 1161 786 1189 dividenda
798 1165 858 1194 est;

64 1219 177 1247 quarum
193 1210 245 1238 erit
257 1218 307 1236 nna
326 1217 373 1244 pro
389 1209 502 1235 intirmis
519 1213 545 1235 et
560 1208 680 1240 senibus,
695 1213 722 1236 et
739 1215 789 1242 pro
808 1208 857 1235 ali-

65 1266 117 1292 quo
136 1256 283 1283 coemendo
305 1256 332 1282 in
351 1254 446 1281 diebus
468 1254 568 1280 sanctis
583 1254 679 1280 cultius
699 1253 731 1280 ad
758 1254 858 1281 victum

65 1302 195 1334 fratrum
211 1302 261 1327 alia
278 1308 326 1335 pro
340 1301 450 1335 egenis;
465 1299 543 1326 tertia
558 1307 606 1333 pro
622 1300 790 1327 vestimentis
805 1299 858 1327 fra-

64 1355 145 1381 trum-‚
169 1353 196 1375 et
211 1354 367 1383 puerorum,
384 1346 425 1373 vel
441 1346 590 1381 quibusque
611 1346 643 1372 ad
668 1347 856 1374 necessitatem

64 1395 221 1423 monasterii
248 1393 414 1420 coemendis.
430 1393 501 1425 Quas
517 1396 571 1418 tres
589 1396 678 1424 partes
703 1396 795 1418 custos
815 1400 858 1419 sa-

63 1442 140 1470 crarii
156 1440 297 1475 percipiat,
311 1447 353 1471 ac,
366 1438 541 1473 praecipiente
554 1437 660 1469 abbate.
677 1438 727 1463 sub
737 1438 857 1464 testimo·

63 1488 107 1515 nio
124 1486 258 1521 praepositi
281 1486 320 1512 vel
338 1485 475 1512 seniorum
492 1484 526 1511 de
550 1483 661 1518 singulis
673 1483 795 1518 partibus
808 1490 856 1518 pro

63 1535 117 1563 suis
133 1533 290 1562 necessariis
301 1533 391 1560 causis
405 1531 548 1566 expendat.

358 1589 470 1617 CAPUT
495 1588 554 1615 XX.

283 1649 351 1681 Quid
364 1649 396 1675 ad
411 1656 483 1683 quem
499 1648 631 1682 pertineat.

100 1698 126 1726 Ι.
148 1697 188 1726 Ad
199 1697 373 1732 praepositum
388 1700 477 1722 autem
494 1695 611 1729 pertinet
625 1694 782 1722 sollicitudo
796 1703 856 1722 mo-

65 1744 222 1775 nachorum.
239 1743 309 1770 actio
328 1749 483 1775 causarum,
502 1749 564 1768 cura
578 1742 792 1776 possessionum,
811 1749 855 1769 sa-

65 1792 102 1819 tio
116 1791 253 1824 agrorum,
275 1789 403 1823 plantatio
416 1793 444 1815 et
461 1788 565 1814 cultura
579 1788 730 1820 vinearum,
745 1788 857 1823 diligen-

64 1837 101 1864 tia
117 1843 237 1872 gregmu,
252 1834 418 1861 constructio
433 1834 620 1866 aedificiorum,
634 1842 701 1868 opus
714 1840 856 1869 carpenta-

65 1884 175 1915 riorum,
195 1883 252 1910 sive
267 1881 413 1909 fabrorum.
431 1881 472 1908 Ad
487 1881 624 1908 custodem
639 1882 751 1909 sacrarii
767 1882 856 1916 perti-

66 1936 112 1958 net
122 1937 186 1957 cura
198 1929 241 1956 vel
260 1928 382 1956 custodia
402 1928 505 1961 templi,
527 1928 631 1961 signum
647 1935 753 1962 quoquc
775 1927 856 1955 dandi

65 1977 92 2004 in
119 1975 295 2010 vespertinis,
326 1974 516 2008 nocturnisque
549 1973 658 2006 officiis,
691 1975 733 2000 vel
767 1979 856 2002 vestes

65 2029 152 2055 suere,
180 2029 211 2049 ac
233 2028 295 2048 vasa
316 2027 464 2053 sacrorum,
492 2018 606 2047 Codices
631 2027 737 2054 quoque
758 2020 859 2047 instru-

101 2102 129 2129 ι.
145 2100 251 2135 qunis,
264 2105 316 2129 etc.
330 2099 439 2126 Scilicet
453 2099 501 2126 nisi
515 2103 608 2133 urgeat
623 2099 780 2127 necessitas.
794 2099 859 2126 Vide

64 2142 187 2165 sanctum
203 2136 312 2166 Thoui..
328 2135 395 2168 ⁹222,
413 2142 439 2168 q.
453 2133 502 2166 52,
519 2140 570 2160 nrt.
587 2134 618 2165 8,
636 2139 662 2160 et
676 2134 790 2167 glossam
809 2135 857 2166 16,

65 2181 91 2207 q.
109 2174 136 2205 t,
153 2179 212 2206 cap.
228 2171 254 2197 5.
268 2169 442 2197 Conmmtnre
463 2170 543 2196 ctiam
565 2169 700 2203 quidpiam
723 2178 782 2195 cuni
806 2171 859 2196 aho

65 2208 258 2243 prohibuerunt
268 2211 376 2232 satictus
388 2205 558 2232 PachomiuS.
571 2210 597 2230 et
606 2210 715 2231 sanctus
730 2205 855 2232 Basilius.

67 2246 176 2271 servum
199 2243 286 2269 tacere
307 2242 418 2268 liberum
445 2241 600 2274 prohibetur
623 2241 702 2266 etiam
726 2240 807 2267 abhas
833 2242 857 2268 in

66 2278 180 2306 concilio
194 2277 349 2311 Agathensi,
365 2284 424 2304 ean.
442 2275 476 2303 59
489 2297 495 2307 ,
509 2281 535 2302 et
552 2275 653 2309 Epaon.
663 2296 671 2306 ,
686 2283 746 2301 can.
762 2276 787 2302 8.
807 2278 858 2303 ltn—

67 2315 160 2347 plicem
183 2313 346 2341 libertatem.
370 2319 417 2338 seu
441 2311 695 2341 manumissionem,
721 2311 859 2345 distinguit

68 2348 218 2380 alenai-dus,
238 2355 296 2382 pag.
313 2348 376 2380 188,
391 2348 502 2374 alteram
517 2347 622 2381 reyiam,
638 2355 697 2381 quzc
714 2346 793 2373 tiebat
808 2347 858 2374 do-

41 2383 132 2440 &toeini
146 2390 276 2443 ⁰⁰¹¹'⁵¹':'ffi¹,'
298 2390 388 2410 coram
406 2390 468 2425 rege
484 2381 644 2423 excussione
658 2383 776 2422 autumn
793 2383 859 2409 alte-

37 2433 43 2452 ¹
69 2418 855 2494 §.tattffzsss‘ttff'gae’ssy‘ttffisttsstpl‘lffi'.t²z·1;:lli22:223:

70 2488 104 2515 ab
115 2488 312 2515 ecciesiasticis.
329 2489 414 2516 Annv.

106 2523 134 2550 5.
155 2522 263 2549 tlultiur.
278 2522 334 2556 At„
348 2523 470 2557 culcibus,
483 2531 516 2550 ex
531 2523 613 2551 Goth.
628 2524 726 2558 Supra,
744 2532 804 2558 rap.
818 2524 834 2550 9
847 2533 853 2550 :

71 2558 128 2585 Nu:
142 2557 236 2585 cutum
249 2565 325 2591 quam
339 2566 394 2593 qua
408 2559 436 2584 ia
447 2559 574 2586 communi
585 2560 736 2586 aunisimau.
755 2560 855 2587 Neutro

72 2598 162 2622 utnon
175 2593 256 2620 modo
269 2593 334 2620 natis
346 2597 446 2627 integer
459 2593 563 2620 videtur
576 2594 662 2622 locus.
678 2594 775 2622 Garat..

107 2628 178 2656 [Md.
201 2628 375 2656 Nemo-mun.
387 2628 424 2655 Ex
435 2627 516 2656 Goth.
525 2629 580 2660 At„
592 2631 750 2658 necessariis.
761 2630 854 2658 Gnut..

106 2662 179 2693 laid.
202 2664 239 2691 De
251 2664 362 2691 custode
383 2663 493 2690 sacrarii
506 2665 602 2691 iterum
616 2671 676 2698 cap.
695 2672 767 2700 neq..
781 2673 857 2694 num.

71 2700 99 2728 i.
114 2699 267 2731 liettardus,
291 2698 340 2726 loc.
355 2699 414 2732 cit..
434 2699 573 2726 custodem
596 2699 708 2728 sacrarii
721 2708 782 2730 eun
797 2708 859 2729 eene

55 2736 110 2764 wit
127 2743 206 2771 quem
226 2735 361 2761 mistam
377 2733 457 2763 modo
469 2733 647 2768 opponamus.
668 2739 702 2764 ct
719 2735 804 2765 multa
822 2736 858 2765 de

56 2771 179 2800 noma
192 2776 260 2798 voce
273 2768 392 2798 disserit.
409 2771 494 2796 Αιιν.
759 2789 764 2793 i
802 2791 805 2795 ,

107 2807 172 2835 cu.
187 2813 233 2834 xx.
246 2805 279 2832 Ν.
294 2804 320 2833 t.
342 2804 370 2832 ln
385 2802 533 2834 Concordia
543 2803 706 2840 regularum,
720 2811 783 2842 μς.
794 2804 858 2841 ιω,

56 2842 140 2870 m
154 2849 175 2869 a
193 2847 292 2874 rom,
313 2839 402 2868 minius
421 2838 503 2873 Ιιοιο,
518 2846 569 2875 pro
589 2840 655 2869 mio
668 2841 858 2876 aym-us&

35 2881 49 2920 ᾗ
71 2877 168 2907 eadem
202 2875 339 2911 uecordia,
353 2880 380 2904 et
399 2883 435 2904 ex
451 2874 591 2905 nonanto
603 2875 711 2912 reposui
723 2875 858 2913 durantia

11 2932 58 3016 g,

913 245 940 267 et
968 240 1116 268 luminaria.
1153 239 1206 268 iste
1238 247 1252 267 a
1279 240 1404 267 vestiario
1439 239 1595 267 monasterii
1622 240 1707 266 susci-

913 287 967 320 piet
991 293 1073 319 acus,
1101 287 1183 314 etiam
1211 291 1239 313 et
1271 286 1312 313 tila
1341 285 1445 313 diversa
1467 294 1516 320 pro
1545 286 1706 312 consuendis

912 334 1033 360 vestibus
1056 333 1181 360 fraternis
1206 333 1324 365 habebit,
1340 337 1368 359 et
1382 332 1518 364 omnibus,
1544 337 1573 358 ut
1595 339 1706 360 necesse

913 384 964 412 est,
986 379 1158 407 ministrabit.
1176 379 1215 406 Ad
1240 379 1310 406 hunc
1329 386 1435 413 quoque
1449 378 1594 412 pertinebit
1610 385 1704 405 aurum

912 430 990 460 atque
1001 425 1082 460 552
1095 429 1247 458 argentum,
1263 430 1416 459 caeteraque
1441 424 1525 451 tracta
1548 425 1608 457 :eris
1629 424 1706 451 serri-

912 479 964 506 quc
982 470 1100 503 metalla,
1119 470 1254 497 ordinatio
1278 478 1384 504 quoque
1402 470 1600 503 linteariorum,
1625 470 1705 497 fullo-

912 525 986 551 uum,
998 517 1190 543 calceariorum
1205 521 1284 551 atquc
1300 520 1448 543 sartorum.

947 574 973 601 2.
996 573 1191 607 Adjanitorem
1208 573 1354 607 pertinebit
1366 580 1429 600 cura
1444 573 1588 606 hospitum.
1601 573 1706 600 denun-

913 619 986 645 tiatio
1011 618 1223 651 advenientium,
1245 618 1366 646 custodia
1393 622 1555 645 exteriorum
1576 618 1706 645 claustro-

913 673 981 693 rum.
1000 665 1040 692 Ad
1053 672 1115 692 eum
1130 665 1174 699 qui
1187 664 1296 691 cellario
1312 665 1476 698 praeponitur
1491 663 1636 698 pertinebit
1650 663 1705 691 sol-

913 712 1023 739 licitudo
1038 719 1131 738 eorum
1148 719 1208 745 quae
1224 712 1249 738 in
1272 711 1457 746 promptuario
1471 715 1535 737 sunt
1548 720 1554 736 z
1569 711 1618 738 iste
1636 719 1705 745 prae-

912 759 958 785 bet
975 757 1193 784 hebdomadariis
1209 757 1337 792 quidquid
1363 757 1545 784 necessarium
1569 760 1610 783 est
1626 756 1707 784 victui

912 804 1117 836 monachorum,
1144 804 1278 838 hospitum
1302 808 1328 830 et
1353 803 1541 835 intirmorum;
1568 804 1619 830 isto
1636 810 1706 837 prac-

913 855 1000 884 sente,
1016 850 1207 885 dispensantur
1220 858 1251 877 ea
1264 858 1324 883 quzc
1347 850 1446 876 mcnsis
1461 849 1605 876 deserenda
1622 854 1683 876 sunt
1697 857 1704 882 ;

875 881 898 911 B
914 898 936 925 itt
957 898 1036 925 etiam
1062 898 1191 933 quidquid
1217 898 1354 925 residuum
1380 897 1459 923 fut-rit
1482 905 1529 930 pro
1558 903 1706 931 pauperum

912 944 1004 971 usibus
1031 944 1213 976 conservabit,
1240 943 1302 970 huic
1329 951 1437 978 quoquc
1464 942 1702 974 hebdomadarius,

911 991 1017 1024 expleta
1033 989 1211 1022 hebdomada,
1233 996 1295 1016 vasa
1312 989 1363 1016 sibi
1388 989 1484 1015 tradita
1500 988 1650 1019 exhibebit.
1669 987 1702 1015 ad

912 1036 1126 1070 perspiciendum
1149 1036 1251 1070 utique,
1272 1036 1293 1061 si
1317 1035 1496 1069 negligentius
1512 1035 1602 1061 hahita
1627 1039 1702 1068 sunt,

910 1086 937 1110 et
958 1083 990 1108 ad
1014 1082 1102 1108 denuo
1130 1081 1320 1108 succedentem
1347 1080 1587 1107 hebdomadarium
1613 1087 1704 1107 coram

912 1128 964 1155 isto
987 1128 1134 1154 tradentur.
1163 1127 1201 1153 Ad
1224 1126 1294 1153 hunc
1319 1134 1424 1161 quoque
1444 1126 1576 1160 pertinent
1597 1126 1704 1159 horrea,

909 1181 1003 1208 greges
1024 1174 1112 1200 ovium
1138 1178 1163 1199 et
1180 1180 1331 1207 porcorum,
1348 1172 1407 1198 lana
1433 1172 1570 1204 etlinum,
1586 1172 1620 1199 de
1644 1180 1706 1199 :urea

910 1219 1071 1251 sollicitudo,
1089 1218 1188 1245 cibaria
1205 1218 1407 1245 administrandi
1429 1218 1584 1252 pistoribus,
1597 1217 1705 1251 jumen-

911 1266 953 1298 tis,
971 1266 1055 1292 bobus
1073 1270 1098 1291 et
1115 1265 1217 1296 avibus,
1236 1265 1364 1291 industria
1381 1270 1487 1298 quoque
1507 1263 1704 1290 calceamento-

909 1319 980 1345 rum,
997 1319 1059 1338 cura
1077 1316 1226 1344 pastorum,
1240 1317 1286 1336 seu
1299 1310 1474 1342 piscatorum.

944 1369 970 1396 5.
992 1368 1031 1395 Ad
1049 1367 1285 1394 hebdomadarium
1302 1366 1416 1400 pertinet
1439 1373 1502 1392 cura
1530 1366 1703 1399 [erculorum.

908 1415 1106 1441 administratio
1130 1421 1294 1443 mensarum,
1320 1413 1423 1447 signum
1445 1411 1525 1438 dandi
1546 1412 1571 1438 in
1598 1413 1701 1440 diurnis

907 1461 1013 1493 ostiens,
1029 1462 1085 1487 sive
1104 1461 1128 1486 in
1152 1460 1305 1491 collatione,
1324 1459 1366 1486 vel
1383 1458 1410 1485 in
1426 1458 1538 1486 collecta
1553 1464 1613 1493 post
1640 1459 1705 1486 solis

907 1508 1069 1535 occubitum.
1086 1507 1126 1533 Ad
1145 1506 1316 1533 hortulanum
1331 1512 1438 1539 quoque
1457 1505 1600 1539 pertinebit
1617 1506 1704 1532 muni-

871 1568 894 1600 Β
909 1557 946 1584 tio
961 1555 1134 1589 custodiaque
1156 1554 1306 1586 timorum,
1331 1553 1448 1579 alvearia
1466 1559 1556 1586 apum,
1573 1559 1636 1579 cura
1662 1559 1705 1579 se-

909 1604 1009 1630 minum
1034 1603 1213 1634 diversorum,
1230 1607 1261 1626 ac
1282 1599 1448 1626 denuntiatio
1462 1599 1525 1633 quid
1548 1604 1573 1625 et
1596 1601 1704 1632 qtmndo

909 1654 1033 1684 oporteat
1050 1649 1074 1674 in
1090 1647 1174 1673 hurtis
1189 1646 1252 1677 seri,
1270 1646 1327 1672 sive
1343 1645 1468 1678 plantari.
1490 1645 1539 1670 Ars
1556 1650 1644 1671 autem
1662 1644 1700 1678 pi·

909 1697 993 1722 storia
1020 1694 1053 1720 ad
1069 1694 1151 1720 laicos
1169 1691 1328 1726 pertinebit;
1345 1691 1395 1725 ipsi
1417 1691 1486 1716 enim
1503 1690 1618 1716 triticum
1641 1697 1703 1723 pur-

908 1748 980 1778 gent,
997 1743 1045 1776 ipsi
1063 1749 1093 1768 ex
1112 1748 1186 1767 morc
1199 1739 1314 1770 molant;
1328 1745 1443 1765 massam
1461 1737 1625 1764 tantumdem
1641 1745 1704 1763 mo-

910 1789 986 1815 nachi
998 1787 1152 1817 conficiant,
1169 1790 1195 1812 et
1212 1792 1305 1819 panem
1320 1784 1370 1810 sihi
1385 1783 1498 1817 propriis
1514 1783 1636 1809 mantibus
1652 1783 1702 1816 ipsi

910 1835 1018 1862 l'aciaut.
1035 1834 1118 1860 Porro
1142 1839 1189 1867 pro
1205 1830 1366 1865 hospitibus,
1384 1830 1426 1857 vel
1449 1830 1572 1862 infirmis,
1589 1829 1647 1856 laici
1664 1829 1703 1857 sa-

909 1883 982 1909 ciant
998 1888 1087 1915 panes.

945 1928 971 1953 4.
994 1927 1232 1952 lusti-umentorum
1251 1927 1278 1950 et
1296 1923 1517 1949 ferramentorum
1533 1921 1653 1948 custodia
1671 1922 1703 1948 ad

910 1981 991 1999 unum
1007 1979 1086 2006 quem
1109 1971 1187 1997 Pater
1201 1969 1393 1997 monachorum
1414 1967 1525 2010 elegerit
1548 1968 1703 2002 pertinebit,

912 2021 1000 2055 quiea
1016 2018 1189 2054 operantibus
1212 2016 1353 2044 distribuat
1376 2020 1537 2050 receptaque
1559 2015 1703 2042 custodiat.

911 2106 1027 2133 qrequm,
1051 2102 1078 2124 et
1100 2097 1246 2131 vespertinis
1267 2096 1445 2129 nocturnisque
1459 2094 1563 2128 officiis.
1591 2094 1618 2120 ln
1642 2094 1705 2120 Edi-

913 2135 984 2160 tione
999 2133 1092 2160 Grialii
1104 2132 1235 2166 diliqemia
1249 2132 1343 2167 legam,
1361 2136 1387 2157 ct
1408 2130 1557 2164 vespertinis
1574 2130 1705 2157 nocturni·

912 2170 1015 2203 officiis.
1029 2170 1124 2195 (iustos
1141 2168 1252 2194 sacrarii
1266 2176 1279 2192 a
1302 2166 1463 2197 Lansrawo,
1486 2172 1545 2198 cap.
1567 2165 1583 2191 6
1598 2165 1705 2192 Consti-

913 2209 974 2236 ιυι.,
989 2205 1086 2231 dicitur
1099 2204 1261 2235 secretarius,
1277 2210 1291 2228 a
1305 2202 1404 2229 Graecis
1415 2201 1585 2231 cimiliarcha.
1599 2201 1624 2227 in
1637 2208 1704 2227 non-

875 2227 900 2257 D
913 2240 993 2266 mullis
1021 2239 1153 2274 llispaniae
1172 2238 1296 2265 ecclesiis
1316 2238 1501 2264 thesaurarius.
1528 2236 1705 2262 lustramenta

913 2276 955 2302 hic
973 2276 1142 2308 accipiuntur
1157 2281 1205 2307 pro
1228 2274 1328 2300 chattis
1351 2276 1549 2302 contractuum,
1567 2270 1703 2297 inundatio-

913 2319 986 2342 num,
1003 2316 1055 2337 etc.
1072 2310 1189 2336 ‹li-iatius
1211 2310 1274 2342 legit
1289 2310 1315 2335 in
1341 2316 1413 2335 usum
1434 2307 1553 2336 sacrarii.
1570 2314 1653 2331 ceram
1669 2306 1703 2332 ad

910 2347 1058 2373 luininaria.
1078 2346 1105 2373 lu
1123 2345 1271 2372 Concordia
1291 2345 1442 2378 regulauum
1460 2349 1508 2376 pro
1524 2342 1570 2367 iste
1582 2349 1597 2366 a
1611 2341 1702 2368 vestia-

911 2382 960 2414 rio,
975 2387 1037 2413 etc.‚
1053 2382 1090 2408 sic
1103 2381 1210 2416 legitur,
1224 2380 1267 2414 qai
1278 2379 1396 2406 vestiaria
1411 2377 1557 2404 monasterii
1571 2376 1701 2411 suscipiet.

911 2418 1005 2453 quique
1027 2418 1102 2443 etium
1118 2417 1162 2450 [ila
1179 2415 1344 2449 (legendum.
1361 2421 1420 2439 acas
1442 2414 1529 2444 etiam,
1555 2416 1578 2437 ct
1592 2411 1649 2445 filu)
1664 2411 1703 2438 αι’-

910 2461 983 2480 versa
997 2462 1042 2486 pro
1062 2451 1226 2482 consuendis,
1242 2454 1293 2476 etc.
1310 2448 1386 2481 Quod
1408 2447 1536 2474 Menardo
1551 2446 1648 2474 melius
1664 2448 1704 2474 vi·

910 2489 999 2516 detur.
1030 2488 1057 2513 ln
1082 2486 1175 2513 cadem
1194 2484 1343 2512 Concordia
1373 2483 1443 2518 sacta
1470 2483 1625 2517 infectaque,
1654 2490 1703 2519 pro

911 2524 1011 2559 [ναι-ιιι,-
1022 2527 1048 2549 et
1063 2522 1228 2552 cerariorum,
1246 2527 1296 2554 pro
1308 2518 1503 2546 calcem-iorum.
1519 2519 1603 2544 Anev.

945 2560 972 2585 2.
996 2560 1070 2589 Area,
1084 2566 1115 2583 cx
1131 2557 1213 2583 Goth.
1234 2555 1290 2588 At„
1305 2562 1338 2580 ea:
1352 2562 1423 2580 arcu.
1439 2553 1536 2580 Galat..
1630 2582 1633 2586 A

947 2594 1016 2621 [bid.
1046 2592 1221 2620 Exteriuram.
1246 2591 1274 2617 ln
1304 2590 1456 2623 regularum
1484 2587 1650 2621 Concordia,
1674 2596 1702 2624 p.

909 2630 973 2661 tlt.
992 2634 1146 2659 exterarum,
1168 2626 1255 2654 miuus
1280 2626 1357 2652 bene.
1375 2625 1402 2652 ln
1426 2625 1519 2651 eadem
1542 2623 1701 2656 Concordia,

914 2673 939 2698 p.
965 2665 1027 2695 59¹,
1053 2663 1183 2690 residuum
1209 2661 1322 2696 sumptui
1348 2660 1436 2696 suerit.
1461 2660 1492 2686 Et
1513 2666 1586 2692 mox,
1608 2659 1701 2692 linum,

912 2701 1020 2731 aviaria,
1033 2699 1181 2726 sollicitudo
1191 2697 1286 2724 cibaria
1297 2696 1332 2722 ad
1345 2694 1499 2722 munisti-and
1519 2702 1543 2721 m
1553 2695 1702 2729 pistoribus.

913 2735 950 2763 Ex
972 2743 1026 2769 quo
1041 2733 1185 2761 Menai-dus
1200 2731 1339 2766 tegendum
1362 2734 1449 2766 putat,
1465 2731 1558 2762 titiam,
1574 2730 1674 2759 aviaria
1690 2737 1701 2759 .·

912 2770 1058 2798 sollicitudo
1080 2769 1177 2797 erbaria
1195 2765 1394 2796 administrandi
1409 2766 1558 2801 pistoribus.
1573 2765 1641 2794 Sunt
1654 2772 1704 2793 au-

912 2810 966 2834 tem
981 2805 1080 2833 aviaria
1104 2803 1218 2832 :edificia
1233 2806 1295 2836 apta
1321 2801 1472 2831 nutriendis
1494 2801 1599 2830 nitius.
1614 2801 1701 2830 Αιιν.

909 2876 932 2906 G
945 2840 972 2868 5.
994 2840 1035 2869 Ex
1049 2848 1128 2868 more.
1143 2839 1181 2868 lta
1195 2837 1289 2874 Gonu..
1302 2842 1330 2866 et
1343 2836 1486 2875 Smmgd.
1498 2837 1554 2872 At„
1575 2844 1607 2866 et
1623 2837 1700 2866 niolo.

933 2884 1006 2906 aut..
