1832 3016
74 142 124 171 401

461 137 686 174 QtJAESTtoNES
708 141 738 168 ΙΝ
762 141 838 168 ΥΕΤ.
860 141 1008 171 TESTAM.
1026 157 1059 164 -
1080 143 1113 170 lN
1134 143 1252 173 REGUM
1274 146 1293 172 l.

1653 145 1706 175 ΜΞ

73 202 213 234 tutionem,
235 204 262 229 et
275 203 367 236 postea
384 198 523 234 copulatus
541 203 584 226 est
599 199 758 234 synagogae.
784 199 860 227 Post·
877 203 902 231 Α
951 202 977 229 5.
992 202 1072 236 Igitur
1086 203 1167 230 David
1183 204 1262 238 regite
1283 211 1377 232 manus
1396 205 1478 232 ictum
1491 205 1607 238 evitans,
1627 205 1704 240 ejus-

73 256 152 284 quam
167 248 256 281 onim:
269 247 339 275 sicut
347 245 477 280 scriptum
492 249 544 277 est,
569 245 701 273 introierit
726 245 861 280 plenitudo

72 294 206 329 gentium,
231 297 292 321 tunc
311 292 398 320 omnis
423 291 504 319 lsrael
525 291 614 318 salvus
635 291 681 319 liet
704 292 793 327 (nom.
811 291 858 327 xi).

73 339 156 375 Dupla
175 342 273 372 autem,
295 338 322 365 id
337 342 388 370 est,
404 337 516 365 ducenta
532 338 660 372 praeputia
678 338 782 370 attulit,
803 337 860 365 sive

72 393 122 421 pro
131 385 230 414 Judais
243 388 271 412 et
282 383 404 419 gentibue
417 384 564 418 acquisitis,
578 384 635 412 sive
649 384 709 418 quia
726 385 812 418 major
819 387 860 411 est

71 437 196 459 numerus
217 429 400 464 acquisitionis
414 430 504 465 populi
518 429 635 465 gentium
651 438 729 464 quam
744 430 858 458 creden-

71 477 135 504 tium
148 475 312 504 Judaeorum.

371 521 485 550 CAPUT
505 523 561 550 xtt.

188 567 228 595 De
242 568 327 595 David
342 569 479 603 repellente
491 569 591 595 cithara
605 569 736 603 spiritum.

101 614 128 641 t.
149 614 231 642 Auxit
249 614 346 642 deinde
369 614 459 641 odium
483 614 545 642 Saul
570 615 696 642 adversus
723 614 806 642 David
832 615 857 642 in

64 665 177 693 tantum,
202 665 232 687 ut
253 668 299 687 rex
315 661 346 687 ad
363 660 494 687 medelam
518 660 560 687 sui
583 660 691 695 spiritus
716 660 798 687 David
825 661 858 688 de

65 710 140 735 more
152 707 308 742 psallentem
319 707 407 741 jaculo
420 711 562 734 conaretur
570 708 714 742 configere.
730 707 781 735 Sed
795 708 858 742 quid

64 757 114 784 est,
141 753 211 786 quod
226 753 288 779 dum
305 753 411 780 Saulem
427 753 536 787 spiritus
558 753 687 780 adversus
708 754 856 787 invaderet,

64 800 230 834 apprehensa
254 799 336 826 David
362 800 482 832 cithara,
508 800 566 835 ejus
594 801 729 836 vesaniam
754 801 857 835 mitiga-

64 844 131 872 bat?

98 890 124 917 2.
139 891 191 918 Per
204 891 310 920 Saulem
331 893 401 919 enim
417 891 570 919 Judaeorum
592 892 683 925 elatio,
710 900 757 926 per
772 892 857 920 David
873 894 896 924 Β

62 941 150 964 autem
169 939 302 965 humilitas
319 938 418 965 Christi
434 939 607 974 significatur.
634 939 698 965 Cum
711 947 775 973 ergo
791 938 856 967 Saul

63 982 97 1009 ab
109 983 248 1011 immundo
264 985 357 1019 spiritu
384 986 520 1019 arripitur,
543 985 625 1011 David
650 990 774 1017 canente,
799 986 856 1019 eius

62 1030 170 1057 vesania
187 1035 362 1065 temperatur,
376 1032 436 1065 quia
453 1039 511 1058 cnm
528 1038 622 1058 sensus
641 1030 794 1057 ludaeorum
810 1038 856 1065 per

62 1075 255 1108 blasphemiam
271 1077 297 1103 in
314 1076 430 1103 furorem
454 1077 574 1107 vertitur,
600 1076 709 1109 dignum
725 1080 808 1102 estut
822 1076 856 1103 ad

63 1122 176 1149 salutem
190 1126 293 1149 mentes
308 1129 400 1149 eorum
422 1123 496 1156 qnasi
513 1121 653 1148 dulcedine
665 1122 786 1155 citharae,
814 1122 856 1149 lo-

62 1167 178 1195 cutionis
195 1167 354 1202 evangelicae
372 1167 565 1200 tranquillitate
578 1171 747 1194 revocentur.

365 1223 475 1251 CAPUT
489 1223 555 1249 Xlll.

241 1259 278 1286 De
293 1259 391 1286 insidiis
403 1258 467 1286 Saul
478 1263 566 1284 cutura
579 1258 674 1285 David.

97 1307 123 1334 ¹.
136 1305 215 1333 Mittit
229 1305 292 1332 Saul
306 1305 432 1333 custodes
448 1305 479 1330 ad
494 1304 601 1330 domum
615 1303 708 1336 David,
722 1307 751 1330 ut
762 1308 852 1331 custo-

62 1352 152 1379 dirent
166 1359 238 1384 eum,
255 1351 336 1386 519
350 1355 376 1377 et
390 1349 594 1376 interficeretur.
610 1349 749 1376 Abscessit
763 1354 852 1376 antem

59 1399 142 1427 David
158 1404 244 1430 nocte,
270 1402 297 1425 et
313 1397 390 1431 fugit,
412 1401 492 1431 atque
516 1397 631 1422 salvatus
657 1400 707 1422 est.
732 1395 852 1430 Cumque

59 1445 196 1472 venissent
211 1443 294 1470 nuntii
316 1443 389 1475 Saul,
414 1443 575 1469 invenerunt
600 1446 714 1467 statuam
736 1441 761 1468 in
782 1442 852 1468 lecto

58 1488 140 1516 David
153 1489 278 1523 positam,
295 1491 321 1515 et
335 1487 430 1521 pellem
444 1486 555 1520 pilosam
568 1494 707 1519 caprarum
721 1486 753 1512 ad
770 1490 850 1520 caput

57 1534 124 1569 ejus.
148 1534 294 1561 Audiamus
313 1540 377 1568 ergo
391 1533 452 1568 quid
474 1532 523 1559 hoe
538 1532 679 1566 significet,
712 1532 784 1566 quod
801 1532 851 1559 mi-

57 1580 122 1607 serit
140 1578 203 1606 Saul
218 1578 251 1605 ad
267 1578 468 1605 custodiendam
489 1577 597 1604 domum
621 1578 714 1610 David,
739 1582 767 1603 nt
788 1585 849 1605 eum
863 1578 886 1608 C

56 1624 229 1652 interficeret.
255 1623 310 1651 lloc
324 1631 375 1650 non
390 1623 422 1650 ad
434 1630 541 1650 crucem
555 1623 671 1655 Domini,
697 1623 744 1650 sed
759 1627 846 1650 tamen

57 1670 90 1698 ad
106 1671 256 1706 passionem
270 1670 328 1705 ejus
344 1670 468 1704 pertinet.

91 1715 118 1742 2.
138 1715 287 1743 Crucilixus
307 1716 377 1743 enim
404 1715 534 1746 christus,
560 1719 587 1742 et
607 1720 737 1748 mortuus,
760 1721 786 1742 et
805 1724 849 1744 se-

58 1760 148 1795 pultus
163 1764 214 1787 est.
237 1760 301 1787 Erat
316 1767 379 1794 ergo
401 1760 444 1787 illa
461 1761 596 1793 sepultura
613 1765 737 1794 tanquam
752 1760 846 1788 domus

59 1805 92 1832 ad
115 1813 195 1840 quam
219 1805 418 1833 custodiendam
445 1805 515 1832 misit
545 1813 655 1839 regnum
680 1805 846 1839 Judaeorum,

54 1851 160 1887 quando
175 1852 300 1879 custodes
315 1851 425 1878 adhibiti
439 1856 502 1879 sunt
514 1852 638 1886 sepulcro
648 1852 757 1879 Christi.
772 1853 845 1885 Quo-

54 1899 134 1926 modo
147 1906 210 1933 ergo
229 1898 359 1926 custodita
383 1901 425 1925 est
439 1898 545 1930 domus,
567 1898 588 1924 si
609 1898 690 1925 David
718 1899 847 1933 figurabat

56 1944 202 1976 Christum,
229 1949 257 1971 ut
276 1944 397 1971 Christus
424 1943 631 1976 interficeretur,
655 1943 719 1969 dum
743 1951 795 1970 nou
818 1943 845 1970 in

54 1990 189 2025 sepultura
203 1989 335 2022 Christus,
351 1989 398 2017 sed
413 1989 438 2016 in
451 1996 529 2016 cruce
543 1989 578 2016 sit
594 1989 769 2016 interiectus?

90 2036 116 2062 5.
134 2033 257 2062 Refertur
271 2042 335 2070 ergo
348 2035 400 2062 hoc
411 2034 444 2061 ad
456 2042 552 2069 corpus
564 2034 674 2068 Christi,
689 2034 750 2068 quia
766 2034 848 2061 inter-

54 2082 134 2109 ficere
148 2081 283 2109 Christum
319 2085 376 2108 erat
391 2081 484 2108 tollere
508 2087 606 2108 nomen
621 2079 730 2106 Christi.
757 2079 848 2114 Neque

54 2130 125 2158 enim
141 2129 295 2157 crederetur
310 2128 337 2155 in
353 2127 499 2159 Christum,
526 2127 547 2154 si
563 2126 729 2153 mendacium
746 2134 847 2160 praeva-

54 2174 120 2202 leret
134 2174 284 2206 custodum,
307 2173 352 2208 qui
372 2172 488 2207 corrupti
513 2176 574 2199 suut
594 2176 622 2198 ut
645 2171 766 2198 dicerent
786 2172 846 2205 quia

54 2216 250 2247 dormientibus
265 2219 342 2246 nobis
359 2221 490 2245 venerunt
503 2216 625 2251 discipuli
640 2216 709 2251 ejus,
735 2220 763 2243 et
781 2216 847 2243 abs-

914 255 966 282 que
994 248 1206 282 persecutionem
1231 250 1385 284 declinans,
1413 251 1498 286 rugit,
1518 250 1646 286 venitque
1669 251 1705 280 ad

913 293 1078 322 Samuelem.
1105 295 1137 322 Et
1151 295 1222 322 misit
1241 295 1306 324 Saul
1321 297 1441 330 nuntios,
1455 297 1501 331 qui
1515 296 1702 332 apprehende-

913 343 972 366 rent
988 339 1082 367 David.
1102 340 1210 369 Samuel
1227 345 1318 369 autem
1339 346 1398 369 erat
1411 342 1481 370 inter
1495 343 1653 378 prophetas,
1677 347 1706 373 ot

912 389 998 410 coetus
1014 384 1204 418 prophetarum
1217 387 1262 420 qui
1278 386 1324 413 illo
1341 391 1462 420 tempore
1475 389 1684 422 prophetabant.

947 430 973 457 6.
991 430 1080 458 Nuntii
1096 435 1196 463 autem,
1213 432 1257 465 qui
1281 433 1354 459 missi
1369 436 1442 464 sunt,
1459 439 1569 468 accepto
1580 434 1701 468 ejusdem

911 474 1016 509 spiritu,
1035 476 1245 510 prophetarunt,
1271 478 1414 512 missisque
1430 479 1488 505 aliis
1509 479 1559 506 hoc
1579 481 1700 515 contigit,

910 526 937 549 et
953 522 1038 549 tertiis
1051 522 1233 549 nihilominus.
1252 523 1346 550 Postea
1360 531 1423 550 vero
1437 531 1499 551 cum
1513 528 1541 551 et
1561 524 1619 559 ipse
1638 525 1703 552 saut

911 568 1038 599 venisset,
1057 568 1142 595 sactus
1153 573 1194 596 est
1206 576 1288 603 super
1300 577 1360 596 eum
1377 571 1486 605 spiritus
1503 571 1560 604 Dei,
1573 572 1705 599 etambu-

911 613 983 640 labat
997 613 1161 647 ingrediens,
1177 619 1204 641 et
1220 614 1408 649 prophetabat.

1160 672 1240 707 520
1253 671 1365 699 CAPUT
1382 672 1452 700 xw.

1064 729 1103 755 De
1118 729 1310 756 insidiatoribus
1323 729 1546 764 prophetantibus.

947 774 972 801 1.
984 775 1119 808 Quaeritur
1128 779 1219 801 autem
1234 774 1368 809 quomodo
1380 779 1407 802 et
1420 775 1466 807 illi,
1490 782 1550 802 cum
1572 774 1645 802 missi
1661 782 1705 803 es-

910 826 970 848 sent
989 822 1022 848 ad
1046 821 1190 848 tenendum
1218 821 1365 854 hominem,
1394 826 1420 848 et
1440 821 1587 849 ad·necem
1602 821 1704 848 ducen-

911 867 984 899 dum,
1011 869 1077 894 tales
1091 867 1188 900 spiritu
1203 867 1274 894 effici
1299 871 1475 900 meruerunt;
1497 871 1524 894 et
1546 867 1607 894 Saul
1632 868 1702 902 ipse,

909 913 954 947 qui
970 913 1088 944 miserat,
1115 912 1224 940 veniens
1238 917 1265 940 et.
1285 913 1342 947 ipse
1357 914 1512 948 sanguinem
1527 915 1700 941 innocentem

909 967 1031 994 qua-rens
1047 959 1194 992 effundere,
1216 960 1337 994 accipere
1353 960 1453 987 meruit
1468 960 1592 995 spiritum
1612 959 1698 992 illum,

909 1011 936 1034 ct
951 1007 1121 1041 prophetare.

944 1052 971 1079 2.
984 1053 1117 1086 Quantum
1133 1054 1204 1080 enim
1220 1053 1252 1080 ad
1268 1053 1385 1080 litteram
1400 1053 1505 1085 attinet,
1524 1060 1577 1080 non
1596 1057 1638 1080 est
1652 1053 1700 1079 mi-

909 1107 968 1126 rum
987 1100 1121 1126 hominem
1147 1100 1291 1133 reprobum
1313 1100 1345 1126 ad
1366 1104 1530 1126 momentum
1547 1100 1700 1127 transitorie

909 1145 1100 1179 prophetasse,
1126 1145 1189 1171 dum
1215 1146 1295 1172 etiam
1322 1146 1397 1172 multi
1423 1145 1527 1172 similes
1554 1144 1702 1179 prophetiae

908 1192 1007 1218 donum
1020 1192 1142 1225 legantur
1161 1191 1286 1218 habuisse
1306 1191 1348 1227 (ΙΙ
1365 1191 1437 1218 Petr.
1456 1191 1497 1225 n),
1512 1190 1580 1217 sicut
1593 1190 1701 1217 Balaam

908 1237 952 1264 ille
967 1238 1109 1271 reprobus,
1136 1245 1215 1272 quem
1229 1244 1282 1264 non
1298 1240 1368 1264 tacet
1383 1237 1523 1270 Scriptura
1535 1234 1638 1270 judicio
1657 1235 1699 1263 di-

907 1283 969 1310 vino
983 1291 1042 1310 esse
1055 1284 1222 1315 damnatum,
1237 1283 1284 1309 sed
1302 1282 1468 1316 prophetiam
1482 1281 1608 1308 habebat.

941 1330 968 1357 5.
985 1329 1038 1356 Nec
1058 1329 1100 1356 illa
1121 1329 1201 1356 verba
1220 1336 1312 1362 parum
1332 1332 1493 1355 attestantur
1517 1327 1578 1354 huic
1591 1331 1698 1355 senten-

906 1376 959 1407 tiae,
975 1383 1034 1409 quae
1050 1375 1075 1402 in
1095 1374 1242 1408 Evangelio
1255 1374 1354 1408 scripta
1369 1377 1443 1406 sunt,
1466 1373 1565 1400 multos
1580 1374 1698 1400 dicturos

905 1421 930 1447 in
956 1421 1000 1448 illa
1019 1420 1081 1447 die:
1109 1419 1230 1452 Domine,
1253 1419 1377 1451 Domine,
1397 1420 1424 1445 in
1443 1423 1487 1446 tuo
1506 1419 1606 1445 nomine
1626 1427 1700 1445 man-

903 1467 1069 1498 ducavimus,
1091 1470 1115 1492 et
1136 1466 1259 1497 bibimus.
1287 1469 1311 1492 et
1331 1466 1357 1492 in
1377 1466 1479 1492 nomine
1499 1470 1542 1491 tuo
1562 1464 1698 1499 propheta-

902 1513 994 1546 nimus,
1014 1517 1038 1540 et
1052 1513 1078 1539 in
1094 1512 1195 1538 nomine
1210 1516 1253 1538 tuo
1267 1511 1371 1537 virtutes
1387 1511 1479 1537 ”muas
1501 1511 1623 1545 fecium&
1643 1511 1699 1545 qui-

904 1560 952 1587 bus
974 1564 1063 1586 tamen
1083 1558 1204 1585 dicturus
1224 1562 1266 1584 est
1286 1566 1292 1583 t
1315 1556 1376 1584 Non
1396 1557 1455 1583 novi
1483 1564 1526 1584 vos
1539 1577 1547 1589 ‚
1577 1556 1699 1583 discedito

904 1613 919 1631 α
934 1613 985 1637 me,
1001 1604 1114 1639 operarii
1131 1603 1273 1637 iniquitatis
1290 1602 1398 1638 (Mattlt.
1414 1602 1473 1636 vn).

937 1661 964 1687 sk.
982 1660 1093 1696 Mystice
1113 1664 1201 1687 antem
1228 1659 1380 1693 exemplum
1406 1658 1485 1693 hujus
1501 1658 1564 1686 Saul
1589 1657 1697 1685 nuntio·

902 1715 1014 1742 rumque
1027 1706 1085 1741 ejus
1098 1707 1123 1733 in
1136 1707 1186 1732 hac
1198 1706 1331 1733 sententia
1345 1705 1442 1739 figurat
1452 1703 1595 1731 nonnullos
1610 1703 1696 1732 haere·

902 1754 979 1786 ticos,
1001 1754 1045 1788 qui
1062 1752 1162 1787 aliquid
1187 1751 1248 1778 boni
1275 1752 1308 1779 de
1327 1750 1485 1778 muneribus
1509 1750 1594 1777 sancti
1614 1749 1695 1784 Spiri-

901 1805 943 1826 tus
968 1799 1084 1831 habent,
1110 1799 1179 1826 sicut
1206 1797 1376 1824 Testamenta
1402 1797 1465 1832 legis
1490 1801 1517 1824 et
1543 1795 1693 1831 Evangelii,

900 1848 969 1874 sicut
981 1845 1106 1880 baptismi
1123 1848 1332 1871 sacramentum.
1348 1842 1398 1876 Qui
1414 1850 1475 1870 cum
1496 1842 1529 1869 ad
1545 1841 1694 1869 Ecclesiam

900 1893 1059 1920 catholicam
1074 1890 1194 1922 veniunt,
1212 1897 1263 1916 uon
1278 1893 1320 1916 est
1339 1889 1366 1916 in
1379 1889 1418 1916 eis
1432 1889 1486 1915 ullo
1501 1887 1581 1915 modo
1591 1887 1693 1914 violan-

900 1941 973 1972 dum,
988 1945 1044 1971 aut,
1066 1939 1141 1972 quasi
1156 1945 1209 1964 non
1224 1937 1356 1968 habeant,
1384 1935 1541 1962 tradendum
1555 1943 1562 1966 ;
1588 1933 1635 1961 sed
1655 1937 1692 1960 ta·

900 1994 961 2014 men
977 1993 1024 2012 eos
1041 1992 1092 2011 non
1109 1984 1168 2011 ideo
1182 1983 1281 2010 debere
1294 1982 1374 2010 saluti
1389 1981 1536 2013 confidere,
1555 1980 1616 2015 quia
1639 1986 1694 2007 non

901 2031 1082 2065 improbamus
1096 2029 1167 2064 quod
1183 2029 1244 2056 illos
1261 2028 1399 2062 accepisse
1411 2026 1558 2054 credimus.

936 2089 962 2115 5.
977 2089 1029 2116 Sed
1044 2091 1151 2122 oportet
1164 2094 1211 2114 eos
1225 2092 1388 2120 cognoscere
1408 2085 1552 2117 unitatem,
1569 2088 1597 2112 et
1609 2083 1693 2112 socie-

900 2140 980 2162 tatem
997 2135 1093 2162 vinculi
1119 2133 1265 2164 chatitatis,
1288 2131 1347 2158 sine
1369 2139 1420 2166 qua
1435 2132 1546 2158 omnino
1560 2129 1691 2165 quidquid

900 2182 998 2208 habere
1018 2184 1171 2215 potuerunt,
1202 2178 1324 2213 quamvis
1345 2181 1467 2204 sanetum
1489 2177 1523 2203 sit
1551 2181 1632 2210 atque
1648 2183 1693 2204 ve-

898 2226 1056 2256 nerandum,
1081 2225 1131 2258 ipsi
1147 2229 1236 2251 tamen
1252 2223 1319 2250 nihil
1335 2227 1408 2254 sunt,
1434 2226 1508 2249 tanto
1524 2221 1690 2256 indigniores

53 2265 172 2293 tulerunt
184 2272 244 2292 eum
259 2263 367 2300 (Martii.
383 2263 479 2296 xxvtu)
493 2270 501 2295 ;
526 2262 578 2290 hoc
598 2266 641 2289 est
666 2263 754 2296 itaque
777 2261 845 2289 velle
859 2271 885 2301 1)
898 2272 986 2300 enecti
1002 2271 1112 2306 praemio
1127 2270 1188 2297 vnae
1209 2275 1329 2301 aeternae,
1355 2272 1456 2303 quanm
1471 2267 1523 2294 nus
1540 2266 1617 2292 donis
1637 2272 1690 2292 non

54 2310 188 2340 Christum
208 2311 371 2343 interlicere,
397 2317 494 2337 nomen
509 2308 714 2336 resurrectionis
727 2307 786 2342 ejus
799 2315 846 2335 ex-

55 2357 203 2392 stinguere,
217 2362 246 2384 ut
259 2356 426 2384 mendacium
439 2354 585 2389 Evangelio
601 2352 786 2388 praeferretur.

90 2402 119 2429 4.
134 2401 187 2428 Sed
199 2401 268 2428 sicut
283 2401 347 2429 illud
363 2408 416 2428 non
432 2400 514 2427 valuit
543 2399 607 2427 Saul
628 2403 657 2426 ut
680 2399 843 2426 interliceret

57 2446 151 2480 David,
165 2446 202 2474 sie
210 2454 259 2475 nee
272 2447 321 2475 hoc
331 2448 417 2482 potuit
429 2454 539 2482 regnum
553 2447 707 2474 ludaeorum
723 2446 842 2480 efficere,

55 2497 84 2521 ιιι
117 2493 272 2520 memoriam
295 2493 394 2522 Christi
417 2494 530 2523 deleret.
555 2494 602 2521 lsti
620 2498 708 2522 autem
739 2492 784 2528 qui
809 2494 842 2521 de

55 2539 120 2569 Saul
134 2540 240 2572 virtute.
257 2539 284 2567 id
295 2544 347 2572 est.
361 2540 395 2568 de
404 2548 486 2575 regno
499 2540 652 2569 ludaeorum
666 2540 692 2568 in
705 2540 840 2568 Christum

54 2592 219 2621 praesumere
229 2585 380 2619 voluerunt,
399 2586 568 2614 odenderunt
581 2587 608 2614 in
628 2586 744 2621 lapidem
757 2585 841 2613 offen-

54 2632 154 2665 sionis,
180 2636 303 2667 tauquam
330 2631 510 2667 in'stntuam,
534 2636 564 2660 et
586 2632 680 2660 haedus
701 2632 741 2660 eis
765 2631 840 2659 visus

55 2683 115 2707 erat
131 2685 233 2713 agnus,
248 2677 308 2712 quia
325 2677 352 2705 in
370 2674 427 2713 quti
438 2682 576 2712 peecatum
594 2686 648 2707 non
670 2678 838 2710 invenerunt,

51 2724 132 2760 *quani
153 2727 320 2759 peccatorem
337 2725 466 2758 persecuti
481 2727 553 2751 sunt.

53 2773 58 2779 ·
684 2769 703 2790 x

47 2794 71 2853 :⁸-
88 2823 224 2853 emam.
237 2824 271 2852 N.
285 2823 312 2852 t.
330 2823 376 2852 sic
392 2830 437 2850 nee
451 2822 499 2850 hoc
510 2821 604 2859 potuit,
620 2825 686 2855 ete..
698 2827 786 2856 ,usque
803 2821 838 2850 ad

51 2858 161 2892 unct.
178 2859 229 2888 Alii
242 2868 248 2887 ε
264 2858 308 2887 Ita
319 2866 366 2887 nec
377 2859 432 2887 istic
442 2857 532 2893 valuit,
547 2861 576 2886 ut
588 2856 736 2885 memoriam
743 2855 841 2885 christi·

898 2319 967 2346 bene
983 2317 1022 2344 usi
1038 2320 1112 2350 sunt,
1127 2323 1186 2351 quoe
1202 2316 1228 2342 in
1243 2315 1293 2342 hac
1308 2314 1372 2347 vita,
1388 2320 1448 2348 quae
1465 2310 1617 2339 transitoria
1637 2315 1689 2342 est,

897 2366 1068 2398 acceperunt.

931 2420 958 2448 6.
974 2421 1040 2448 item
1053 2417 1215 2452 exemplum,
1242 2421 1321 2450 atque
1333 2415 1422 2449 imago
1435 2412 1515 2448 hujus
1539 2411 1602 2439 Saul
1621 2417 1690 2437 nun-

896 2466 1048 2500 tiorumque
1060 2464 1120 2498 eius
1135 2463 1161 2489 in
1176 2463 1226 2489 hoe
1239 2461 1298 2488 loco
1310 2460 1462 2487 Judaeorum
1478 2464 1530 2484 non
1544 2456 1690 2490 incongrue

896 2516 983 2548 gestat
996 2517 1150 2547 personam,
1162 2507 1281 2543 quidum
1295 2505 1432 2533 adversari
1445 2503 1559 2538 cupiunt
1569 2501 1688 2533 Christo,

896 2558 995 2586 habent
1010 2557 1036 2584 in
1050 2563 1098 2584 ore
1111 2557 1281 2582 sacramenta
1296 2551 1362 2586 legis
1386 2553 1414 2578 et
1445 2548 1636 2584 prophetarum
1651 2546 1686 2574 ad

896 2603 1077 2633 testimonium
1097 2600 1214 2633 Christi,
1239 2603 1344 2627 etcum
1365 2596 1503 2628 Ecclesia,
1528 2594 1603 2629 quasi
1625 2600 1687 2621 eum

895 2651 974 2687 521
987 2647 1136 2684 prophetis,
1160 2645 1195 2673 de
1217 2643 1364 2680 seripturis
1387 2643 1534 2677 disputant.
1553 2640 1623 2669 sieut
1647 2637 1686 2666 tttt

895 2703 956 2725 cum
971 2694 1112 2731 prophetie
1124 2690 1351 2720 vaticinabantur.

892 2819 1016 2849 delerem.
1033 2819 1117 2847 Ant-:v-
