1832 3016
126 129 176 158 927
659 124 687 153 S.
709 121 835 152 tStooRt
855 120 1076 153 ntsPALENSts‘
1094 124 1246 154 Episcot’t
1709 124 1761 154 928

125 194 200 220 nere,
220 185 259 212 vel
275 182 401 210 accedere
417 186 512 216 potest,
527 182 576 210 sed
597 182 639 210 hic
654 182 729 209 locus
741 182 774 208 ad
795 186 914 209 extrema
928 182 955 211 Α
967 181 994 210 in
1014 183 1148 211 inferioris
1163 185 1261 219 spatii,
1286 183 1338 212 hoc
1361 188 1421 218 est,
1446 184 1566 213 nebulosi
1585 191 1616 212 ac
1641 185 1760 213 brumosi
1802 207 1803 210 ,

125 231 204 266 hujus
225 229 300 264 spatii
320 228 455 255 inferioris
467 233 494 255 et
510 228 597 255 vicina
611 228 683 255 illius
696 227 844 261 superioris
858 235 917 254 con·
940 242 943 246 -
969 228 1039 256 aeris
1051 249 1058 261 ,
1074 228 1207 257 infelicem
1223 237 1255 257 ac
1268 230 1398 265 {miseram
1426 230 1618 258 habitationem
1641 230 1761 259 destina·

125 277 188 304 ania
203 275 328 310 pertinet.
358 274 385 300 In
409 281 462 308 quo
489 279 577 301 tamen
592 274 652 302 loco
665 282 757 302 eorum
780 274 824 309 qui
837 281 918 302 carne
969 281 1011 303 tus
1024 281 1081 309 est;
1096 277 1165 304 sicut
1179 277 1314 311 apostolus
1334 277 1433 305 Paulus
1453 281 1635 311 contestatur,
1652 277 1762 306 dicens:
1794 303 1795 306 ,

124 323 273 350 vestiuntur
287 321 340 348 vita
364 329 532 355 nequaquam
550 326 636 356 potest
655 321 828 349 commorari.
971 323 1031 351 Non
1046 314 1082 350 es't
1096 323 1167 351 nobie
1180 323 1327 351 colluctatio
1343 324 1465 351 adversus
1487 331 1589 351 carnem
1612 319 1635 350 el
1653 323 1763 360 sangat-

159 370 184 396 5.
203 367 278 396 Unde
287 368 455 402 perspicuum
468 368 583 395 estillud
594 369 718 403 superius
731 368 915 403 purissimum,
968 378 1037 403 nem,
1053 370 1099 397 sed
1113 370 1232 398 aduentu
1247 370 1374 406 principes
1393 375 1416 397 et
1431 375 1567 406 potestates
1589 370 1665 406 hujus
1679 370 1762 405 aeris,

124 416 425 451 tranquillissimumque
457 417 595 450 spatium,
620 416 655 443 de
679 424 731 451 quo
757 416 835 450 paulo
855 420 918 442 ante
969 417 1088 454 adversus
1102 417 1192 443 ηιιυιάί
1211 422 1318 444 rectores
1338 417 1496 445 tenebrarum
1513 417 1602 443 harum
1615 417 1698 452 (Epli.
1721 424 1762 451 vt,
1798 415 1800 418 ’

125 463 312 497 dissernimus,
328 470 381 490 non
396 463 542 490 carnalium
563 463 730 495 habitationi,
744 470 831 497 neque
847 469 919 490 mor-
971 461 1100 496 12).Qu:e
1112 461 1191 489 etiam
1204 463 1351 497 spiritualia
1363 463 1488 498 nequitiae
1500 463 1526 490 in
1533 462 1763 490 coelestibusidem

125 510 216 537 talium
232 517 319 536 rerum
348 508 439 535 usibus
460 516 520 535 esse
546 513 735 543 praeparatum.
752 509 919 542 Quapropter
970 503 1252 535 Paulus'Christumin
1267 509 1411 542 semetipso
1424 509 1562 536 denuntiat
1573 509 1763 541 triumphasse.
1804 527 1806 530 -

127 555 231 590 plurimi
247 554 442 581 catholicorum
457 558 595 581 anctorum
617 553 682 581 illud
694 553 814 587 spatium
827 552 920 586 primi-
1007 554 1033 581 9.
1052 554 1166 588 Dejectis
1180 561 1244 587 ergo
1260 554 1383 588 malignis
1398 553 1538 588 spiritibus
1552 561 1611 580 eum
1627 561 1676 580 suo
1688 552 1764 587 prin·
1804 558 1805 562 ¹

126 605 168 628 tus
181 600 280 634 angelis
296 600 340 635 qui
356 600 422 634 lapsi
437 605 500 627 sunt
519 608 578 627 eum
592 608 640 627 suo
659 600 780 635 principe
795 603 921 626 assertmt
972 599 1031 632 cipe
1041 599 1150 626 diabolo
1162 607 1193 626 ex
1210 599 1255 626 illo
1278 607 1357 633 quem
1381 599 1552 633 praediximus
1578 598 1764 632 limpidissimo
1805 594 1807 599 “

126 648 160 674 ad
175 646 346 674 habitandum
364 647 446 674 fuisse
470 647 643 679 destinatum,
666 655 699 674 co
715 647 784 681 quod
806 646 920 680 desuper
972 645 1172 673 suhcoelestium
1187 645 1333 679 spatiorum
1359 645 1526 677 habitaculo,
1544 648 1572 671 et
1595 643 1764 678 postmodum

127 694 276 722 coelestium
290 694 442 729 angelorum
455 695 588 721 neminem
604 694 734 721 cecidisse
746 694 919 726 arbitrantur,
973 692 1113 724 redempto
1132 699 1164 718 ex
1181 692 1245 718 Adoe
1267 695 1294 718 et
1317 691 1424 725 proprio
1442 691 1649 725 uniuscuiusque
1668 690 1766 717 delicto
1806 714 1810 715 γ

126 740 172 766 sed
189 740 321 772 coelcstcs‚
346 740 464 775 quandiu
480 741 505 767 in
530 740 649 774 angelica
675 739 841 767 beatitudine
866 740 922 766 iue—
974 747 1021 772 per
1035 738 1186 765 Mediatoris
1212 737 1355 764 adventum
1379 737 1497 764 humano
1511 743 1619 771 genere,
1642 735 1764 763 eumdem

126 790 197 818 rant,
214 786 238 812 in
253 794 306 821 quo
323 791 409 813 tamcn
427 792 589 820 pertcmpus
602 794 654 813 nou
674 791 813 813 steterant.
974 785 1062 812 locum
1077 785 1225 811 animarum
1239 789 1392 811 sanctarum
1408 783 1514 811 iuterim
1525 791 1585 811 esse
1597 783 1690 818 quieti,
1702 782 1766 809 dum

163 833 189 860 6.
207 834 345 866 Quoniam,
362 839 391 860 ut
406 833 542 867 Scriptura
570 834 665 868 inquit.
682 834 736 869 ipse
752 834 870 861 diabolus
890 833 922 860 ab
974 832 1198 859 resurrectionem
1214 835 1371 864 exspectant
1383 830 1510 863 suturam,
1524 830 1549 856 id
1563 833 1697 864 putatores
1710 828 1768 863 opi-

127 878 199 905 inih'o
215 879 324 906 mendax
343 886 378 906 est
396 879 487 914 (Joan.
502 889 559 911 vni,
577 880 638 914 44),
663 885 686 907 et
706 881 731 907 iu
753 881 857 908 veritate
872 889 922 907 non
939 867 961 896 B
975 883 1090 904 nantur:
1108 885 1186 911 quem
1202 877 1283 904 etiam
1301 877 1446 903 cselestem·
1456 876 1605 910 paradisum
1630 878 1769 902 autumant
1811 902 1813 908 ,

128 927 193 952 stetit
210 925 242 960 (1
255 925 332 952 Jonn.
350 935 389 960 ιιι,
404 928 430 962 ὃ)
443 948 450 959 ,
471 928 538 953 hunc
555 928 640 954 locum
657 927 829 954 habitationis
850 932 923 954 sorte
975 931 1035 951 esse
1060 924 1224 950 nominatum
1237 943 1244 954 ,
1273 922 1307 949 de
1321 930 1374 957 quo
1389 922 1516 949 Dominus
1535 922 1629 948 latroni
1646 922 1671 948 in
1691 927 1769 948 cruce

129 977 223 1006 putant
242 973 402 1006 percepisse,
420 981 498 1007 quem
515 974 651 1007 Scriptura
674 974 828 1007 pronuntiat
845 981 922 1006 para-
975 971 1111 999 confitenti
1124 970 1298 1005 responderat
1312 978 1318 996 :
1334 971 1414 996 Amen
1430 970 1487 996 dico
1499 969 1554 1002 tibi,
1573 968 1649 995 hodie
1671 975 1770 995 mecum
1812 996 1820 1001 Α

131 1017 216 1045 disum
228 1019 376 1051 coelestem,
392 1027 452 1053 quae
464 1020 512 1046 sub
530 1028 642 1054 persona
658 1020 787 1055 principis
812 1021 874 1055 Cyri
889 1020 924 1047 ad
976 1018 1062 1045 crisin
1075 1017 1195 1052 paradiso
1208 1016 1283 1051 (Luc.
1299 1024 1377 1043 xxiii.
1394 1015 1449 1050 li5).
1817 1007 1821 1011 ⁴

130 1070 264 1090 summum
292 1064 364 1090 illum
391 1065 515 1099 angelum
539 1071 687 1100 apostatam
718 1066 753 1093 ita
782 1066 923 1100 loquitur:
1014 1063 1057 1090 to.
1073 1063 1143 1096 Quin
1165 1063 1219 1090 imo
1244 1063 1288 1089 illo
1303 1062 1427 1096 paradiso
1451 1059 1591 1088 arboribus
1609 1060 1727 1091 consito,
1743 1063 1771 1087 et

132 1108 264 1143 Prrsectns
280 1111 371 1138 decore
386 1113 410 1138 in
426 1111 524 1139 deliciis
540 1114 654 1148 paradisi
666 1113 715 1140 Dei
728 1114 799 1148 suisti
815 1112 924 1148 (Ezecli.
978 1110 1067 1138 lucido
1082 1110 1155 1137 sonte
1176 1110 1363 1144 pnrpollente.
1391 1109 1487 1135 animae
1507 1113 1593 1135 exuta:
1616 1106 1771 1141 corporibus
1813 1099 1815 1102 ⁴

132 1162 224 1189 xxvnt,
242 1156 294 1191 ¹5).
799 1179 806 1185 .
979 1165 1031 1185 non
1058 1157 1193 1191 indigent3
1210 1155 1271 1190 quin
1292 1156 1346 1182 imo
1370 1154 1515 1189 spiritualis
1538 1154 1618 1181 homo
1639 1153 1771 1180 carnalem

168 1203 195 1229 7.
211 1203 439 1236 Quemadmodum
457 1206 527 1232 enim
544 1206 677 1239 homiues,
704 1211 763 1241 post
788 1212 926 1241 peccatum
980 1212 1056 1231 usum
1082 1211 1194 1238 corpore
1220 1203 1314 1230 mortis
1342 1202 1468 1229 liberatus
1493 1209 1544 1228 non
1566 1200 1703 1234 possidet,
1724 1206 1772 1227 nec
1808 1193 1826 1241 ’7

133 1256 222 1282 suum,
237 1250 270 1278 de
286 1252 383 1278 terreni
405 1254 519 1286 paradisi
539 1254 666 1281 felicitate
686 1253 793 1288 dejecti,
806 1252 832 1280 in
850 1253 928 1288 hujus
979 1251 1053 1278 reliei
1078 1250 1175 1277 terreni
1193 1249 1305 1283 paradisi
1338 1248 1470 1282 frugiferis
1494 1247 1634 1274 arboribus
1663 1252 1772 1272 necesse
1818 1253 1822 1259 ·

134 1300 213 1323 terrae
232 1297 412 1325 maledictioni
438 1299 560 1326 ohnoxiae
576 1298 673 1334 plagali
689 1299 768 1326 modo
785 1299 927 1326 habitatio·
980 1298 1077 1330 hahet,
1093 1302 1208 1324 aeternus
1224 1296 1294 1322 enim
1320 1294 1511 1329 temporalibus
1537 1301 1590 1320 non
1607 1292 1688 1320 utitur
1700 1314 1707 1326 ,
1724 1291 1772 1320 sed

134 1349 194 1368 nem
213 1343 277 1369 trusi
292 1348 362 1375 sunt,
376 1348 403 1370 ut
418 1344 480 1371 dum
500 1345 524 1371 iu
542 1350 611 1371 terra
628 1349 815 1379 peccaverunt,
832 1345 858 1371 in
883 1345 929 1372 de-
981 1350 1082 1371 aeterna
1096 1348 1123 1370 et
1138 1342 1285 1377 spiritualia
1301 1341 1508 1375 contemplatur.

134 1388 241 1416 terioris
262 1383 339 1415 terra:
354 1390 491 1416 mansione
514 1395 604 1424 postca
630 1391 679 1417 suh
695 1398 771 1424 poena
786 1390 873 1417 delicti
888 1388 929 1416 vi·
1017 1389 1061 1415 1¹.
1091 1389 1152 1415 llaec
1176 1395 1229 1415 non
1250 1387 1482 1420 confutantandum,
1512 1386 1559 1414 sed
1584 1386 1773 1415 aestimantium

134 1434 290 1467 verent,it:1
316 1439 342 1461 et
357 1435 481 1469 angelos,
497 1435 541 1470 qui
570 1443 659 1468 aereo,
682 1436 735 1463 imo
751 1436 831 1462 etiam
859 1435 930 1462 aeris
980 1435 1104 1463 sensibus
1133 1434 1355 1469 perstrinximus,
1381 1433 1529 1467 priesertim
1552 1440 1612 1459 cum
1635 1437 1662 1459 et
1689 1433 1773 1466 ipsam

135 1478 219 1513 ipsius
234 1481 352 1514 puriore,
366 1482 452 1515 spatio
478 1489 604 1515 peccasse
624 1486 762 1515 putantur,
778 1481 803 1508 in
821 1481 930 1508 inl'erio-
981 1481 1130 1509 aestimaiidi
1151 1481 1184 1508 tle
1205 1481 1300 1507 talibus
1320 1479 1510 1514 perspicaciam
1535 1478 1612 1506 nobis
1633 1477 1697 1513 ipsis
1721 1485 1773 1505 non

135 1533 192 1553 rem
207 1531 233 1553 et
253 1527 310 1561 ipso
323 1535 384 1554 aere
397 1527 448 1555 hoc
462 1528 646 1555 obscuriorem
664 1533 691 1554 et
707 1527 928 1554 turbulentiorem
954 1555 965 1566 ¹
982 1527 1160 1554 attribuimus.
1184 1525 1250 1553 Cum
1270 1525 1340 1552 enim
1367 1525 1512 1552 necessitas
1527 1523 1644 1557 exegerit
1656 1545 1664 1554 ,
1680 1523 1774 1550 harum

134 1570 223 1598 locum
238 1572 395 1599 deturbatos
416 1573 450 1600 de
472 1573 580 1608 superni
596 1578 623 1600 et
638 1573 695 1607 puri
713 1574 795 1605 aeris,
818 1580 929 1606 suaeque
942 1555 966 1586 (⁴
982 1574 1101 1601 omnium
1122 1572 1203 1608 596
1218 1572 1382 1606 putationum
1404 1575 1527 1598 auctores
1550 1570 1577 1597 in
1593 1570 1709 1597 medium
1728 1569 1774 1597 ad-

134 1617 270 1652 dignitatis
286 1617 448 1646 felicissimae
463 1619 538 1653 sede,
553 1619 649 1646 misere
670 1624 696 1646 et
710 1619 791 1655 595
815 1619 929 1646 infelici·
983 1622 1081 1649 ducere
1103 1620 1267 1655 poterimus,
1296 1618 1392 1653 quibus
1415 1622 1462 1644 aut
1487 1617 1553 1645 fides
1575 1621 1621 1644 aut
1645 1617 1774 1645 dubitatio

135 1668 175 1692 ter
186 1665 235 1692 sub
249 1666 448 1700 exspectatione
467 1665 550 1693 futuri
572 1667 715 1699 examinis,
729 1666 754 1693 in
770 1675 822 1701 quo
837 1667 929 1694 durius
983 1667 1080 1695 ascribi
1097 1666 1209 1701 poterit;
1225 1672 1338 1700 quornm
1361 1663 1503 1692 referendo
1519 1663 1604 1698 potius
1631 1671 1708 1698 quain
1729 1664 1775 1691 de-
1806 1691 1807 1694 ,

134 1710 396 1746 condemnabuntur,
407 1713 497 1739 vivere
509 1713 658 1745 aestimant;
671 1718 700 1740 ut
715 1713 777 1739 dum
791 1720 853 1740 aera
867 1720 929 1740 cor·
983 1713 1116 1742 sendendo
1143 1711 1305 1747 (opiniones)
1321 1711 1486 1743 laboramus,
1511 1718 1559 1737 nos
1580 1709 1651 1738 enim
1666 1709 1775 1738 alterins

135 1763 200 1790 pora
216 1756 325 1789 habent,
346 1761 373 1784 ct
396 1758 422 1784 in
448 1765 510 1785 aere
536 1766 607 1785 nunc
635 1763 846 1791 commorantur,
877 1767 929 1786 non
982 1760 1050 1788 forte
1065 1759 1193 1791 melioris,
1208 1758 1231 1785 si
1246 1757 1330 1790 adsit,
1346 1757 1502 1790 assertioni,
1521 1755 1562 1783 cui
1574 1755 1634 1791 plus
1648 1755 1691 1783 vel
1705 1755 1775 1785 Seri-

135 1801 356 1829 incouvenicnter
364 1804 531 1830 aestimentur
543 1804 622 1831 etiam
640 1805 756 1838 priorem
769 1813 825 1832 suae
845 1806 930 1832 beati·
982 1811 1066 1841 ptura¹
1101 1805 1236 1839 exempla,
1269 1803 1310 1831 vel
1338 1803 1531 1831 catholicorum
1566 1801 1775 1836 consapientium

136 1846 236 1873 tudinis
250 1847 340 1874 sedem
357 1848 382 1875 in
397 1856 469 1883 aere,
485 1849 531 1877 sed
545 1850 652 1884 puriore
666 1855 692 1878 et
707 1851 858 1885 subtiliore,
876 1848 930 1886 pri·
983 1850 1197 1889 (aestimationes)
1226 1849 1444 1885 suffragaverint,
1478 1849 1648 1877 concordiam
1685 1848 1775 1877 subire

135 1890 195 1918 dem
210 1892 343 1920 habuisse·
983 1898 1068 1934 parati
1082 1904 1184 1924 sumus.
1210 1896 1261 1924 Sed
1276 1895 1309 1923 de
1324 1896 1461 1930 superiore
1474 1897 1561 1930 spatio
1586 1894 1628 1922 his
1643 1899 1776 1930 utcunque

172 1938 197 1964 8.
212 1938 261 1971 Qui
276 1943 362 1966 tamen
378 1939 462 1972 locus.
478 1940 541 1968 dum
552 1941 622 1969 coelo
637 1942 808 1976 firmamenti,
823 1948 852 1970 ut
864 1951 932 1978 prae·
983 1943 1141 1979 explanatis,
1157 1942 1191 1969 ad
1207 1941 1396 1977 subsequentia
1411 1942 1581 1969 festinemus.

135 1982 201 2016 dixi,
214 1984 344 2017 pertinet,
361 1985 421 2013 coeli
439 1986 546 2014 nomine
560 1993 703 2022 censetur,
719 1989 788 2016 sicut
803 1989 929 2018 Dominus
1286 1998 1398 2026 CAPUT
1420 1998 1476 2026 vn.

136 2028 194 2062 ipse
211 2027 341 2062 perhibet,
357 2030 450 2059 dicens
466 2041 471 2058 ι
494 2032 553 2059 Vidi
569 2033 696 2061 Salariam
711 2035 775 2061 sicut
796 2037 885 2071 suiqui-
899 2037 931 2064 de
1063 2036 1101 2063 De
1114 2036 1196 2070 spano
1207 2035 1332 2069 inferiori,
1345 2041 1367 2061 ei
1383 2033 1568 2069 liemisplioeriis
1583 2033 1698 2060 diversis.

136 2076 199 2102 ooelo
213 2076 343 2104 cadentem
359 2077 432 2112 (Luc.
450 2087 476 2112 x,
491 2079 547 2115 ¹8).
565 2080 603 2107 Ex
622 2082 705 2115 ipsius
721 2083 791 2110 enim
806 2083 855 2110 loci
871 2092 932 2118 per·
1022 2084 1048 2111 Ι.
1066 2083 1168 2110 Dehinc
1181 2082 1291 2109 inferius
1306 2082 1420 2116 spatium
1432 2089 1480 2108 aer
1492 2084 1612 2114 vocatur,
1627 2087 1706 2116 quem
1723 2084 1777 2108 ter-

137 2119 227 2154 spicua
235 2129 266 2148 ac
276 2130 340 2157 pura
351 2123 514 2152 beatitudine
525 2127 626 2160 peccati
640 2128 783 2155 soimerito
797 2129 929 2163 dejectus,
986 2138 1023 2158 rae
1038 2130 1134 2157 sociari
1156 2129 1288 2162 diximus,
1304 2133 1329 2155 et
1345 2136 1358 2155 a
1374 2136 1428 2163 quo
1448 2129 1579 2156 unil'efssae
1593 2127 1699 2160 earnis·
1715 2135 1775 2163 (111ἱῦ
1794 2151 1797 2154 -

174 2187 199 2215 5.
216 2188 282 2215 Cod.
300 2189 347 2216 Ms.
361 2211 368 2222 ,
385 2192 541 2232 mortalium,
559 2194 782 2227 corporaliumque
795 2204 891 2224 rernm.
903 2216 911 2225 .
921 2216 927 2223 .
944 2208 971 2238 D
987 2206 1045 2224 rum
1057 2198 1157 2229 aarum,
1170 2204 1230 2224 cum
1243 2196 1269 2223 iu
1285 2196 1407 2223 Editioue
1420 2200 1492 2224 esset
1501 2196 1591 2223 harum
1605 2197 1775 2223 tenebrarum.

137 2230 167 2248 eo
182 2224 250 2256 quod
268 2224 300 2250 de
314 2233 389 2259 super
404 2227 543 2254 coelestwns
558 2229 655 2262 auqelis
670 2231 794 2257 neminem
809 2232 930 2259 cecidisse
987 2233 1041 2260 Vox
1062 2233 1213 2263 brutttonts,
1235 2239 1314 2264 quam
1339 2232 1454 2262 retinui.
1479 2232 1559 2258 scribi
1583 2232 1662 2258 etiam
1689 2230 1776 2263 potest

138 2258 305 2300 arbitrantur,
319 2260 475 2298 subcoelestes
489 2270 547 2288 uero
562 2258 688 2297 quandiu,
705 2268 756 2292 etc.
984 2268 1125 2299 bromosus,
1136 2272 1163 2294 et
1178 2274 1209 2293 ex
1228 2266 1322 2292 Graue-i
1341 2266 1469 2292 idiomate
1491 2266 1625 2300 significat
1648 2266 1773 2300 fetidum,

173 2294 199 2320 6.
217 2294 245 2320 ln
258 2294 397 2337 Edittonc,
408 2301 467 2331 post
481 2296 530 2324 Dei
543 2298 624 2331 suisti,
641 2299 731 2332 inepte
742 2302 852 2333 repetita
865 2307 929 2329 sunt
983 2303 1169 2339 graveolentem
1183 2301 1252 2335 apud
1265 2300 1377 2327 Coelium
1394 2301 1579 2329 Aurelianum.

138 2328 196 2355 lime
211 2330 301 2362 verba,
317 2339 376 2364 quae
388 2339 442 2366 jam
459 2338 652 2366 praecesserunt
666 2334 732 2360 lium:
757 2337 842 2362 locum
856 2337 929 2364 tmin‘·
1018 2339 1045 2365 9.
1061 2337 1094 2364 Μ
1116 2341 1255 2371 putatores.
1269 2336 1305 2362 lta
1322 2335 1370 2362 Ms.
1388 2335 1476 2362 Editio
1492 2335 1580 2362 miuus
1602 2336 1681 2366 bene.
1697 2336 1724 2362 Μ
1739 2339 1776 2363 etl

139 2368 243 2391 tattonis
259 2371 325 2406 forte
340 2371 431 2400 putant
443 2369 594 2403 percepisse.
982 2378 1121 2408 putatores.
1137 2372 1230 2398 Postea
1243 2370 1303 2400 llis..
1318 2378 1375 2396 cras
1390 2378 1488 2397 mecum
1498 2371 1559 2401 eris,
1575 2378 1622 2405 pro
1637 2371 1711 2398 hodie
1725 2380 1776 2398 me-

141 2435 147 2440 ·
175 2401 200 2426 7.
215 2400 265 2433 Qu·
281 2410 364 2442 aereo.
382 2402 486 2443 lituis..
500 2403 544 2436 qui
567 2404 594 2431 in
620 2405 751 2439 superiore
773 2406 848 2432 etium
862 2407 928 2434 aeris
982 2416 1040 2435 cnm
1071 2408 1132 2434 eris.
1161 2406 1214 2433 Sed
1242 2406 1381 2432 retinenda
1410 2406 1489 2432 lectio
1512 2406 1629 2439 Vulgata!
1639 2427 1647 2437 ,
1676 2415 1691 2433 ²
1723 2413 1774 2442 qun

140 2442 218 2476 ipsium
231 2445 335 2470 puriore
349 2443 441 2478 spatio.
458 2439 517 2465 Mox
534 2447 565 2466 ex
577 2439 670 2467 eodem
684 2440 732 2467 Ms.
742 2441 844 2468 restitui
852 2442 878 2468 iu
887 2442 927 2468 in·
983 2451 1036 2470 non
1047 2443 1180 2475 discrepat
1189 2442 1278 2467 versio
1291 2440 1410 2475 ann-qua,
1424 2449 1511 2475 neque
1523 2441 1599 2468 iuiilti
1609 2441 1653 2468 alii
1670 2441 1774 2477 Patres,

140 2470 270 2512 [eri-orem,
282 2477 334 2499 etc.
346 2472 410 2499 Nam
424 2482 448 2500 m
461 2474 632 2502 Excusohaec
648 2475 683 2503 ita
699 2481 823 2510 corrupta
840 2482 926 2511 crant,
981 2478 1067 2512 quiea
1083 2476 1161 2503 vvrb·
1175 2481 1352 2510 usurparunt;
1367 2484 1425 2510 quae
1440 2484 1493 2510 quo
1509 2481 1586 2512 pacto
1599 2476 1774 2512 intelligenda

140 2514 165 2532 iu
181 2507 331 2549 msey‘fflfm
343 2508 469 2536 deturbati
482 2510 513 2536 de
535 2511 640 2544 superni
654 2516 678 2537 et
693 2511 751 2545 puri
765 2512 843 2544 aeris,
859 2521 927 2539 suoe-
980 2514 1047 2545 sint,
1066 2511 1142 2539 facile
1155 2511 1316 2544 interpretes
1329 2511 1488 2544 expediunt.

140 2549 188 2576 que
213 2542 343 2576 dimittatis
359 2544 510 2577 felicissima!
535 2546 635 2578 misere,
664 2551 687 2573 et
709 2546 856 2581 infeliciter,
873 2553 927 2576 etc.
1018 2548 1060 2575 to.
1077 2546 1258 2580 Proepolieute.
1272 2547 1313 2573 Al.
1339 2548 1459 2581 pollente.
1787 2566 1789 2569 ›

141 2576 179 2603 Ad
196 2579 276 2603 verha
291 2586 376 2612 aerea,
394 2587 441 2606 seu
466 2580 535 2607 aeria
555 2589 673 2615 corpora.
691 2586 799 2609 instatur
811 2582 839 2610 in
853 2582 902 2610 us.
919 2591 927 2610 ε
1016 2583 1060 2611 tt.
1078 2581 1288 2609 pertransimus.
1305 2567 1362 2610 lioc
1376 2582 1436 2610 loco
1448 2581 1548 2611 desinit
1559 2582 1586 2610 in
1601 2582 1651 2610 nte.
1666 2581 1716 2609 hoc
1729 2584 1776 2613 osef.

141 2613 222 2653 Qut-oil-
237 2612 365 2654 dromones
378 2615 470 2642 habeut
485 2616 554 2643 aeria
579 2624 697 2650 rot-pora.
711 2617 835 2644 Profecto
858 2617 928 2652 anti-
980 2623 1037 2652 put.
1054 2617 1144 2649 Forte,
1156 2625 1207 2644 aon
1222 2617 1401 2645 attribuamus.
1418 2618 1455 2645 Ex
1478 2618 1634 2652 coniectura
1655 2617 1683 2644 in
1720 2621 1726 2640 ῑ
1767 2623 1771 2628 ’

141 2654 260 2688 quissimt
277 2650 435 2684 theologiae
452 2651 544 2678 l‘atres
558 2659 671 2684 corpora
686 2652 727 2679 vel
742 2652 866 2680 omnibus
879 2660 928 2680 an-
980 2654 1054 2681 tione
1073 2652 1216 2680 nunizi-ma
1230 2653 1366 2680 adduntur
1379 2659 1462 2682 voees
1473 2652 1572 2680 labem
1584 2673 1592 2686 ,
1614 2649 1646 2684 'ot
1661 2653 1736 2682 and
1750 2668 1752 2672 ,
1771 2661 1774 2678 1

141 2682 219 2716 getis.
232 2683 271 2710 vel
286 2690 359 2711 certe
383 2685 550 2714 daeinonihus
562 2707 569 2718 .
594 2687 766 2722 assignabant
779 2707 788 2721 ,
815 2695 928 2723 quorum
981 2689 1072 2718 tiones.
1086 2695 1146 2723 quae
1162 2688 1187 2715 iu
1202 2687 1286 2714 veteri
1300 2687 1499 2720 desiderantur,
1516 2687 1647 2723 suspects
1664 2691 1737 2724 quoq
1759 2686 1766 2695 ’”

142 2716 225 2757 γνώω
241 2717 321 2745 refert
337 2719 470 2755 Petavius,
486 2722 520 2749 de
534 2722 654 2758 Angelis,
671 2722 719 2751 lib.
733 2731 754 2756 ι,
775 2730 836 2759 cap.
851 2723 880 2756 2.
902 2728 930 2752 ot
981 2730 1022 2753 est
1033 2732 1082 2751 vox
1099 2723 1312 2756 consapientium.
1497 2722 1501 2726 ”
1660 2730 1662 2733 ·
1721 2743 1723 2747 ⁴

142 2749 188 2778 hb.
201 2759 310 2787 ui,eap.
327 2753 353 2782 1.
1017 2759 1083 2787 Cn.
1099 2766 1146 2786 ru.
1160 2758 1191 2785 N.
1203 2758 1230 2786 ί.
1248 2757 1380 2787 Versatur.
1404 2756 1546 2791 Cffllerem
1557 2763 1647 2793 ‚11⁸⁴
1663 2770 1665 2781 ³
1697 2770 1699 2780 ¹

177 2785 210 2827 8..
221 2786 288 2813 Dum
299 2790 372 2830 coelo.
389 2791 443 2824 Λ1.,
458 2792 520 2819 ilum
528 2792 559 2819 de
571 2793 645 2823 coelo.
665 2793 748 2822 Paulo
767 2797 846 2828 post,
867 2793 930 2830 Hs..
981 2796 1101 2822 vescitur.
1117 2793 1198 2826 infra,
1211 2793 1272 2824 bis..
1287 2796 1390 2828 quoad
1401 2801 1414 2821 ι
1439 2791 1454 2826 “,
1474 2792 1488 2799 ’“
1519 2792 1620 2831 m
1647 2826 1649 2829 ι

141 2821 220 2855 *ΝΜ
231 2822 348 2862 nebulosi
359 2827 426 2852 aeris
449 2827 527 2862 liujus
545 2828 686 2862 infelicem.
701 2829 731 2857 lu
746 2829 853 2857 Exeuoo
864 2827 932 2863 uqo-
983 2830 1036 2858 Pro
1048 2830 1092 2865 qui
1110 2829 1210 2864 faciunt
1226 2828 1261 2860 ad
1271 2828 1422 2865 manium
1434 2859 1443 2862 Δ
1476 2858 1482 2861 A
1584 2832 1619 2869 y
1637 2839 1646 2850 w
1666 2856 1669 2859 Α
1687 2823 1737 2855 ’.,’>’“’

142 2855 278 2891 mmm·
291 2859 364 2893 quod
381 2867 415 2888 ex
433 2860 484 2889 lla.
505 2863 623 2899 sumpsi,
650 2864 697 2893 uti¹
716 2863 798 2893 etiam
817 2863 932 2893 Μάνα-
983 2865 1064 2895 lectio
1078 2869 1186 2893 notatur
1198 2861 1378 2901 qualemn.
1394 2858 1399 2870 “
1580 2863 1585 2867 ”
1616 2863 1618 2865 “
1661 2871 1668 2881 ·

92 2926 166 2936 ›Q—

1708 2746 1770 2760 Α.

172 2934 226 2942 -ηᾳῂ

290 2948 295 2949 ⁷
306 2949 440 2972 ,N-
