1832 3016
148 138 198 166 5¹1

149 248 191 270 est
203 243 260 276 ipse
274 250 284 267 ι
301 239 408 276 (terem.
423 249 450 273 v,
464 241 519 277 ¹0).
532 242 589 270 Hoc
605 250 675 270 nunc
691 251 775 277 usque
790 243 875 271 Judaei
895 251 943 279 pro

148 287 256 314 Christo
271 287 386 314 dicunt:
408 286 523 316 Nonaest
546 288 612 322 ipse,
641 292 829 323 exspectantes
849 290 941 324 alium,

148 333 191 368 qui
208 337 248 360 est
262 333 452 362 Antichristus.
469 334 544 362 Unde
558 339 585 362 et
599 335 729 363 Dominus
747 345 753 362 :
767 336 833 371 qu,
844 337 942 373 inquit,

147 380 203 406 veni
218 380 244 406 in
257 381 358 407 nomine
373 379 462 407 Patria
483 381 542 413 mci,
559 386 583 407 et
597 389 649 408 non
661 382 792 417 recepistis
811 391 861 415 me,
875 383 943 410 atius

147 426 228 452 veniet
241 426 268 452 in
281 427 382 452 nomine
397 434 452 458 suo,
469 430 492 453 et
509 427 635 462 recipietis
653 436 710 454 eum
722 427 812 462 (loon.
824 436 850 462 v,
866 428 925 463 43).

184 471 210 499 5.
231 471 297 498 Item
314 471 383 506 apud
394 472 517 499 eumdem
527 473 673 500 Jeremiam
691 482 697 499 :
711 473 778 501 Ecce
790 481 872 501 sermo
891 474 944 501 Do-

147 518 209 544 mini
234 519 318 548 sactus
340 522 377 544 est
394 519 429 544 eis
454 519 480 544 in
501 519 676 554 opprobrium,
692 524 715 546 et
726 528 777 546 non
801 521 944 555 suscipiunt

146 563 212 590 illud
225 563 332 599 (Jerenz.
349 572 387 598 vt,
417 564 473 599 ¹0).
495 565 588 592 Adhuc
605 566 711 600 quidem
731 566 804 600 quia,
821 565 944 601 gentibus

147 609 335 636 obedientibus
346 609 462 643 Christo,
471 610 555 638 Judaei
564 619 624 639 eum
636 619 688 639 non
697 616 787 639 essent
799 613 942 647 recepturi,

148 654 175 681 in
200 654 314 682 Psalmis
338 655 497 683 ostenditur.
525 657 591 683 Nam
616 665 677 685 cum
710 665 757 691 per
785 658 943 693 prophetam

148 699 250 727 diceret
276 700 346 727 idem
371 701 496 728 Christus
516 711 523 729 :
557 702 700 730 Constitues
735 711 775 730 me
806 704 832 730 in
868 709 944 738 caput

147 747 272 781 gentium,
288 752 323 779 et,
339 748 460 782 populus,
477 757 551 783 quem
564 758 615 776 non
626 750 742 785 eoqnovt',
758 750 858 776 servivit
868 751 941 784 milti,

148 792 275 820 continuo
290 793 426 827 subjunxit
440 794 652 822 incredulitatem
668 795 817 828 iudaicam,
830 796 921 823 dicens
934 803 942 822 :

147 836 212 863 Filii
227 839 326 865 mentiti
339 839 416 866 alieni
428 840 568 873 summitti,
582 840 631 875 lilii
641 841 718 867 alieni
729 842 941 875 inveteraverunt,

146 888 169 911 et
184 885 391 912 claudicaverunt
406 895 421 912 a
435 887 532 914 sentitis
544 887 597 914 suis
613 886 706 921 (psat.
722 895 789 920 xvir,
805 888 863 922 44).
893 888 941 921 Qui
958 892 982 922 Β
996 879 1029 907 ¹0
1043 880 1120 914 ³0¹1)-

146 935 208 957 sunt
222 930 313 964 alieni,
331 931 384 959 nisi
397 931 500 959 ludaei?
512 933 556 967 qui
568 937 640 959 recte
651 932 730 959 alieni
745 938 939 967 nuncupantur,

146 984 194 1011 pro
218 985 251 1004 eo
278 978 349 1012 quod
378 978 403 1005 in
432 979 540 1013 pertidia
567 984 766 1013 permanentes,
781 979 814 1006 ab
834 984 942 1007 aeternae

144 1021 207 1049 vitae
236 1023 354 1057 praemiis
375 1024 488 1050 abdicati
504 1028 575 1055 sunt,
606 1032 667 1059 quae
690 1023 767 1051 nobis
793 1025 940 1052 secundum

144 1068 224 1096 fidem
245 1077 259 1096 a
275 1070 322 1097 Dei
333 1070 403 1097 Filio
418 1072 618 1105 promittuntur.

181 1115 207 1141 t.
230 1115 293 1144 Haec
306 1124 412 1152 quoque
428 1119 453 1144 in
468 1118 574 1146 Christo
588 1118 741 1146 Judaeorum
757 1126 837 1153 prava
852 1119 940 1147 incre-

144 1161 242 1188 dulitas
255 1163 335 1189 etiam
351 1171 399 1197 per
414 1163 508 1190 isaiam
525 1168 566 1191 cst
585 1169 710 1192 annotata
721 1186 729 1199 ,
754 1165 861 1192 dicente
884 1165 938 1192 Do-

142 1207 216 1233 mino
232 1207 303 1234 illis:
327 1217 336 1233 ‹
357 1210 454 1237 Audite
477 1210 629 1244 audientes,
650 1213 704 1247 81
717 1216 743 1239 et
757 1212 841 1239 nolite
861 1213 940 1239 intel-

142 1252 240 1287 ligere;
264 1258 291 1280 et
307 1254 395 1282 videte
419 1256 572 1290 visionem,
597 1262 624 1284 et
647 1257 730 1285 nolite
759 1265 936 1293 cognoscere;

142 1306 247 1326 excaeca
263 1307 311 1327 cor
327 1302 417 1334 populi
438 1303 527 1337 hujus,
543 1308 570 1330 et
585 1312 664 1332 aures
691 1305 749 1339 eius
772 1313 895 1340 aggrava,
911 1311 938 1333 et

141 1346 232 1373 oculos
248 1346 306 1380 ejus
325 1348 432 1379 claude,
462 1356 497 1375 ne
524 1349 593 1377 forte
614 1351 815 1379 videantoculis
830 1352 896 1384 suis,
910 1356 938 1379 et

142 1390 252 1417 auribus
280 1390 336 1418 suis
362 1392 480 1426 audiant,
506 1398 533 1420 et
559 1394 640 1421 corde
664 1403 712 1422 suo
735 1396 893 1429 intelligant,
910 1401 937 1424 et

139 1441 340 1470 convertantur,
367 1443 394 1464 et
416 1446 507 1465 sanem
529 1439 589 1466 illos
607 1449 616 1465 ι
636 1439 712 1475 (lsai.
729 1448 766 1472 vt,
780 1441 818 1475 9).
836 1440 869 1467 Et
883 1441 937 1468 alio

139 1481 199 1508 loco
214 1491 219 1508 :
238 1482 301 1509 Tota
314 1484 356 1510 die
366 1485 478 1518 expandi
495 1493 586 1511 ntanus
602 1493 672 1512 metis
693 1487 726 1512 ad
746 1486 870 1520 populum
885 1495 935 1514 non

138 1529 289 1561 credentem,
316 1534 340 1555 et
363 1530 587 1563 contradicentem,
607 1531 794 1565 qniarnbulant
808 1534 861 1558 vias
883 1541 934 1559 non

137 1573 215 1600 bonas
228 1573 305 1608 (lsai.
319 1582 379 1607 va,
394 1573 434 1608 2).

172 1619 199 1646 5.
216 1619 315 1651 Quibus
331 1619 479 1647 Jeremias:
497 1630 507 1646 t
521 1620 589 1648 Audi
605 1621 674 1656 haec,
689 1622 786 1656 popule
810 1623 892 1650 stulte
905 1628 933 1651 et

136 1665 194 1692 sine
208 1665 298 1699 corde,
314 1665 384 1693 oculi
395 1671 457 1694 sunt
469 1666 533 1700 illis,
550 1672 577 1695 et
592 1676 645 1695 non
661 1668 762 1701 vident,
779 1677 858 1697 aures
872 1674 934 1696 sunt

138 1710 202 1744 illis,
227 1716 253 1738 et
273 1719 326 1739 non
349 1712 480 1746 audiunt;
505 1717 550 1740 aut
570 1721 614 1740 me
627 1721 680 1741 non
704 1714 844 1747 timebitis,
870 1715 934 1743 dicit

139 1756 278 1790 Dominus,
310 1762 356 1784 aut
378 1765 392 1784 a
413 1758 481 1786 facie
505 1766 566 1786 mea
589 1766 642 1786 non
666 1759 865 1787 formidabitis?
888 1761 933 1795 qui

137 1803 265 1829 constitui
286 1803 430 1830 terminum
446 1804 528 1831 maris
551 1812 670 1837 arenam,
689 1805 831 1839 imperium
854 1810 932 1833 aeter-

138 1855 212 1880 num,
232 1853 259 1875 et
272 1856 324 1875 non
348 1849 560 1884 transgredietur
577 1850 654 1885 illud,
679 1854 706 1877 et
720 1850 879 1884 turbabitur,
906 1855 933 1878 et

137 1901 190 1920 non
211 1895 324 1928 poterit,
350 1899 377 1922 et
399 1895 579 1923 intumescent
602 1896 698 1924 ssuctus
725 1896 801 1931 ejus,
827 1902 854 1924 et
877 1904 932 1925 non

138 1939 351 1975 transgredietur
362 1939 445 1973 illud;
467 1941 568 1976 populo
590 1945 679 1969 autem
695 1942 758 1970 huic
778 1942 877 1970 sactum
891 1947 933 1970 est

136 1991 184 2011 cor
198 1984 355 2012 inobediens
374 1990 399 2012 et
414 1986 580 2014 incredulum
595 1996 604 2013 ι
627 1987 733 2023 (Jerem.
749 1995 775 2021 v,
792 1987 850 2022 2¹).

172 2031 200 2059 6.
214 2032 247 2059 Et
261 2032 322 2060 alibi
337 2033 407 2060 idem
423 2033 499 2069 ipse:
517 2034 652 2066 Quomodo
666 2036 751 2062 dicitis
766 2043 776 2063 .·
795 2036 931 2071 Sapientes

136 2081 183 2103 aot
193 2085 290 2110 sumus,
307 2084 331 2105 et
342 2079 382 2106 lex
389 2079 493 2107 Domini
506 2080 638 2108 nobiscum
648 2086 683 2108 eat
696 2081 802 2117 (Jerem.
815 2090 872 2116 vm,
883 2083 909 2117 8)
920 2083 932 2109 7

138 2120 209 2149 Vere
222 2124 390 2152 mendacium
409 2130 537 2160 operatus
555 2131 596 2153 est
618 2127 703 2162 stylus
722 2128 838 2155 mendax
859 2128 932 2156 Scri-

137 2166 240 2202 barum,
257 2169 360 2197 confusi
375 2175 438 2197 sunt
451 2172 596 2206 sapientes,
619 2177 646 2199 et
659 2173 804 2207 perterriti,
821 2178 848 2201 et
861 2174 931 2209 capti

137 2218 209 2241 sunt.
229 2214 342 2242 Verbum
354 2217 425 2243 enim
439 2216 544 2244 Domini
561 2218 742 2251 projecerunt,
759 2223 786 2245 et
800 2220 930 2254 sapientia

137 2259 210 2287 nulla
225 2264 265 2287 est
279 2261 306 2288 in
319 2262 368 2289 eis.
392 2262 431 2289 De
444 2263 540 2297 quibus
552 2263 654 2290 isaias:
681 2264 732 2297 Qut·
742 2273 856 2298 peceare,
884 2266 930 2293 in-
943 2268 969 2298 1)
981 2263 1043 2291 dam
1060 2263 1094 2290 ab
1108 2263 1159 2296 eis,
1173 2262 1235 2297 quia
1246 2269 1339 2289 omnes
1353 2262 1467 2289 adulteri
1482 2267 1553 2295 sunt,
1570 2269 1657 2291 coetus
1672 2271 1765 2298 praeva
1795 2274 1799 2301 ζ

137 2305 202 2340 qult,
213 2307 338 2341 faciebant
345 2307 459 2335 homines
469 2308 496 2335 in
510 2308 595 2342 verbo,
604 2314 627 2335 et
637 2309 827 2336 declinaverunt
833 2311 930 2344 [rastra

137 2359 153 2377 a
165 2352 238 2387 jacto
252 2351 328 2386 (lsai.
344 2360 417 2387 xxix,
429 2353 493 2388 21).‘
513 2354 565 2381 Pro
577 2362 630 2389 quo
645 2361 692 2382 eos
706 2354 776 2381 idem
799 2355 929 2389 propheta

137 2397 174 2424 ita
194 2398 314 2432 increpat
335 2399 446 2426 dicens:
477 2409 487 2426 ι
501 2399 598 2427 Audite
621 2407 664 2427 me
686 2399 754 2427 duro
768 2399 860 2434 corde,
884 2401 930 2435 qui

138 2445 216 2479 longe
237 2445 303 2472 estis
327 2453 343 2473 a
359 2445 476 2480 justitia,
499 2453 583 2481 prope
603 2446 654 2474 ieci
675 2445 806 2481 justitiam
830 2454 927 2480 meam,

138 2497 192 2518 non
207 2491 392 2525 elongabitur,
406 2495 434 2519 et
446 2491 518 2519 salus
537 2499 596 2520 mea
611 2499 665 2519 non
681 2491 839 2519 morabitur.
856 2491 930 2519 Dabo

138 2537 164 2564 iu
179 2536 243 2564 Sion
258 2537 382 2570 salutem,
398 2541 426 2565 et
440 2538 466 2566 in
481 2537 628 2566 Jerusalem
643 2537 755 2573 gloriam
776 2544 874 2566 meam.
889 2546 898 2563 ι

113 2591 118 2614 q
173 2582 200 2609 7.
216 2582 275 2617 lpse
289 2585 377 2611 autem
392 2583 522 2619 propheta
534 2583 756 2612 eteredulitatem
770 2583 889 2619 gentium
901 2587 930 2611 et

113 2645 117 2653 ·
137 2627 349 2659 incredulitatem
370 2630 525 2659 Judaeorum
541 2631 568 2659 in
582 2630 690 2659 Christo
711 2629 748 2658 ita
769 2629 927 2658 annuntiat:

173 2685 200 2712 5.
220 2685 312 2719 Forte,
324 2685 402 2714 ittam
427 2687 562 2723 proittud.
579 2687 609 2715 in
621 2686 700 2722 Vulg.
720 2685 852 2720 cottana,
866 2685 928 2722 quia

137 2721 264 2755 praecedit
282 2722 385 2749 vntum
399 2729 448 2757 pro
461 2731 553 2751 termo.
573 2723 660 2752 Ant-v.

111 2753 116 2765 ⁴
174 2755 201 2782 t.
220 2757 276 2798 ΑΙ.Ξ
292 2757 436 2790 ambutant,
449 2765 498 2794 pro
509 2758 666 2786 ambulabat.
687 2757 758 2785 Man.
802 2782 804 2789 ,

175 2789 202 2816 5.
217 2790 271 2824 At„
285 2791 450 2826 resonabunt,
465 2800 515 2828 pro
527 2794 703 2822 intumescent.
717 2793 792 2822 tm.

175 2822 246 2852 ibid.
261 2825 404 2859 rarus-ts,
419 2836 454 2856 aa
471 2836 512 2857 me
531 2837 584 2857 m
601 2828 731 2863 timebitis,
753 2832 807 2856 ete.
820 2825 850 2856 ln
863 2826 929 2856 Vut-

140 2862 200 2895 gata
213 2858 289 2888 deest
301 2865 358 2889 aut.
371 2861 458 2890 mv.

666 138 695 166 S.
716 136 841 166 tstnont
860 135 1081 165 tttsPALttNSts
1099 135 1250 165 EPlSCOPi

149 185 281 228 Juda,'ait
296 191 434 226 Dominus,
456 197 620 228 negaverunt
630 200 673 220 me
687 198 714 220 et
726 193 870 220 dixerunt:
883 192 942 220 Non
957 195 982 226 A
997 201 1007 218 t
1021 192 1189 226 Quaesierunt
1204 201 1257 227 me,
1279 194 1325 229 qui
1337 198 1416 222 antea
1430 201 1484 222 non
1503 194 1704 231 interrogabant
1715 217 1724 231 ,

995 244 1126 267 venerunt
1139 247 1192 274 me,
1206 240 1251 275 qui
1267 247 1319 267 non
1334 240 1512 275 inquisierunt
1528 249 1591 274 me;
1625 241 1700 270 dixi:
1728 260 1734 266 -
1748 257 1751 265 ι
1774 276 1776 278 v

995 291 1056 319 ego,
1072 292 1134 313 ecce
1147 293 1208 320 ego,
1224 286 1256 313 ad
1268 292 1386 321 gentem,
1400 294 1460 322 quae
1474 294 1527 314 non
1539 287 1681 317 invocabat
1691 297 1745 317 no
1758 294 1761 295 ⁷
1786 302 1789 306 -

995 325 1094 364 meum,
1116 332 1230 366 expandi
1253 340 1347 360 manus
1365 341 1438 361 meas
1465 338 1518 361 tota
1544 333 1588 362 die
1606 334 1640 362 ad
1662 337 1791 371 populg.

994 375 1161 404 incredulum
1175 386 1184 402 ι
1201 376 1277 412 (lsai.
1288 386 1349 411 nv,
1360 378 1436 414 t,2).
1452 379 1620 412 Quaesierunt
1632 381 1703 409 enim
1718 390 1753 411 nu
1777 379 1786 386 ⁸

995 425 1089 455 gentes
1104 429 1165 456 quae
1177 427 1238 450 aute
1253 431 1305 450 non
1316 423 1526 459 interrogabant,
1543 426 1604 460 quia
1619 426 1652 453 ad
1667 434 1741 463 eosp
1776 424 1779 425 ⁷

995 466 1082 501 phetae
1107 474 1161 494 non
1178 467 1332 501 veniebant,
1359 473 1386 496 et
1408 469 1584 504 invenerunt,
1607 472 1714 506 quando
1737 473 1765 500 i·
1786 482 1790 488 >

995 510 1132 539 Christum
1149 513 1351 541 nuntiaverunt.
1805 509 1807 516 ⁴

1032 557 1059 584 8.
1074 558 1143 591 Quid
1168 566 1234 586 vero
1253 559 1343 587 Judaea
1368 560 1456 595 plebs,
1480 561 1531 589 nisi
1554 563 1624 597 quod
1649 566 1790 599 sequitu

995 601 1118 638 Expandi
1130 612 1221 631 manus
1231 613 1300 632 meas
1311 610 1365 633 tota
1380 607 1421 633 die
1431 606 1467 634 ad
1477 607 1599 644 populum
1615 609 1749 639 ittcredulu
1776 622 1777 626 ¹

995 647 1030 675 Et
1051 649 1147 676 iterum
1167 650 1200 677 de
1223 652 1316 679 eadem
1336 654 1546 687 repromissione
1567 657 1704 691 gentium:
1730 666 1740 686 t
1764 661 1775 680 ἱ·
1805 647 1808 650 ’

995 701 1075 724 erunt
1088 698 1247 732 campestria
1272 699 1299 726 in
1318 700 1409 727 caulas
1425 709 1546 736 gregum,
1572 708 1600 731 et
1613 705 1688 732 vallis
1698 706 1773 734 Ach

995 741 1024 769 in
1037 742 1126 770 cubile
1138 749 1321 772 armentorum
1342 747 1440 780 populo
1456 755 1527 782 meo,
1543 749 1588 783 qui
1608 751 1787 785 requisierunt
1803 780 1809 792 ,
1827 743 1829 746 ¹

995 795 1047 821 me,
1074 789 1128 824 82
1149 795 1176 817 et
1200 797 1258 823 vos,
1284 791 1329 825 qui
1349 792 1496 827 reliquistis
1520 794 1616 829 Deum,
1642 804 1778 826 numer-n
1805 795 1807 802 ’
1828 803 1829 807 ’

993 840 1041 860 vos
1054 834 1153 869 gladio,
1176 839 1203 862 ct
1224 843 1317 863 omnes
1339 836 1366 864 in
1381 837 1454 865 caede
1469 840 1609 872 {corruetis
1631 841 1707 877 (lsai.
1724 851 1784 879 cxv,

1030 925 1057 953 9.
1078 926 1161 962 Cuius
1184 935 1249 963 ergo
1273 929 1362 964 populi
1383 934 1444 957 sunt
1468 930 1527 958 istae
1552 933 1827 974 πορποηιίεείοηοε,·ῥ

993 971 1044 999 nisi
1062 973 1199 1007 gentium,
1224 974 1269 1008 qui
1296 975 1477 1009 requisierunt
1503 977 1607 1004 Deum?
1631 978 1665 1006 de
1688 980 1779 1013 quibu

993 1019 1115 1052 superius
1129 1019 1166 1046 ait
1178 1028 1184 1046 :
1203 1020 1364 1052 Quaesierunt
1382 1030 1433 1054 nte,
1447 1023 1491 1056 qui
1504 1028 1562 1049 ante
1575 1032 1625 1051 non
1643 1025 1806 1062 ὑείαν-ομ·-

993 1064 1062 1090 bant.
1089 1065 1120 1091 Et
1133 1065 1178 1099 qui
1192 1070 1255 1092 sunt
1270 1067 1314 1100 qui
1327 1066 1494 1102 reliquerunt
1514 1068 1608 1102 Deum,
1630 1075 1658 1097 et
1675 1078 1803 1100 corrue-v·

991 1113 1054 1136 runt
1068 1109 1190 1142 incaede,
1212 1111 1264 1138 nisi
1279 1111 1431 1139 Judaeorum
1452 1114 1588 1148 populus?
1612 1115 1645 1142 dc
1665 1124 1717 1150 quo
1729 1117 1800 1152 jann

992 1157 1047 1183 ait:
1064 1156 1185 1191 Expandi
1209 1166 1299 1185 manus
1321 1167 1390 1186 meas
1411 1159 1445 1186 ad
1466 1162 1591 1195 poputum
1613 1162 1802 1197 incredulum-1¹

992 1202 1092 1229 Contra
1109 1204 1180 1230 hunc
1195 1209 1256 1230 sunt
1271 1209 1298 1231 et
1311 1212 1371 1239 quat
1386 1211 1551 1240 sequuntur:
1569 1206 1635 1234 Ecce
1653 1210 1716 1236 servi
1736 1201 1804 1239 mdff
1826 1208 1832 1236 i

991 1248 1134 1281 comedent,
1148 1253 1172 1275 et
1182 1256 1225 1275 vos
1245 1250 1371 1284 esurietis,
1395 1251 1466 1285 quia,
1486 1258 1611 1280 vescente
1626 1261 1693 1287 pane
1709 1245 1808 1285 verbi}
1827 1262 1832 1288 μ

991 1292 1038 1320 Dei
1061 1298 1155 1321 vocato
1176 1301 1208 1321 ex
1235 1295 1359 1330 gentibus
1382 1297 1491 1331 populo,
1508 1297 1599 1326 Judaea
1621 1300 1719 1328 arescit
1739 1300 1802 1337 ieor'
1827 1309 1832 1334 ι

987 1345 1063 1372 Juna.

1291 1388 1405 1417 CAPUT
1424 1390 1477 1417 Vll.

1025 1433 1064 1460 Ob
1083 1434 1287 1462 incredulitatem
1305 1435 1456 1463 Judoeorum
1471 1437 1587 1465 Christus
1605 1440 1639 1467 ad
1657 1445 1743 1474 qentea
1781 1440 1804 1450 ““

1177 1471 1184 1478 ’
1269 1476 1322 1497 erat
1343 1473 1507 1499 tramiturus.
1780 1485 1784 1498 e
1798 1484 1804 1486 ·

1025 1527 1049 1554 t.
1065 1527 1099 1553 Et
1113 1527 1173 1562 quia
1186 1527 1221 1554 ob
1245 1527 1459 1556 incredulitatem
1480 1529 1634 1558 Judteorum
1657 1532 1805 1564 Christusst‘*
1829 1530 1832 1557 Ι

949 1579 973 1610 C
988 1571 1107 1599 Judaeam
1121 1573 1268 1605 desereret,
1284 1574 1460 1610 transiretque
1474 1576 1506 1602 ad
1520 1581 1622 1610 gentes,
1646 1578 1801 1628 seremiaq
1830 1584 1832 1604 ι

986 1619 1116 1653 propheta
1142 1618 1318 1653 praedixerat,
1345 1620 1455 1648 dicens:
1487 1621 1570 1649 «Tibi
1592 1624 1800 1660 peccavimus,·;
1828 1625 1832 1651 t

985 1664 1149 1697 exspectatio
1163 1664 1256 1697 lsrael,
1271 1664 1391 1692 Salvator
1404 1666 1472 1699 ejus.
1486 1667 1574 1699 Quare
1582 1668 1651 1696 sicut
1665 1667 1805 1740 (ῖοῐοιιιηέι
1828 1680 1832 1707 Ι

984 1708 1090 1735 futurus
1104 1716 1133 1736 es
1148 1709 1174 1736 iu
1191 1713 1272 1742 terra,
1292 1714 1319 1736 et
1333 1711 1408 1744 quasi
1421 1711 1507 1739 viator
1518 1712 1656 1741 declinans
1667 1715 1701 1742 ad
1716 1714 1782 1743 mad
1828 1718 1832 1744 l

984 1754 1102 1781 nendum
1115 1755 1126 1781 ?
1140 1762 1221 1789 quare
1235 1754 1340 1782 futurus
1361 1763 1391 1783 es
1413 1758 1488 1791 quasi
1515 1759 1556 1786 vir
1574 1768 1656 1796 vagus
1679 1767 1705 1790 et
1729 1755 1805 1803 quii(

984 1807 1036 1827 non
1067 1804 1154 1834 potest
1176 1801 1272 1828 salvari
1289 1810 1299 1826 »
1324 1801 1430 1837 (Jerem.
1452 1811 1510 1838 xiv,
1535 1805 1586 1839 8)?
1607 1806 1675 1839 Quid
1701 1807 1795 1838 enimn⁵

983 1847 1010 1874 in
1032 1847 1082 1874 hac
1103 1848 1236 1875 sententia
1250 1848 1423 1883 intelligitur,
1445 1850 1495 1877 nisi
1515 1852 1575 1886 quia
1592 1853 1699 1881 videbat
1716 1856 1802 1890 pro-⁴5

983 1894 1063 1929 pheta
1085 1896 1111 1922 in
1137 1894 1232 1929 spiritu
1258 1896 1329 1930 quod
1348 1896 1458 1923 veniens
1483 1896 1605 1925 Christus
1631 1899 1775 1930 relictui-tt}
1792 1895 1794 1898 ’
1829 1906 1831 1909 “

982 1945 1055 1968 esset
1067 1940 1199 1973 Judaeam,
1215 1945 1242 1968 et
1256 1941 1306 1968 iret
1319 1949 1365 1976 per
1380 1942 1458 1969 tidem
1474 1942 1499 1969 in
1514 1944 1658 1978 gentibus?
1673 1945 1778 1974 Idcirco·
1786 1944 1801 1980 f:

982 1987 1087 2015 dicebat
1111 1995 1119 2014 z
1143 1987 1228 2020 Quare
1247 1987 1313 2014 sicat
1335 1988 1439 2015 colonus
1458 1989 1560 2022 suturae
1574 1997 1599 2016 es
1619 1990 1645 2017 in
1658 1995 1735 2025 terra,
1749 1990 1807 2022 ωδε,

982 2034 1055 2069 quasi
1074 2033 1156 2060 viator
1174 2033 1306 2061 declinans
1328 2034 1362 2060 ad
1376 2034 1552 2061 manendum?
1576 2034 1632 2063 Hoc
1650 2041 1707 2070 est,
1727 2030 1807 2066 vok*
1828 2049 1832 2069 i

983 2080 1046 2107 nisti
1065 2080 1092 2106 in
1116 2084 1212 2107 terram
1225 2100 1233 2114 ,
1263 2080 1317 2107 cito
1336 2088 1491 2107 recessurus
1509 2088 1524 2107 a
1543 2081 1652 2109 Judaeis.
1770 2084 1801 2111 Ξῖ
1829 2087 1832 2115 i

1017 2126 1046 2153 2.
1060 2126 1136 2154 Sicut
1149 2131 1177 2154 et
1187 2126 1250 2153 alibi
1262 2134 1294 2154 ex
1312 2134 1424 2161 persona
1439 2127 1543 2154 Domini
1557 2128 1626 2155 idem
1642 2128 1783 2163 prophetat
1829 2141 1832 2160 4

983 2172 1064 2200 dicit:
1093 2182 1102 2198 ι
1117 2172 1182 2206 Quis
1204 2173 1277 2200 dabit
1294 2173 1358 2199 mihi
1382 2173 1408 2199 in
1433 2173 1575 2200 solitudine
1597 2173 1776 2204 diversoriu

982 2218 1113 2246 viatorum
1127 2219 1139 2245 t
1157 2222 1184 2245 et
1198 2218 1381 2252 derelinquam
1396 2219 1520 2252 populum
1535 2226 1636 2252 meum,
1651 2225 1678 2247 et
1699 2228 1752 2248 rec·
1774 2248 1775 2252 ,
1796 2215 1800 2218 ’

981 2309 1139 2343 ricatorum,
1155 2313 1182 2335 et
1196 2307 1344 2335 extendunt
1357 2308 1475 2342 lingnam
1489 2315 1576 2342 suam,
1593 2304 1669 2344 quasi
1682 2317 1746 2341 arcu
1755 2324 1765 2333 ν

982 2353 1126 2386 mendacii,
1139 2357 1167 2380 et
1176 2359 1230 2379 non
1243 2352 1361 2379 veritatis
1376 2361 1387 2378 »
1404 2351 1514 2386 (leram.
1528 2360 1565 2386 tx,
1575 2353 1615 2389 Ξ).
1629 2354 1688 2382 Vox
1701 2355 1744 2383 eni
1754 2368 1768 2387 χ

982 2398 1034 2425 ista
1049 2397 1150 2425 Christi
1167 2401 1219 2430 est,
1243 2397 1288 2431 qui
1306 2396 1334 2423 in
1352 2396 1498 2425 solitudine
1511 2398 1629 2432 gentium
1653 2399 1713 2427 dive
1750 2412 1753 2422 ι

982 2443 1062 2477 rium,
1078 2443 1104 2470 id
1120 2447 1172 2475 est,
1193 2442 1341 2470 Ecclesiam
1355 2443 1502 2478 constituit,
1523 2443 1551 2471 in
1566 2451 1618 2478 qua
1631 2452 1717 2474 conve
1751 2464 1754 2468 ›
1802 2472 1804 2479 ,

983 2493 1079 2517 rentur
1101 2492 1232 2522 errantes,
1253 2488 1442 2524 derelinquens
1463 2482 1591 2524 populum
1609 2490 1702 2518 tudaeo
1743 2511 1744 2514 η
1768 2483 1770 2485 ’

983 2534 1085 2568 Quibus
1103 2541 1152 2569 per
1172 2533 1328 2562 Malachiam
1350 2534 1434 2563 dicit:
1457 2545 1467 2562 ι
1481 2535 1540 2564 Non
1554 2541 1595 2565 est
1615 2537 1685 2565 ultra
1709 2537 1744 2568 mi
1778 2547 1783 2583 2

983 2581 1108 2608 voluntas
1121 2580 1148 2608 in
1160 2580 1246 2613 vobis,
1261 2580 1326 2608 dicit
1345 2581 1474 2610 Dominus
1487 2582 1661 2616 exercituum.
1674 2589 1702 2612 et
1778 2591 1781 2616 5

982 2634 1032 2655 nus
1045 2634 1101 2655 non
1124 2626 1268 2662 suscipiam
1285 2627 1319 2655 de
1333 2634 1415 2656 manu
1435 2631 1547 2662 vestra;
1571 2627 1607 2655 ab
1621 2633 1683 2656 orm
1708 2640 1737 2652 „1
1779 2635 1781 2638 ’

983 2683 1046 2747 nti.
1076 2682 1132 2717 At„
1147 2686 1183 2710 est
1198 2682 1384 2716 justitiam,
1400 2690 1450 2718 pro
1467 2683 1518 2719 sod
1531 2683 1660 2719 Mittam
1702 2702 1704 2705 ι
1732 2689 1745 2692 ’·
1779 2678 1781 2699 ‘¹

1011 2727 1106 2782 A9¹Z‘At.
1133 2757 1261 2788 corruent,
1279 2760 1329 2789 pro
1349 2757 1512 2782 emanant.
1534 2753 1570 2782 Et
1584 2754 1720 2792 Manias

978 2791 1082 2826 jejuna.
1096 2773 1169 2818 fin.
1730 2798 1734 2804 ’

982 2825 1150 2888 „2³1OE
1170 2824 1206 2854 n.
1228 2823 1256 2853 t.
1281 2822 1343 2860 At..
1366 2823 1432 2854 nm
1449 2821 1599 2855 namet
1613 2815 1705 2861 m
