1832 3016
76 161 146 191 1009

299 215 350 250 52
368 211 481 240 CAPUT
495 210 636 238 xxxviii.

219 262 256 290 De
267 260 345 296 signis
358 257 512 293 tempestatis
521 256 560 284 vet
572 256 724 284 serenitatis.

110 310 137 337 t.
162 309 317 343 Tempestas
328 305 404 332 turbo
410 307 450 331 est
458 303 542 330 divini
549 302 652 337 judicii,
662 302 731 329 sicut
739 301 868 336 propbeta

74 357 110 384 ait
127 365 133 382 ι
148 355 215 382 Deus
224 354 251 381 in
262 355 414 386 tempestate,
425 354 448 376 et
463 350 562 377 turbine
574 350 619 376 viae
629 350 685 384 ejus
701 349 829 384 (Nahum.
847 356 866 382 1,

74 402 113 436 3).
130 401 262 430 serenitas
276 401 362 424 autem
375 396 499 431 gaudium
515 399 555 423 est
566 395 632 422 tucis
646 399 765 422 aeternae.
787 394 867 429 Signa

74 451 161 474 autem
191 446 375 478 tempestatum
409 440 595 476 navigantibus
634 439 806 474 Tranquillus
838 439 865 466 in

75 492 158 520 Pratis
176 490 214 517 sic
233 489 318 516 dicit:
341 487 451 515 Mutatio
479 486 634 522 tempestatis
652 485 811 519 expectanda
830 490 867 512 est

72 540 98 566 in
118 537 249 572 asperius,
263 544 321 563 cum
341 536 367 562 in
391 539 515 562 nocturna
527 533 685 568 nauiqatione
699 532 821 560 scintillat
833 533 867 560 ad

71 592 168 616 remos,
184 587 206 610 et
225 583 259 608 ad
272 581 443 618 gubernacula
457 589 534 613 aqua.
550 579 581 606 1η
595 579 715 606 Austrum
731 579 797 606 venti
810 586 867 606 mu-

71 633 133 659 tatio
148 635 194 665 est,
211 638 268 657 cum
283 629 421 663 lulligines,
438 628 617 654 hirundinesve
631 626 726 659 votam,
748 630 791 652 aut
809 634 866 653 cum

71 679 186 713 delphini
201 682 264 704 totos
286 684 312 703 se
331 675 436 702 saltibus
451 675 600 706 ostendunt,
620 678 644 700 et
663 673 752 700 caudis
773 681 866 707 aquam

71 725 176 761 feriunt.
206 724 274 750 Nam
284 730 381 756 semper
396 721 454 749 inde
465 726 551 748 ventus
566 721 647 748 oritur
662 729 711 755 quo
727 721 766 746 illi
781 721 866 754 serun-

71 777 122 799 tur.
138 771 191 799 Nec
205 772 297 798 mirum
309 775 344 797 est
356 774 423 796 muta
436 763 684 796 animatia'divinare
694 768 739 794 sub
754 767 863 802 qurqite.

70 819 179 854 Semper
194 819 259 845 enim
274 817 417 852 incipientis
436 824 506 843 auroe
518 820 587 842 motu
602 822 676 850 aquoe
688 814 878 862 inclinantur,¹

69 874 143 900 quam
156 865 364 900 permutationem
380 864 458 890 maris
472 863 548 897 primi
563 863 690 889 undarum
704 861 794 888 incolte
808 869 865 887 sen-

69 912 143 939 tiunt.
160 910 251 945 Itaque
263 913 365 945 propter
383 909 503 944 impetum
517 911 641 943 puqnmzt,
663 908 714 934 sive
735 911 814 940 metu,
835 914 866 934 ne
881 907 904 938 B
919 923 982 956 lum,

69 959 217 994 deferantur
230 959 255 984 in
265 958 367 990 littora;
379 957 429 984 sive
437 960 540 988 natura,
555 963 586 982 ne
600 962 745 982 aversorum
757 954 864 981 cervices

68 1007 137 1033 unda
151 1005 299 1041 proecipitet.
318 1004 385 1036 Quid
399 1004 479 1038 erqo?
495 1002 617 1036 Delphini
629 1006 731 1028 tantum
746 1000 812 1026 hanc
825 1000 865 1027 iu-

64 1053 165 1088 juriam
176 1052 283 1078 timent?
296 1050 352 1077 Imo
367 1054 390 1076 et
401 1049 483 1076 coeteri
495 1049 586 1083 pisces.
601 1047 654 1075 Sed
668 1047 694 1073 Ιιὶ
706 1051 803 1073 tantum
815 1054 864 1079 ap-

68 1102 167 1132 parent,
178 1098 237 1132 quia
247 1096 377 1123 exsiliunt.

103 1143 128 1170 ⁹2.
145 1143 209 1170 Item
224 1142 306 1169 Varro
321 1141 386 1168 dicit
397 1141 500 1176 signum
517 1147 577 1167 esse
597 1139 776 1173 tempestatis,
801 1139 863 1166 dum

67 1189 100 1216 de
121 1194 195 1223 parte
211 1188 352 1223 Aquilonis
374 1187 505 1222 fulgurat,
527 1191 555 1214 et
574 1187 636 1214 dum
653 1187 686 1214 de
708 1191 782 1221 parte
802 1186 864 1213 Euri

71 1236 183 1262 intonat.
199 1235 318 1269 Nigidius
329 1241 435 1269 quoque
445 1235 495 1260 ait:
506 1233 579 1260 Luna
590 1234 611 1260 si
621 1241 719 1260 summo
730 1232 863 1259 corniculo

67 1281 180 1308 attitulas
191 1281 277 1316 uiqras
293 1281 408 1306 habuerit
423 1281 449 1306 in
463 1280 552 1314 primis
565 1279 677 1313 partibus
693 1278 797 1310 mensis,
813 1278 862 1303 im·

67 1328 121 1354 tres
135 1330 208 1362 [areg
224 1329 245 1354 si
259 1329 285 1354 in
301 1328 394 1360 medio,
416 1331 475 1353 tunc
493 1335 550 1353 cum
566 1327 639 1361 plena
655 1327 706 1353 sint
721 1327 747 1352 in
764 1334 791 1352 ea
805 1333 861 1352 cor-

67 1375 152 1400 nicula
162 1395 168 1406 ,
184 1375 352 1401 serenitatem.
371 1373 442 1400 Certe
457 1373 479 1399 si
494 1374 576 1404 rubet,
593 1374 667 1407 quasi
681 1381 784 1404 aurum,
801 1380 862 1399 ven-

67 1424 105 1446 tos
122 1415 243 1447 ostendit.
261 1418 305 1446 Fit
317 1420 383 1446 enim
399 1423 486 1445 ventus
501 1427 532 1445 ex
546 1419 611 1445 aeris
627 1419 763 1451 densitate,
781 1419 863 1445 densi-

66 1469 116 1492 tate
126 1465 244 1497 obducta,
259 1465 298 1491 sol
312 1470 335 1492 et
348 1465 410 1491 tuna
422 1465 567 1491 rubescunt.
580 1463 646 1491 Item
660 1465 681 1491 si
697 1473 793 1491 cornua
807 1465 862 1500 ejus

66 1515 130 1538 tecta
150 1512 245 1546 suerint
260 1511 364 1545 nebula,
382 1516 517 1545 tempestas
533 1513 621 1547 sutura
635 1516 683 1539 est.

103 1558 155 1593 53
169 1558 196 1585 5.
209 1559 303 1585 Aratus
314 1562 396 1584 autem
407 1558 485 1591 dicit,
498 1559 519 1584 si
527 1558 692 1593 Aquiloniam
703 1566 782 1585 cornu
794 1559 862 1586 lunoe

662 152 705 182 DE
726 153 865 181 NATURA
887 153 1006 182 RERUM
1028 152 1135 182 LtBER.

1647 155 1716 186 ¹0¹0

996 222 1038 246 Sin
1050 225 1105 247 ortu
1118 222 1142 246 in
1153 226 1249 253 quarto,
1260 228 1366 253 namque
1379 223 1400 248 is
1411 224 1561 249 eei-tissimus
1572 225 1665 249 auctor.

998 252 1071 277 Plura
1084 259 1166 284 neque
1183 254 1276 278 obtusis
1288 260 1332 284 per
1343 254 1431 279 eoelum
1443 255 1559 280 eoi-nibus
1570 256 1624 281 ibit.

998 284 1074 308 Totus
1086 287 1112 308 et
1129 284 1170 309 ille
1188 285 1255 315 dies,
1269 288 1294 310 et
1322 286 1346 310 ui
1358 290 1490 310 nascentur
1502 287 1532 311 ab
1545 285 1593 312 illis

998 315 1114 339 Exactum
1125 315 1154 339 ad
1165 322 1277 340 mensem
1293 323 1308 347 p
1318 317 1383 346 uria,
1397 318 1526 348 ventisque
1538 317 1669 342 carebunt.

954 367 982 394 4.
995 367 1060 394 Item
1070 369 1138 395 idem
1155 369 1277 404 Virgilius
1289 369 1403 397 dicittsi
1411 370 1451 396 sol
1461 371 1487 396 in
1499 375 1558 396 ortu
1571 379 1617 397 suo
1627 378 1716 398 macu-

919 413 987 440 losus
1007 414 1039 440 sit
1049 433 1057 446 ,
1069 418 1145 448 atque
1159 415 1205 441 sub
1224 415 1291 441 nulte
1311 416 1407 449 latens,
1428 420 1473 442 aut
1488 416 1511 442 si
1525 417 1631 443 dimidia
1646 423 1719 452 parte

918 459 1075 494 apparuerit,
1090 459 1182 485 imbres
1194 460 1304 494 futuros.
1319 459 1333 486 1
1336 465 1386 486 tem
1401 459 1483 486 Varro
1493 460 1529 486 ait
1541 468 1550 486 :
1562 460 1592 488 Si
1602 463 1718 489 exoriens

918 512 1042 530 concavus
1057 504 1197 537 videbitur,
1214 505 1250 530 ita
1265 508 1293 531 ut
1311 505 1338 531 in
1357 505 1441 531 medio
1457 505 1571 539 sulpeum
1593 509 1616 532 et
1630 507 1717 533 radios

918 550 997 584 saciat
1010 550 1103 584 partim
1118 549 1152 576 ad
1167 549 1304 584 Austrum,
1317 550 1412 585 partim
1427 550 1460 576 ad
1476 550 1643 586 Aquilonem,
1656 556 1718 578 tem-

917 602 1039 633 pestatem
1055 597 1186 623 humidam
1200 602 1223 624 et
1235 601 1378 624 ventosam.

955 645 979 670 fi.
995 644 1060 672 Item
1071 645 1149 676 idem,
1158 644 1188 672 Si
1200 645 1248 678 sol,
1257 645 1351 680 inquit,
1360 645 1483 672 rubentia
1492 653 1593 679 occasu,
1603 647 1719 673 sincerus

917 693 970 727 sere
981 690 1035 717 dies
1045 691 1110 717 erit:
1120 691 1142 717 si
1152 691 1258 724 palleat,
1272 695 1430 726 tempestates
1444 691 1585 726 siqnilicat.
1599 692 1719 727 Nigidius

918 744 1024 772 quoque
1038 745 1045 764 :
1060 736 1090 764 Si
1105 736 1231 771 pallidus,
1247 737 1343 772 inquit,
1362 738 1401 764 sol
1417 738 1442 764 in
1460 738 1548 772 nigras
1560 739 1638 765 nubes
1649 740 1717 764 occi-

918 783 980 815 dat,
1001 782 1154 817 Aquilonem
1177 787 1276 809 rentum
1296 783 1435 817 siqnificat.
1463 783 1528 810 item
1547 783 1675 810 Dominus
1692 785 1716 810 in

918 829 1063 863 Evangelio
1075 838 1080 855 :
1098 828 1127 856 Si
1138 829 1216 864 sacto,
1230 828 1326 864 inquit,
1339 837 1444 865 vespere
1455 829 1624 856 rubicundum
1643 831 1718 864 suerit

918 875 1019 908 coelum,
1033 883 1109 902 mane
1128 884 1244 902 serenum
1259 876 1316 902 erit.
1334 876 1365 903 Si
1383 884 1458 903 mane
1476 876 1565 902 rutilat
1586 877 1656 902 triste
1670 884 1719 903 coe·

996 927 1131 958 tempestas
1149 923 1238 958 [utura
1249 923 1309 956 erit,
1325 927 1350 949 et
1364 931 1423 950 cum
1436 924 1528 950 Auster
1541 928 1628 951 ventus
1641 923 1718 962 slave-

917 969 960 1001 rit,
975 973 1051 996 (estus
1065 969 1123 996 erit.

1189 1015 1303 1044 CAPUT
1319 1015 1439 1043 XXth.

1210 1060 1249 1087 De
1267 1062 1423 1096 pestilentia.

953 1107 980 1133 1.
995 1105 1153 1134 Pestilentia
1170 1110 1211 1133 est
1225 1106 1335 1133 morbus
1347 1106 1400 1133 late
1416 1113 1527 1140 vagans,
1542 1110 1569 1134 et
1588 1108 1713 1143 contagio

916 1159 975 1186 suo,
993 1160 1105 1188 quaeque
1120 1152 1252 1187 tetigerit,
1268 1152 1399 1186 polluens.
1418 1152 1480 1179 ilaec
1495 1153 1566 1179 enim
1582 1154 1713 1188 :egritudo

916 1199 1066 1226 nonhabet
1089 1199 1203 1233 spatium
1230 1200 1357 1233 temporis
1381 1207 1434 1233 quo
1460 1203 1506 1226 aut
1522 1200 1574 1226 vita
1590 1205 1713 1234 speretur

916 1249 961 1271 aut
985 1252 1067 1278 mors,
1083 1245 1130 1272 sed
1147 1245 1302 1279 repentinus
1326 1245 1438 1279 languor
1452 1245 1532 1272 simul
1547 1254 1608 1272 curn
1627 1251 1714 1274 morte

916 1291 997 1318 venit.
1025 1291 1089 1324 Quae
1099 1291 1134 1317 sit
1148 1298 1212 1318 vero
1226 1298 1305 1318 eausa
1322 1291 1401 1326 huius
1416 1292 1573 1326 pestitentire
1587 1292 1641 1328 54
1655 1293 1714 1328 qoi-

916 1336 975 1363 dam
992 1336 1118 1363 dixerunt
1135 1345 1141 1363 z
1161 1336 1270 1369 Quando
1282 1345 1328 1371 pro
1344 1337 1454 1371 peccatis
1468 1338 1601 1364 hominum
1623 1338 1713 1373 playa,

915 1387 938 1409 et
951 1383 1079 1416 correptio
1090 1382 1163 1408 terris
1177 1382 1300 1416 injicitur,
1311 1386 1371 1409 tunc
1384 1384 1473 1418 aliqua
1487 1391 1518 1410 ex
1530 1392 1619 1416 causa,
1630 1385 1656 1410 id
1667 1391 1716 1418 est,

914 1433 958 1454 aut
972 1428 1105 1459 siccitatis,
1120 1432 1165 1454 aut
1188 1427 1281 1454 caloris
1297 1428 1330 1460 vi,
1345 1433 1388 1454 aut
1415 1428 1561 1463 pluviarum
1585 1429 1712 1464 intempe-

912 1474 997 1500 rantia
1013 1481 1057 1500 aer
1073 1474 1256 1506 corrumpitur.
1269 1472 1376 1508 Sicque,
1391 1474 1519 1500 naturalis
1533 1474 1633 1500 ordinis
1653 1482 1710 1509 per-

914 1522 1016 1548 turbata
1037 1519 1167 1553 temperie,
1180 1519 1334 1553 inficiuntur
1347 1519 1482 1551 elementa,
1498 1523 1522 1546 et
1537 1520 1566 1554 fit
1581 1521 1713 1555 corruptio

915 1570 989 1599 aeris,
1007 1571 1030 1594 et
1046 1575 1110 1593 aura
1133 1566 1272 1600 pestilens,
1288 1570 1312 1593 et
1328 1566 1410 1592 oritur
1432 1567 1568 1600 pernicies,
1582 1572 1605 1593 et
1627 1575 1717 1593 corru-

66 1605 97 1631 sit
112 1605 258 1638 correctius,
271 1605 423 1640 Aquilonem
435 1605 576 1632 imminere.
596 1605 661 1631 Item
679 1606 701 1632 si
713 1613 793 1632 cornu
807 1606 862 1632 Au·
877 1602 900 1634 C
916 1615 991 1649 ptglae
1006 1614 1095 1639 vitium
1108 1613 1135 1639 ἱη
1147 1613 1272 1645 homines,
1289 1615 1312 1638 et
1327 1615 1421 1638 coetera
1432 1612 1586 1639 animantia.
1603 1611 1679 1640 Unde
1690 1616 1717 1640 et

65 1652 142 1678 strate
157 1652 188 1678 sit
211 1653 330 1686 erectius,
357 1653 456 1679 Notum
484 1653 626 1679 imminere.
654 1652 753 1685 Quarta
775 1657 861 1680 aulem

66 1698 126 1724 luna
138 1700 282 1733 suturarum
296 1699 373 1725 indes:
386 1699 526 1726 certissima
540 1698 647 1725 habetur
658 1706 791 1725 aurarum.
806 1697 828 1725 U
830 1706 861 1725 rt-

67 1743 98 1770 de
110 1748 132 1770 et
150 1743 272 1777 Virgilius
287 1743 368 1771 dicit:

145 1812 208 1837 Solis
220 1813 250 1837 ab
262 1819 347 1837 occasu
362 1813 465 1844 Zephyri
483 1814 541 1838 tuba
558 1814 632 1838 norea
646 1817 738 1844 servat,

145 1844 180 1868 Ex
194 1843 253 1868 itata
266 1851 355 1868 nomen
366 1845 404 1868 eui
418 1844 491 1868 fixum
505 1848 542 1868 est
554 1851 613 1869 voce
626 1844 725 1868 Favoni.

143 1874 207 1899 lluie
219 1875 331 1899 dextram
346 1876 423 1906 tangit
434 1875 513 1899 dictus
525 1876 570 1906 lips
584 1875 670 1900 Attide
683 1875 764 1906 lingua
777 1883 782 1900 t

145 1906 238 1930 Africus
251 1906 289 1930 bic
302 1907 396 1937 propria
412 1908 513 1930 veniens
525 1907 628 1937 regione
643 1910 749 1931 vocatur.

145 1937 176 1961 At
187 1941 212 1961 tu
226 1936 286 1961 Cot-e
300 1937 383 1961 tremis
394 1937 499 1968 Zephyri
510 1938 542 1961 de
556 1942 624 1968 parte
637 1939 735 1962 sinistra
746 1945 751 1961 :

144 1968 267 1998 Argesten
284 1967 355 1992 Graio
369 1969 502 1992 vocitarunt
518 1974 563 1992 ore
575 1968 701 1993 eamoenae.

104 2009 171 2036 Ibid.
189 2010 303 2037 Griaiius
319 2011 345 2037 in
358 2015 430 2037 textu
446 2010 597 2043 Thi-acidas,
614 2011 640 2038 in
657 2016 711 2037 not.
730 2009 861 2038 Iracidas.

68 2045 136 2079 Quid
159 2046 326 2072 sentiendum
351 2046 386 2072 sit
404 2046 437 2072 de
459 2046 582 2073 versibus
602 2046 635 2074 de
660 2046 763 2078 ventis,
795 2054 862 2081 quos

69 2081 183 2107 Grialius
196 2080 222 2106 in
238 2086 294 2108 not.
312 2081 439 2116 proferat,
453 2081 508 2108 dixi
522 2082 547 2108 in
564 2081 728 2114 isidorianis,
739 2089 799 2116 cup.
815 2081 859 2114 76,

70 2124 97 2142 n.
115 2116 149 2142 20
168 2121 194 2142 et
215 2115 261 2143 21.
276 2116 351 2143 Nunc
366 2117 452 2143 varias
469 2117 597 2144 lectiones
616 2117 748 2144 exhibebo
763 2124 795 2144 ex
810 2116 861 2143 Co-

69 2151 127 2178 dice
143 2151 270 2178 vaticano
284 2151 465 2178 ottoboniano
479 2153 506 2184 6,
520 2159 547 2185 p.
562 2152 608 2184 25,
626 2152 670 2179 ubi
686 2153 791 2179 rubrica
808 2157 859 2185 est,

69 2193 155 2213 versus
170 2191 317 2219 ventorum,
333 2191 359 2214 et.
377 2194 409 2213 ex
434 2186 556 2214 Albanio.
574 2187 649 2214 Vers.
663 2189 687 2219 t,
711 2187 798 2214 limine
815 2195 861 2222 pro

70 2222 157 2248 limite.
172 2221 204 2248 V.
221 2221 248 2253 4,
262 2221 330 2248 altus
345 2229 392 2255 pro
403 2222 464 2249 alto.
479 2222 510 2250 V.
524 2223 540 2248 5
557 2231 562 2248 :
578 2221 647 2248 Huic
661 2228 747 2249 nostra
771 2231 860 2249 nomen

70 2256 156 2292 linqua
171 2257 316 2291 Septentrio
337 2258 415 2291 fixit5
431 2257 457 2283 in
473 2257 614 2293 Bignmna
636 2258 759 2285 Editione
774 2259 859 2292 finxit,

71 2300 116 2324 pr«.
127 2292 195 2326 fiiit,
208 2297 286 2327 atque
301 2293 336 2319 ita
351 2293 431 2319 etiarn
448 2293 568 2320 nonnulli
584 2293 647 2320 Mss.
662 2293 771 2320 liabent.
788 2294 818 2321 V.
831 2295 858 2325 ⁶.

70 2327 138 2353 ltuuc
149 2327 249 2360 dextro,
263 2328 305 2355 vel
326 2328 384 2354 huic
398 2328 498 2361 dextra,
516 2335 563 2362 pro
579 2329 638 2354 huic
653 2328 751 2356 dexter.
766 2328 799 2356 V.
815 2329 859 2362 to,

69 2363 153 2388 medio
175 2363 220 2396 [lat
239 2367 322 2390 rectus
338 2370 387 2397 pro
406 2365 454 2398 flat
471 2367 555 2390 rectus
574 2363 645 2390 sotis.
665 2364 695 2391 V.
713 2365 761 2398 15,
776 2364 860 2392 littera

70 2398 153 2431 siquae
167 2405 214 2430 pro
225 2397 309 2424 littora
320 2399 429 2434 siquam.
444 2399 475 2428 V.
489 2399 522 2426 ¹4
538 2408 544 2425 z

163 2442 281 2467 Nubifero
291 2443 350 2468 natu
361 2445 444 2469 ltetum
456 2444 518 2470 tatus
530 2446 617 2476 irrigat
627 2445 717 2471 Eurus.

917 1659 1043 1695 Virgilius
1060 1667 1066 1685 :

1008 1714 1126 1745 Corrupto
1145 1714 1200 1739 coeli
1218 1716 1298 1738 tractu
1311 1713 1500 1745 miserandaque
1511 1714 1589 1744 veuit,

1008 1746 1191 1776 Arboribusque
1206 1746 1315 1776 satisque
1329 1744 1393 1769 lues.

950 1811 1019 1839 Ibicl.
1035 1811 1158 1847 Nigidius
1169 1819 1302 1846 quoque...
1315 1810 1446 1837 carebunt.
1459 1809 1546 1838 Verba
1557 1815 1620 1838 sunt
1629 1811 1714 1838 inter-

914 1848 997 1882 pretis
1013 1847 1099 1881 Arati,
1114 1854 1129 1874 e
1141 1854 1194 1881 quo
1205 1851 1267 1873 sunt
1280 1846 1363 1873 multa
1381 1847 1514 1878 restituta,
1528 1854 1590 1873 nam
1604 1849 1714 1874 mendo—

913 1883 1019 1910 sissima
1042 1883 1068 1909 in
1094 1882 1218 1909 omnibus
1242 1882 1316 1909 tibris
1342 1887 1431 1908 erant.
1447 1881 1500 1909 Sed
1526 1883 1619 1909 eadem
1634 1884 1713 1917 longe

914 1918 1065 1953 elegantius
1080 1917 1153 1944 Maro
1167 1926 1173 1944 z

1005 1976 1072 2000 Luna
1083 1979 1241 2001 revertentes
1252 1982 1305 2000 cum
1319 1969 1423 2007 primum
1435 1975 1531 2007 colligit
1548 1974 1634 2008 ignes,

1008 2007 1033 2031 Si
1046 2008 1143 2038 nigrum
1155 2007 1259 2032 obscuro
1262 2025 1310 2033 .....

949 2048 1018 2075 Ibitl.
1038 2048 1068 2076 Si
1091 2057 1188 2076 cornua
1208 2051 1263 2085 ejus
1282 2053 1347 2076 tecta
1362 2049 1458 2087 suerint
1473 2049 1568 2076 nebula
1601 2049 1639 2076 ita
1661 2049 1713 2077 MS.

914 2084 957 2114 0.,
973 2089 1037 2111 tetra
1052 2084 1164 2118 suerint,
1181 2085 1252 2119 apud
1267 2085 1341 2112 Arati
1352 2085 1535 2119 interpretem.

950 2120 1020 2146 ibid.
1036 2119 1139 2146 Futura
1153 2124 1201 2147 est.
1216 2120 1268 2147 Atii
1283 2120 1396 2152 ad'dunt,
1412 2124 1436 2147 et
1450 2128 1508 2146 curn
1520 2121 1612 2147 Auster
1623 2126 1712 2148 uentus

913 2155 1024 2190 flaverit,
1039 2160 1115 2183 aestus
1130 2157 1194 2189 erit,·
1208 2155 1278 2190 quod
1293 2155 1339 2182 alii
1356 2156 1381 2182 111
1398 2154 1451 2183 line
1465 2156 1559 2190 capitis
1573 2156 1710 2184 exhibent.

914 2193 999 2218 Anev.

949 2226 974 2253 5.
992 2227 1022 2253 Si
1037 2226 1201 2262 Aquilonium
1217 2235 1297 2254 cornu
1311 2227 1379 2254 lunoe
1392 2227 1426 2254 sit
1440 2227 1590 2259 correctius,
1606 2227 1713 2258 Aquilo-

913 2269 969 2288 nem
987 2262 1129 2290 imminere.
1145 2262 1214 2290 Item
1235 2263 1257 2289 si
1270 2271 1350 2290 cornu
1371 2263 1490 2290 Australe
1501 2263 1533 2288 sit
1548 2267 1656 2289 erectus.
1674 2263 1713 2290 lta

912 2301 1066 2324 constanter
1082 2305 1175 2325 omnes
1190 2299 1268 2331 libri,
1295 2303 1322 2326 et
1345 2299 1415 2332 apud
1435 2297 1510 2325 Arati
1531 2299 1643 2331 interpr.
1659 2298 1714 2324 Cur

912 2337 999 2360 autem
1016 2333 1090 2366 luna,
1106 2334 1148 2361 vel
1164 2338 1264 2367 erecta,
1282 2334 1323 2361 vel
1345 2341 1426 2367 prona
1444 2333 1527 2359 videri
1543 2333 1639 2364 soleat,
1655 2333 1711 2360 vid.

913 2368 989 2400 neit„
1005 2376 1064 2402 cap.
1079 2369 1124 2400 24,
1139 2369 1185 2396 lib.
1197 2370 1230 2396 de
1245 2369 1304 2396 Nat.
1321 2368 1384 2395 Rer.
1400 2368 1471 2394 Edit.
1487 2367 1514 2393 2.

913 2439 934 2467 Α
948 2403 1017 2431 Ibid.
1031 2404 1131 2432 Versus
1142 2404 1244 2439 Virgilii
1257 2407 1320 2431 sunt
1333 2403 1387 2430 452
1397 2407 1425 2430 et
1438 2410 1513 2437 seqq.
1525 2401 1572 2429 lib.
1587 2409 1596 2429 1
1608 2402 1708 2440 Georss.

938 2448 1000 2468 nav.

72 2482 105 2510 V.
121 2482 167 2515 20,
180 2482 328 2510 adnominat
343 2492 392 2519 pro
405 2485 559 2514 adtaminat.
575 2486 606 2514 V.
621 2485 667 2521 25,
688 2487 749 2514 huic
770 2487 860 2515 dextra
874 2467 901 2498 D
949 2477 976 2502 ⁴·
992 2476 1023 2503 εἰ
1033 2476 1072 2502 ὀι
1086 2477 1112 2502 fn
1124 2479 1181 2502 ”m
1192 2483 1238 2502 ‘¹⁴⁰
1249 2473 1427 2501 ''‘“⁶“¹⁰⁵¹⁴⁸'··
1442 2476 1614 2508 “mi’‘”aoem
1629 2474 1711 2510 ‘iffi‘

71 2518 163 2553 ηιιιςίι,
178 2525 226 2552 pro
237 2518 296 2544 huic
307 2519 422 2547 dextram
435 2521 524 2556 tanyit.
542 2523 628 2549 Aur.

106 2555 172 2580 cn.
198 2559 307 2580 xxxviii.
327 2569 363 2574 --
383 2555 416 2583 N.
439 2555 465 2583 1.
487 2555 653 2592 Tranquillus
670 2557 696 2584 in
721 2559 803 2592 pratis
824 2559 863 2586 sic

72 2589 151 2629 dj'ss'li
162 2587 209 2622 al.‚
225 2589 370 2623 tranquillis
382 2593 410 2616 in
419 2591 517 2626 parfia,-
532 2591 567 2618 al.
582 2591 739 2628 Tranquillis
763 2595 788 2621 in
801 2602 863 2630 pra-

72 2627 122 2663 tus,·
145 2623 193 2656 al„
217 2621 383 2663 franquillus
400 2625 427 2651 in
447 2630 541 2659 partes.
563 2627 690 2662 Legerem
711 2628 862 2664 Tranquillo

71 2666 98 2685 sn
119 2663 195 2693 portu
208 2665 244 2684 sm
258 2659 356 2691 discen
378 2660 428 2687 nisi
443 2659 589 2695 Tranquilli
605 2663 631 2689 in
645 2670 705 2697 cap.
719 2663 753 2691 (te
767 2664 862 2692 Ventis

72 2693 249 2726 meminisset,
266 2699 292 2720 et
306 2695 435 2729 qtiosdam
450 2694 604 2724 Graecorum
624 2697 709 2726 libros
729 2706 793 2726 suos
812 2700 861 2727 λιι-

73 2727 293 2790 ιξώναςρΙιιίιΙιὶιίιυξει,
310 2733 384 2764 prata
405 2729 588 2765 inscripsisse,
611 2731 713 2760 diceret
726 2733 755 2762 iu
767 2737 863 2770 1113111-

73 2767 218 2826 ’ωὲῗυηω
231 2783 269 2826 ‹te'
278 2803 348 2834 parce
360 2783 494 2834 mutii·
503 2800 571 2838 [atq.
586 2801 680 2838 virga.
693 2811 703 2830 ε

148 2845 181 2870 At
191 2845 278 2870 Boreae
289 2846 322 2870 de
334 2850 403 2878 parte
415 2847 556 2873 truetseum
568 2847 690 2879 fulminat,
701 2853 728 2876 et.
737 2856 792 2876 eum

146 2875 498 2934 aarum
508 2878 786 2912 mmm*-

914 2512 986 2546 ficut.
1003 2511 1090 2538 Verba
1102 2516 1164 2538 sunt
1176 2509 1295 2544 ejusdem
1307 2509 1469 2542 interpretis.

950 2547 976 2574 5.
990 2546 1087 2573 Rubeat
1099 2546 1127 2572 in
1137 2553 1239 2572 occasu.
1249 2544 1334 2572 Voces
1345 2544 1373 2570 in
1383 2551 1475 2571 occasu
1489 2543 1601 2572 deerant
1611 2544 1641 2572 111
1649 2551 1709 2574 om-

914 2581 995 2610 nibus
1010 2581 1111 2608 nostris
1128 2581 1213 2608 libris.

950 2616 1021 2644 thiu.
1034 2615 1156 2644 sincerus
1170 2616 1232 2651 sere.
1246 2615 1305 2643 Vox
1318 2616 1373 2650 sere
1384 2621 1438 2642 non
1451 2619 1491 2643 est
1503 2615 1531 2644 in
1542 2615 1618 2644 Arati
1626 2615 1710 2645 inter-

915 2657 1000 2687 prete,
1016 2651 1114 2686 legitur
1130 2658 1194 2678 vero
1209 2651 1236 2678 in
1252 2651 1377 2678 omnihus
1389 2651 1489 2678 nostris
1503 2650 1589 2679 libris.

949 2687 1014 2714 Car.
1033 2694 1126 2714 xxxix.
1151 2700 1188 2706 —
1210 2685 1242 2713 N.
1266 2686 1293 2713 1.
1309 2685 1422 2719 Quidam
1442 2686 1573 2713 dixerunt.
1587 2686 1711 2716 Clemen-

914 2727 968 2751 tem
996 2722 1137 2756 significat,
1168 2721 1214 2748 lib.
1235 2728 1283 2748 viu
1309 2721 1442 2756 tteeogn.‚
1468 2721 1546 2756 cujus
1570 2722 1628 2753 haee
1646 2728 1711 2752 sunt

913 2757 995 2786 verba
1011 2766 1018 2783 :
1032 2756 1143 2790 Quando
1155 2764 1202 2792 pro
1221 2756 1330 2792 peccatis
1331 2775 1388 2784 .....
1408 2760 1432 2784 et
1452 2761 1544 2784 coetera
1557 2757 1709 2786 anirnantia.

950 2792 1022 2820 thid.
1037 2793 1159 2826 Quaque.
1171 2791 1228 2819 Hoc
1243 2795 1295 2825 est,
1309 2799 1477 2827 quaecunque,
1490 2793 1529 2820 uti
1544 2792 1614 2827 apud
1627 2793 1708 2828 atius,

915 2833 943 2856 et
955 2828 1025 2862 apud
1040 2828 1128 2861 ipsum
1148 2826 1279 2854 Isidorum
1292 2827 1368 2854 1111111.
1384 2826 1511 2855 Nonnulli
1527 2827 1628 2856 babent
1642 2835 1709 2863 pena

916 2863 1003 2890 anania
1015 2869 1081 2898 quoe.
1099 2861 1145 2890 alii
1164 2862 1251 2891 sotum
1265 2869 1332 2895 m.
1349 2861 1447 2891 Versus
1462 2861 1565 2899 Virgilii
1578 2867 1642 2892 sunt
1656 2863 1709 2892 ¹58

916 2903 945 2927 et
958 2905 1016 2932 sea.
1032 2897 1078 2926 tib.
1090 2905 1121 2926 111
1130 2896 1239 2926 AEneid.
1254 2899 1341 2926 Aur.
