1832 3016
170 161 221 190 ΛΗ

685 156 713 184 S.
736 153 858 183 tstnom
876 151 1095 183 tttsrttmttsts
1113 152 1266 181 Episcopt

1744 150 1799 180 Μ’

206 217 233 246 3.
253 216 308 246 Sed
337 215 377 243 vir
397 212 557 248 sanguinum
588 212 714 246 templum
745 212 800 239 Deo
825 210 956 239 aeditteare
969 210 1106 241 Atectum
1121 217 1150 238 se
1175 210 1319 243 lavantem,
1334 209 1361 237 id
1374 213 1425 241 est,
1447 208 1619 236 munda-tom
1633 214 1666 236 aa
1681 208 1796 235 *nordl-

176 262 343 296 prohibetur.
358 258 418 293 quia
433 258 479 292 qui
499 258 587 284 adhuc
606 257 708 284 actibus
719 256 868 283 carnalibus
883 257 958 284 ineu-

173 308 227 338 bat.
251 311 360 332 necesse
373 307 425 337 est,
442 307 470 330 ut
483 303 615 330 instruere
625 302 798 336 spiritualiter
812 302 958 329 Ecclesiam

174 359 226 379 non
253 353 394 384 praesutuat
409 369 417 382 ,
443 347 503 383 quia
528 355 693 382 nequaquam
709 355 775 381 pure
788 347 918 374 maculam
933 346 959 374 in

174 396 294 423 membro
318 394 471 422 considerat
495 393 589 421 oculus
614 401 692 428 quem
714 394 799 428 pulvis
818 397 919 428 gravat,
934 397 961 420 et

172 441 335 475 superjectas
358 439 451 467 sordes
476 443 580 473 tergere
595 446 647 466 non
661 438 732 466 valet
745 446 839 466 manus
853 445 911 473 quae
922 438 961 465 lu-

174 491 230 514 tum
245 490 327 513 tenet.

483 517 596 545 CAPUT
616 518 648 547 lt.

335 563 373 591 De
394 568 496 598 peccato
511 563 594 590 David
608 564 635 590 in
654 564 803 591 Bethsabee.

210 612 235 637 l.
259 610 333 637 Nunc
360 615 386 636 ct
412 614 549 643 peccatum
577 609 676 641 David,
700 610 761 643 quid
777 610 803 636 iu
823 609 962 644 prophetia

174 656 336 690 signaverit,
362 659 460 689 quanta
489 662 630 689 possumus
645 655 782 687 bievitate,
801 655 962 690 perstringa-

176 708 244 727 mus.
262 701 374 727 Nomina
392 701 489 735 quippe
503 701 676 734 interpretata
701 700 780 737 532
796 702 859 728 satis
875 707 964 728 osten-

174 746 238 772 dunt
262 746 324 780 quid
347 747 426 773 etiam
443 747 492 773 boc
516 746 613 773 sactum
629 747 846 781 praefiguraveru.
868 747 962 782 David,

175 796 204 818 ut
217 792 343 826 diximus,
368 793 558 828 interpretatur
581 802 658 820 inanit
684 794 772 828 lintis,
787 796 843 822 sive
869 795 965 821 deside-

175 838 273 865 rabilis.
291 838 428 866 Bethsaliee
451 840 640 874 interpretatur
655 845 745 875 puteus
758 842 892 875 satietatis,
909 842 964 868 sive

174 888 264 918 puteus
279 884 409 918 septimus.

210 928 237 954 Ξ.
258 928 409 961 Quamlibet
420 932 509 956 autem
521 929 613 957 harum
629 931 743 957 nominis
758 931 815 964 eius
831 931 960 966 interpre-

176 973 304 1000 tationem
320 973 346 1000 in
366 973 392 1000 id
406 974 476 1008 quod
496 975 586 1002 dicere
612 975 773 1003 intendimus
786 984 962 1009 assumamus,

175 1018 240 1045 satis
254 1019 386 1053 congruit.
412 1019 476 1046 Nam
498 1021 524 1047 in
538 1020 647 1047 Cautico
662 1022 827 1049 canticorum
853 1030 961 1056 sponsa,

173 1071 233 1098 (μη
260 1065 298 1091 illi
319 1065 437 1093 Ecclesia
459 1070 500 1093 est
511 1086 519 1098 ‚
545 1071 653 1093 vocatur
684 1071 780 1100 puteus
794 1075 870 1102 aquae
897 1070 963 1096 vivae

174 1109 263 1142 (Cant.
290 1111 340 1143 tv).
357 1110 390 1137 Et
405 1109 466 1137 huic
482 1115 561 1145 puteo
578 1112 723 1145 septenarii
749 1114 851 1140 numeri
866 1122 964 1142 nomen

177 1154 203 1181 in
216 1154 331 1188 Spiritus
353 1154 438 1182 sancti
451 1156 647 1190 significatione
661 1158 840 1192 conjungitur,
857 1164 964 1193 propter

175 1199 305 1227 rationem
322 1200 505 1234 Pentecostes‚
530 1209 582 1236 quo
597 1201 642 1228 die
662 1201 695 1229 de
708 1202 776 1230 coelo
790 1203 887 1231 missus
901 1204 963 1238 Spi-

176 1249 242 1271 ritus
254 1249 360 1271 saut-tus
375 1246 457 1272 venit.

210 1289 237 1317 5.
259 1290 298 1317 Ad
314 1290 486 1325 quadraginta
502 1299 598 1319 novem
614 1299 713 1326 autem,
726 1295 796 1329 quod
813 1300 853 1323 est
866 1297 964 1330 septies

176 1342 288 1371 septem,
302 1344 384 1363 unum
402 1336 516 1369 additur,
533 1345 585 1371 quo
600 1339 687 1366 unitas
708 1341 918 1369 commendatur.
934 1341 964 1368 ln

176 1382 225 1411 hac
241 1382 344 1409 ratione
360 1381 421 1408 tivit
436 1383 580 1416 apostolica
601 1384 643 1410 illa
663 1387 793 1412 sententia
808 1395 813 1413 :
831 1387 965 1422 Snfferen-

174 1431 210 1455 tes
229 1428 337 1455 invicem
361 1428 388 1454 in
408 1428 552 1460 dilectione,
578 1428 706 1456 studentes
717 1438 816 1457 sert-are
841 1433 963 1458 unitatem

173 1474 279 1508 spiritus
294 1473 320 1499 in
332 1473 430 1499 vinculo
447 1473 515 1507 pacis
528 1473 635 1508 (Ephcs.
651 1475 698 1508 tv).
716 1475 790 1502 Dono
806 1477 893 1510 itaque
910 1477 963 1510 spi-

175 1519 276 1551 rituali,
291 1519 341 1546 boc
355 1523 405 1549 est,
422 1519 585 1554 septenario,
600 1520 667 1547 sacta
680 1526 718 1547 est
737 1522 851 1548 Ecclesia
869 1527 963 1556 puteus

1010 256 1061 284 bus
1071 256 1174 290 sinenti,
1189 261 1214 283 et
1236 256 1344 284 domum
1360 256 1457 282 luteam
1479 253 1611 289 spirituali
1634 213 1823 288 contempta-5

1010 301 1085 328 tione
1101 301 1348 335 transcendentem,
1367 305 1447 335 atque
1460 300 1619 327 calcantem.
1812 298 1832 337 t·

1046 347 1072 373 7.
1106 346 1138 373 Et
1152 347 1274 374 inchoata
1285 354 1344 374 cum
1362 347 1404 374 illa
1426 346 1519 380 primae
1534 345 1719 372 conventionis
1730 345 1800 372 nuti-
1814 347 1832 377 tt

1012 392 1059 426 tia,
1066 397 1156 426 postea
1170 393 1248 428 533
1262 393 1294 419 ab
1301 400 1334 420 eo
1340 393 1447 427 penitus
1454 395 1606 426 separatum
1614 390 1801 418 diabolum-o-

1012 439 1086 471 cidit.
1100 447 1212 474 eantque
1220 440 1270 467 sibi
1286 444 1415 474 perpetuo
1428 438 1562 466 connubio
1572 437 1715 472 copulavit.
1731 435 1802 463 Ode-
1814 435 1832 451 ’“

1013 485 1098 512 rimus
1118 493 1182 520 ergo
1197 489 1345 520 peccatum,
1370 486 1417 513 sed
1438 485 1607 520 prophetiam
1636 492 1688 511 non
1699 483 1802 511 exstin-

1014 538 1134 565 guamus.
1157 532 1286 558 Amemus
1299 531 1384 565 ipsum
1399 531 1494 563 David,
1519 534 1648 565 quantum
1673 529 1802 556 amandus
1829 540 1832 541 ⁷

1013 582 1064 609 est,
1081 577 1124 611 qui
1137 585 1184 604 nos
1200 585 1213 603 a
1228 577 1332 603 diabolo
1349 584 1396 610 per
1408 575 1619 603 misericordiam
1632 575 1764 603 iiberavit.
1814 592 1817 595 »

1050 623 1075 649 8.
1098 623 1224 649 Amemus
1240 622 1318 649 istum
1334 621 1429 654 David,
1444 622 1488 655 qui
1501 625 1554 647 tam
1567 627 1647 654 grave
1662 620 1689 646 in
1703 627 1733 647 se
1745 620 1802 646 rul-

1014 675 1064 695 nus
1079 668 1226 702 iniquitatis
1241 668 1404 702 poenitentiae
1415 672 1440 694 et
1451 667 1625 694 humanitatis
1635 666 1804 694 confossione

1014 715 1127 741 sanavit.
1152 714 1204 742 Sed
1221 714 1335 741 sortasse
1362 714 1422 748 quis
1448 714 1518 741 dicat
1537 722 1544 739 τ
1561 713 1589 741 Si
1604 713 1687 739 David
1711 712 1805 746 imagi-

1015 767 1076 786 nem
1092 759 1191 786 Christi
1203 760 1322 793 gerelnat‚
1334 759 1469 793 quomodo
1482 759 1580 785 multas
1591 765 1688 785 uxores
1701 762 1728 785 et
1741 765 1805 784 cou-

1015 805 1126 831 cubinas
1141 805 1265 831 habuisse
1279 804 1415 836 scribitur,
1430 811 1490 830 cum
1513 805 1561 830 has
1576 810 1619 830 res
1640 802 1762 829 Christus
1777 804 1806 828 et

1017 851 1154 878 horrescat
1176 855 1202 877 et
1222 850 1347 876 ‹lauiuet‘t
1373 849 1427 876 iloc
1441 849 1511 876 enim
1534 856 1582 883 pro
1608 848 1693 882 ligura
1708 846 1803 878 §iehan

980 895 1003 924 B
1018 895 1106 922 multae
1127 896 1197 923 enim
1213 902 1312 922 uxores
1327 895 1409 920 David
1426 894 1566 920 multarum
1583 893 1700 927 gentium
1715 897 1742 919 et
1758 898 1807 918 ua-

1017 943 1117 969 tionum
1135 941 1276 975 imaginem
1300 941 1461 973 indicabant,
1478 948 1538 974 quae
1554 947 1599 973 per
1616 940 1695 966 tidem
1707 939 1805 966 Christi

1015 986 1150 1015 consortio
1164 987 1322 1020 jungentur.

1050 1033 1076 1058 9.
1097 1031 1256 1059 Concubinae
1278 1038 1340 1058 vero
1361 1031 1418 1064 ejus
1441 1029 1591 1064 significant
1619 1029 1804 1056 haereticorum

1015 1077 1152 1108 ecclesias,
1169 1084 1229 1111 quae
1250 1076 1300 1103 sub
1311 1075 1409 1102 Christi
1425 1075 1540 1102 nominis
1557 1074 1634 1100 titulo
1655 1081 1762 1100 manere
1775 1081 1807 1101 se

1015 1123 1173 1157 gloriantur.
1197 1122 1249 1150 Sed
1274 1122 1334 1156 quia
1351 1125 1461 1155 propter
1475 1119 1590 1146 carnalia
1606 1120 1679 1146 lucra
1696 1124 1805 1146 sectan-

1016 1173 1058 1195 tur
1081 1167 1227 1199 Christum,
1244 1174 1297 1193 non
1312 1165 1452 1200 conjuges.
1475 1165 1521 1191 sed
1535 1164 1691 1191 concubinae
1705 1171 1804 1190 vocan-

1016 1218 1067 1240 tur.
1083 1213 1202 1245 Denique
1215 1220 1283 1238 nunc
1299 1219 1384 1246 reges,
1401 1211 1422 1238 si
1448 1210 1538 1244 plures
1564 1210 1680 1236 habeant
1694 1217 1804 1242 uxores,

1015 1263 1042 1285 et
1056 1258 1221 1286 concubinas
1232 1278 1239 1290 ,
1262 1258 1361 1284 crimen
1377 1261 1428 1289 est,
1445 1257 1506 1291 quia
1526 1255 1581 1290 jam
1599 1257 1761 1283 transierunt
1771 1256 1804 1283 ti-

1015 1310 1099 1337 gurae,
1124 1310 1171 1336 pro
1195 1303 1291 1335 quibus
1315 1309 1427 1328 uxorum
1444 1301 1487 1328 vel
1503 1301 1709 1328 concubinarum
1727 1300 1804 1327 venia

1015 1348 1226 1381 concedebatur;
1240 1352 1266 1375 et
1280 1355 1350 1374 nunc
1362 1366 1370 1379 ‚
1386 1347 1446 1381 quia
1468 1347 1557 1382 tigurae
1573 1346 1744 1381 transierunt,
1757 1353 1803 1373 ve-

1015 1395 1058 1422 nia
1075 1395 1145 1422 nulla
1160 1394 1246 1421 datur.

1316 1437 1430 1465 CAPUT
1451 1438 1493 1464 lll.

1313 1483 1353 1510 De
1371 1483 1502 1510 Absatom.

1047 1531 1071 1557 1.
1093 1531 1161 1558 lllud
1186 1537 1250 1557 vero
1265 1529 1327 1563 quid
1339 1529 1480 1563 significet,
1498 1528 1569 1562 quod
1585 1528 1716 1560 parricida
1731 1528 1803 1556 tilius

172 1564 302 1591 satietatis
315 1585 322 1596 ‚
347 1563 409 1597 quia
433 1565 515 1590 tactus
535 1569 578 1590 est
593 1565 618 1590 in
635 1572 665 1591 ea
678 1565 737 1592 sons
752 1573 827 1600 aquae
843 1567 962 1595 salientis
978 1574 998 1602 C
1015 1576 1140 1603 Absaiom
1157 1579 1258 1609 patrem
1280 1573 1434 1607 insequens,
1460 1574 1545 1606 primo
1560 1577 1634 1606 pater
1648 1573 1706 1606 ejus
1718 1573 1803 1600 decli-

173 1609 199 1636 in
222 1610 304 1636 vitam
325 1614 464 1642 aeternaui,
485 1616 563 1643 quam
579 1610 624 1643 qui
640 1610 749 1643 biberit,
768 1619 820 1638 nou
842 1613 914 1639 sitiet
934 1613 960 1639 in

175 1660 304 1683 aeternum
317 1654 406 1690 (Joan.
424 1653 472 1688 iv).

207 1702 235 1728 A.
258 1701 335 1728 Urias
353 1708 428 1733 vero,
442 1701 484 1735 qui
502 1701 580 1728 tuerit
596 1702 706 1729 maritus
719 1701 788 1737 ejus,
814 1703 876 1738 quid
891 1704 961 1731 aliud

172 1754 251 1779 quum
271 1746 406 1774 diabolum
420 1747 535 1774 nominis
547 1746 604 1782 ejus
626 1749 844 1782 interpretatione
865 1749 962 1783 signifi-

173 1792 233 1819 cat?
254 1792 336 1827 nujus
351 1798 426 1821 erant
445 1794 560 1828 pessimo
576 1793 699 1828 conjugio
722 1794 832 1828 deligati
854 1802 959 1828 omncS‚

173 1846 239 1873 quos
262 1840 347 1874 gratia
370 1839 425 1867 Dei·
440 1840 546 1873 liberat,
563 1844 591 1867 ut
611 1839 731 1867 Ecclesia
745 1841 803 1867 sine
818 1840 920 1868 macula
935 1844 963 1868 et

173 1890 241 1919 ruga
251 1884 383 1912 Salvator-i
397 1887 504 1921 proprio
517 1886 665 1920 copuletur.

210 1931 237 1959 5.
259 1931 335 1959 Urias
350 1940 464 1967 namque
479 1933 670 1967 interpretatur
691 1933 737 1960 lua:
757 1941 812 1960 mea
837 1932 894 1966 Dei,
909 1933 961 1960 He-

174 1976 254 2005 tltoeus
265 1983 354 2006 autem
369 1978 493 2012 abscisus,
513 1979 571 2007 sive
590 1979 660 2013 quod
677 1981 704 2006 in
718 1979 829 2006 veritate
845 1987 896 2006 non
909 1983 964 2006 ste-

176 2025 272 2057 tit,sed
293 2032 308 2052 a
332 2026 393 2054 luce
405 2034 452 2054 sua
466 2034 591 2061 superna.
605 2034 683 2060 quain
708 2026 742 2053 de
766 2025 822 2053 Deo
838 2025 960 2057 habebat,

173 2070 305 2104 superbiae
327 2071 428 2099 merito
444 2072 563 2099 abscisus
588 2076 645 2104 est;
660 2071 716 2098 sive
736 2072 807 2105 quod
830 2070 961 2103 cadendo,

177 2115 247 2142 reris
271 2115 372 2143 viribus
397 2117 518 2151 perditis,
541 2117 715 2150 transfigurat
739 2124 768 2144 se
785 2117 811 2143 in
839 2117 963 2152 angelum

177 2159 255 2193 lueis,
278 2162 380 2189 audens
398 2162 484 2190 adhuc
505 2163 595 2190 dicere
612 2171 619 2188 :
635 2163 682 2190 lux
696 2171 751 2189 mea
772 2162 820 2190 Dei
833 2168 877 2191 est.
894 2163 965 2197 Ergo

177 2204 227 2232 iste
246 2206 352 2240 quidem
375 2207 458 2234 David
480 2208 598 2243 graviter
618 2209 801 2243 scelerateque
824 2209 963 2243 peccarit;

1013 1629 1079 1648 naus
1093 1621 1158 1655 fugit
1178 1625 1240 1647 ante
1256 1618 1351 1646 faciem
1367 1619 1423 1652 ejus
1447 1625 1556 1645 securus
1569 1618 1602 1645 dc
1616 1619 1740 1650 victor-im
1756 1618 1802 1652 qui

1012 1667 1156 1701 aspiciebat
1174 1665 1314 1700 imperium
1337 1665 1433 1699 perire,
1449 1671 1527 1697 quein
1543 1664 1621 1690 etiam
1645 1664 1717 1691 flevit
1743 1671 1800 1691 ma·

1011 1719 1065 1746 gno
1079 1712 1162 1743 luctu,
1175 1715 1202 1738 et
1214 1710 1364 1744 deploravit
1385 1709 1485 1737 exitum
1506 1707 1654 1742 parricitlae.
1670 1707 1801 1735 Scribitur

1012 1757 1091 1784 etiam
1116 1757 1215 1792 fugisse
1237 1755 1318 1782 David
1347 1762 1363 1782 a
1383 1754 1452 1781 facie
1473 1753 1597 1781 bellantis
1622 1752 1753 1792 adversus
1771 1759 1801 1780 se

1015 1803 1072 1829 lilii.

1047 1848 1074 1874 2.
1097 1847 1131 1874 Et
1143 1847 1269 1881 quoniam
1286 1845 1413 1879 scriptum
1425 1849 1467 1872 est
1477 1844 1510 1871 de
1523 1843 1620 1878 populo
1634 1842 1799 1871 Jerusalem:

1013 1891 1097 1918 Filios
1111 1891 1229 1923 enutrivi.
1245 1896 1268 1917 et
1279 1891 1405 1923 exaltavi,
1427 1890 1478 1925 ipsi
1497 1896 1580 1915 autem
1599 1893 1744 1924 spreverunt
1762 1896 1803 1916 me

1014 1938 1101 1975 (hai.
1117 1938 1150 1973 t);
1168 1938 1237 1964 sslius
1254 1945 1318 1972 ergo
1331 1937 1388 1972 ejus
1402 1936 1499 1971 impius
1513 1936 1676 1970 significatur
1691 1935 1801 1968 tropice,

1015 1985 1040 2012 id
1062 1990 1114 2018 est,
1138 1985 1250 2019 populus
1264 1984 1402 2018 iudaicus,
1415 1983 1460 2018 qui
1481 1990 1540 2010 eum
1553 1981 1669 2009 tradidit.
1683 1979 1803 2008 Absalom

1015 2037 1114 2066 autem,
1132 2031 1201 2059 sicut
1212 2031 1319 2066 quidam
1335 2031 1540 2064 interpretatur,
1557 2028 1711 2063 intelligitur
1723 2027 1804 2061 patric

1014 2084 1075 2112 pax.
1102 2077 1178 2110 Quod
1194 2077 1290 2103 mirum
1314 2075 1419 2103 videtur
1444 2077 1469 2101 iu
1485 2074 1606 2106 historia,
1627 2072 1805 2107 quemadmo-
1821 2107 1827 2109 Α

1015 2124 1078 2150 dum
1100 2122 1182 2158 patris
1203 2130 1253 2157 pax
1285 2122 1369 2157 possit
1390 2120 1519 2155 intelligi,
1543 2120 1587 2154 qui
1606 2123 1708 2154 patrem
1732 2117 1803 2145 bello

1016 2172 1172 2202 persecutus
1182 2171 1235 2195 est.
1728 2160 1744 2170 ⁶

1052 2213 1132 2250 53ᾰ1
1151 2214 1177 2240 3.
1198 2213 1250 2241 Sed
1266 2213 1311 2248 qui
1337 2212 1478 2246 diligenter
1498 2211 1531 2238 ad
1550 2210 1702 2245 allegoriam
1717 2209 1806 2236 inten-

178 2250 248 2284 q¹¹⁰d
264 2250 350 2279 scelus
366 2251 424 2286 ejus
444 2253 524 2279 etiam
546 2259 594 2287 per
615 2253 771 2287 prophetant
793 2254 862 2282 Deus
876 2255 965 2290 arguit
977 2262 1004 2292 1>
1018 2259 1094 2291 dunt,
1112 2259 1254 2293 inspiciunt
1266 2259 1392 2286 Absalom
1406 2265 1465 2285 esse
1476 2257 1635 2287 Jerusalem,
1647 2263 1707 2290 qum
1722 2255 1803 2283 etiam

178 2295 354 2330 increpando,
372 2302 399 2325 et
412 2298 469 2332 ipse
488 2298 573 2325 abluit
587 2299 749 2332 poenitendo.

214 2340 242 2368 6.
263 2341 451 2370 Verumtamen
465 2343 511 2370 ille
530 2343 716 2371 desiderabilis
731 2343 854 2370 omnibus
878 2345 965 2378 genti-

179 2386 246 2420 bus,
260 2388 336 2422 quasi
357 2389 383 2415 in
405 2389 505 2417 solario
519 2390 710 2422 deambulans,
726 2390 787 2424 quia
802 2390 827 2416 in
844 2390 899 2416 sole
916 2397 964 2423 po—

179 2433 234 2461 suit
248 2434 445 2463 tabernaculum
459 2444 547 2470 suum,
571 2436 704 2464 adamavit
726 2436 872 2464 Ecclesiam
886 2443 965 2470 super

214 2499 241 2527 5.
264 2500 313 2533 Qtti
327 2501 411 2527 adhuc
425 2501 520 2528 actibus
535 2501 679 2528 carnalibus
696 2500 809 2527 incubat.
827 2500 866 2527 lta
877 2499 923 2527 lib.
938 2507 965 2527 ο.

180 2533 318 2569 Immittit,
338 2536 408 2570 apud
423 2536 593 2571 Gregoriutu.
612 2537 708 2564 Grun..

215 2570 321 2599 Car-n.
337 2570 368 2598 N.
384 2573 411 2600 ¹.
432 2571 530 2599 Totum
551 2576 632 2606 caput
644 2579 678 2600 ex
697 2573 822 2607 August..
843 2570 892 2599 lib.
911 2577 968 2598 uu

180 2610 273 2633 eontra
287 2606 390 2639 Faust„
406 2614 466 2639 cap.
477 2606 523 2634 87.
537 2608 633 2636 Gemi..

216 2640 244 2667 2.
259 2639 348 2671 Forte.
365 2650 421 2676 quoe
430 2641 484 2668 illic
496 2641 619 2669 Ecclesia.
633 2641 720 2669 Ansv.

180 2675 319 2738 Δ,ἕξνΑΙίῇ
331 2684 404 2711 quem
411 2678 454 2712 qui
465 2677 563 2705 biberit.
572 2678 698 2710 Gratius,
707 2684 780 2712 quem
787 2676 832 2710 qni
842 2675 967 2704 lium

216 2747 244 2774 Δ.
262 2730 318 2774 ‘Atii
332 2755 340 2774 ι
354 2747 415 2774 Jam
430 2755 487 2774 vero
497 2748 540 2782 qui
550 2748 636 2782 suerit.
650 2746 726 2780 Quod
738 2745 815 2774 uuas
823 2743 965 2781 allegorico

183 2779 317 2844 diabolffln
327 2782 507 2844 Aingicaverit,
529 2784 629 2811 dictum
649 2782 731 2809 etiam
753 2781 782 2808 iu
812 2778 954 2816 ΔΙΙοςοηὴ·
954 2798 964 2814 .

183 2821 257 2878 ⁰⁰2¹?
266 2835 327 2879 Lu'a
338 2859 395 2879 mea
405 2836 467 2881 ’ωε
483 2853 538 2887 st..
554 2853 599 2881 tux
609 2851 708 2880 manat.
720 2850 811 2890 Atqu.

1016 2310 1043 2331 et.
1063 2305 1119 2338 ipsa
1133 2313 1185 2340 pax
1201 2304 1403 2338 interpretatur.
1418 2310 1435 2330 a
1447 2302 1522 2336 cujus
1541 2301 1607 2328 facie
1621 2300 1742 2329 Christus
1763 2301 1809 2328 iu·-

1016 2350 1064 2384 git‚
1081 2349 1199 2384 quando,
1217 2355 1275 2375 eam
1293 2347 1416 2382 patiendo
1430 2347 1567 2378 deserens,
1583 2345 1745 2380 ingentibus
1756 2353 1804 2380 per

1018 2395 1097 2421 tidem
1114 2394 1253 2420 successit.
1279 2393 1330 2420 Alii
1345 2392 1469 2419 Absalom
1484 2392 1579 2419 hidam
1596 2391 1750 2419 traditorem
1764 2392 1822 2419 inm

1018 2441 1158 2475 telligunt,
1177 2447 1256 2475 quem
1281 2443 1353 2467 tauta
1374 2443 1400 2466 et
1423 2443 1475 2466 tam
1497 2438 1651 2466 admiranda
1677 2439 1803 2474 patientia
1821 2452 1832 2457 -

1037 2506 1081 2546 ³7.
1102 2504 1194 2540 Jpsum
1213 2504 1307 2531 navia.
1328 2505 1381 2537 At„
1402 2504 1476 2531 ittam
1500 2504 1592 2532 David.
1617 2504 1693 2538 Quod
1707 2491 1832 2532 mettani

1020 2540 1232 2602 qui'tf-tiijug..
1253 2575 1279 2602 1.
1301 2574 1437 2601 Parricida
1458 2550 1576 2607 filius...
1599 2574 1731 2608 imeqttena
1755 2581 1771 2607 p
1803 2571 1805 2573 ’

1020 2610 1150 2644 parricida
1173 2610 1279 2644 filio...
1311 2610 1466 2644 insequente,
1479 2609 1594 2645 =scilicet.
1625 2608 1769 2637 nominativ

1020 2653 1068 2682 pro
1081 2644 1207 2676 ablativo,
1223 2649 1252 2671 ut
1267 2644 1328 2672 alibi
1342 2652 1423 2679 saepe.
1439 2645 1522 2672 Ans-v.

1022 2716 1029 2722 ι
1054 2679 1124 2722 litia.
1149 2679 1201 2713 Qui
1227 2679 1366 2715 aspiciebat
1387 2680 1533 2715 imum·
1546 2679 1602 2711 fit,
1625 2679 1689 2713 qnia
1711 2687 1723 2705 a
1742 2678 1749 2685 ¹

1019 2718 1262 2792 ''guar-geza}
1275 2747 1407 2791 sanguinis
1425 2750 1466 2776 etti
1479 2739 1599 2786 figuram,
1614 2745 1666 2777 hoc
1677 2751 1729 2780 ast,
1771 2746 1781 2754 ”

1020 2793 1093 2819 ports
1111 2791 1138 2813 et
1165 2783 1302 2820 sanguini·
1323 2792 1365 2811 sut
1392 2783 1695 2813 ammentt=m=>2m

1022 2821 1104 2862 verba
1118 2826 1180 2850 οικ
1191 2819 1279 2849 Grati
1296 2817 1647 2854 αῧσιήιηῠιιιϋέαωω.
1691 2831 1694 2836 v
