1832 3016
121 146 175 175 427

334 145 380 173 Ap
398 143 427 172 S.
448 141 572 171 tstoom
594 142 729 172 fflSPAL.
749 142 982 179 QUAESTtoNEs
1000 145 1035 175 ΙΝ
1054 146 1186 176 Limum
1206 146 1331 177 REGUM
1351 147 1539 178 APPENtux.

1705 152 1760 180 428
1795 129 1799 131 -

121 203 202 232 steria
227 202 395 229 sacerdotum
420 200 568 233 ῐῦῑθῐῦδῦθὲ
593 199 643 230 ”d
667 207 718 229 ΜΟ
742 204 829 229 ΙΜῑθΙ·
855 200 915 236 eius
926 204 955 237 Δ
966 204 1017 234 mie
1033 203 1091 238 Dei,
1106 209 1183 234 scuto
1198 205 1275 238 ndei.
1291 211 1318 235 et
1330 207 1406 242 galea
1421 208 1526 240 salutis,
1541 213 1568 236 et
1582 209 1668 243 gladio
1679 211 1760 242 spiri-

121 238 251 269 ascondit,
268 244 327 264 cum
342 239 431 270 posset
444 235 606 268 ascendam
618 237 702 269 gratia
717 236 789 263 enim
800 240 912 265 estma-

122 280 161 301 tor
176 273 246 307 ejus,
262 279 321 304 quae
335 273 424 297 servat
436 277 509 302 eum,
525 275 552 296 et
567 271 678 297 enutrit.

157 308 199 336 19.
221 308 251 334 Et
262 305 349 334 oravit
361 307 449 338 Anna,
463 310 490 333 et
500 305 588 333 dixit:
605 306 662 334 Non
675 306 810 334 invenitur
821 315 909 342 orare,

119 343 168 371 nisi
184 347 231 376 per
243 340 296 369 duo
311 341 391 369 verba
408 344 508 368 tantuin
523 360 531 373 ‚
545 345 571 367 et
585 339 647 367 dicit
663 350 669 368 ε
687 340 785 369 Loetata
805 350 862 370 sunt
885 343 912 371 in

118 376 226 404 salutar'i
238 381 290 402 tuo.
308 376 339 402 Et
354 375 425 402 aliud
441 379 482 402 est
496 384 503 402 ε
521 375 589 407 Quia
602 383 653 402 non
671 381 708 403 est
731 377 798 404 Deus
820 382 913 411 proeter

117 418 151 439 te.
173 412 317 445 Apostolus
340 415 431 439 autem
451 411 537 439 dicit:
561 411 638 439 Orate
659 413 714 440 sine
727 413 913 441 intermissione

118 446 143 484 (1
159 446 248 475 Thess.
264 454 289 476 V.
307 446 363 480 Π).

152 482 199 511 20.
220 482 254 515 is,
270 481 313 516 qui
329 483 354 510 in
368 479 459 509 divino
473 486 595 509 versatur
610 481 710 515 officio,
727 483 817 511 onmia
836 490 912 517 gesta

69 521 75 527 ·
118 519 186 554 ejus,
201 517 324 556 dictaque
344 516 376 544 ad
402 516 552 544 orationem
568 521 734 551 reputantur,
749 519 808 554 quia
822 519 911 552 justus

116 555 175 581 siue
189 552 390 580 internnssione
405 559 464 586 qum
478 552 550 587 justa
566 557 629 579 suut
642 554 705 587 agit.
729 554 842 587 Propter
858 557 909 582 noc

116 589 175 616 sine
189 587 389 616 intermissione
402 588 488 623 justus
502 587 599 615 orabit.
617 588 649 614 Et
664 597 690 615 m
702 589 814 616 Psalmis
825 590 889 618 dicit
902 599 909 617 2

116 622 232 650 Elevatio
259 630 381 649 manuum
406 630 519 651 mearunt
552 623 708 658 sacrificium
739 626 911 660 vespertinum

128 658 227 686 Psatm.
243 665 294 685 ext.
311 662 329 684 .”

115 658 125 694 (
150 694 196 722 21.
217 657 310 722 Elevai
326 701 421 721 manus
441 699 515 721 actus
537 701 610 721 suos.
638 693 732 727 Aliter,
750 694 840 730 Moyse
855 696 911 724 ele-

114 734 194 757 vante
208 736 315 756 manutn
343 730 468 757 vincebat.
482 729 575 761 lsrael,
592 729 749 756 demittente
763 738 840 764 vero,
854 731 911 759 vin-

115 764 193 793 cebat
206 749 346 796 Amalech.
363 765 423 801 quia
438 765 523 791 donec
534 764 648 792 famulus
659 765 746 792 elevat
759 771 832 793 aetus
846 773 910 794 suos

114 800 147 828 ad
164 799 319 833 Dominum,
332 800 413 828 vincit
428 799 502 834 plebs
517 799 582 831 Dei;
599 807 658 827 cum
670 805 758 827 autem
770 801 910 830 demiserit

114 839 190 864 actus
205 843 277 868 suos.
291 835 374 863 vincit
388 834 518 864 Amalech
534 835 658 862 inimicus
672 835 730 863 Dei.

148 870 194 899 22.
216 872 291 899 Anna
308 870 395 906 inquit
411 879 418 897 z
434 869 577 897 Exsultavit
588 878 630 896 cor
643 879 735 898 meum.
748 870 907 899 Necessario

112 905 233 939 addidit,
259 905 286 934 in
310 903 431 934 Domino.
459 906 491 934 Ut
515 905 612 932 Paulus
634 905 702 933 dixit
724 913 731 932 ε
753 906 868 933 Gaudete
882 907 908 936 in

114 941 224 969 Domino
239 940 371 976 (Philipp.
387 948 426 974 tv,
438 940 478 975 4).
494 940 561 974 Quia
576 945 665 974 potest
679 942 738 975 quis
752 943 869 976 gaudere
882 943 907 970 in

111 976 275 1006 carnalibus.
287 976 353 1004 Cuni
367 983 410 1004 me
422 976 546 1003 homines
557 976 675 1009 laudant,
689 984 741 1004 non
755 978 783 1005 in
794 978 908 1007 Domino

111 1012 215 1046 gaudeo
229 1019 237 1043 ;
254 1011 276 1038 si
290 1011 403 1046 gaudeo,
421 1018 531 1045 pungar.

146 1046 191 1074 25.
213 1048 324 1081 Propter
337 1048 448 1075 verbum
467 1045 571 1074 Domini
593 1053 692 1074 cornua
715 1046 860 1081 justorum.
878 1047 907 1076 id

110 1082 153 1110 vel
163 1081 283 1110 dicentes
298 1090 303 1109 :
317 1080 331 1108 1
335 1090 351 1108 ιι
363 1085 387 1110 te
396 1082 512 1109 inimicos
526 1086 627 1108 nostros
638 1082 815 1109 ventilabimus
827 1091 908 1111 cornu

113 1115 226 1151 (Psatm.
243 1124 319 1150 xtnt.
333 1116 372 1151 6).
390 1116 419 1144 ln
441 1116 535 1144 Graeco
551 1117 610 1143 laeta
628 1118 744 1144 testatio.
763 1119 828 1151 Quia
843 1126 908 1153 ergo

110 1159 195 1180 cornu
211 1153 337 1186 petimus,
354 1152 392 1179 vol
404 1159 487 1180 cornu
500 1152 698 1179 ventilabimus.
712 1153 817 1181 Cornua
828 1154 904 1189 justi,

111 1187 174 1222 quia
188 1187 222 1216 de
237 1187 326 1215 erucis
344 1187 444 1215 Christi
460 1187 580 1222 apicibus
592 1186 673 1222 justis
687 1189 874 1218 conteruntur.

145 1221 191 1250 24.
214 1222 300 1251 inuis
316 1223 486 1250 destruemus
509 1222 678 1249 adversarias
701 1227 848 1256 potestates
872 1225 906 1254 de

109 1256 199 1285 anima
212 1263 314 1284 noswa.
332 1258 398 1285 Dein
414 1258 548 1293 plantatur
563 1266 587 1284 ιιι
601 1259 676 1286 nobis
690 1259 777 1286 vinea.
802 1260 904 1287 Dilata-

110 1297 167 1319 tum
190 1296 231 1319 est
254 1299 286 1319 os
300 1299 388 1318 meum
402 1313 408 1324 ‚
431 1293 456 1318 id
471 1299 526 1323 est,
550 1300 596 1326 per
612 1294 811 1321 meditationem
831 1295 906 1322 verbi

109 1328 159 1356 Dei
170 1327 203 1357 ad
217 1327 392 1356 elevationem
407 1327 496 1354 cordis
512 1327 662 1359 veniamus,
682 1331 762 1356 etiam
773 1329 905 1364 Apostolo

110 1363 238 1391 dicente:
263 1362 300 1390 Oe
321 1370 406 1389 meum
428 1362 566 1389 dilatatum
583 1367 617 1388 est
632 1363 666 1389 ad
681 1372 734 1396 vos,
751 1373 764 1390 ο
779 1365 905 1392 Corinthii

109 1396 153 1433 (11
162 1397 222 1426 Gor.
235 1405 271 1430 vt,
285 1397 340 1433 tt).
353 1398 393 1426 Ex
407 1397 547 1425 altitudine
562 1399 632 1425 enim
646 1399 733 1427 cordis
745 1400 785 1427 ori
796 1400 903 1435 sapien-

109 1433 147 1460 tia
162 1433 337 1460 ministratur.

144 1468 190 1495 25.
210 1468 279 1502 Quia
295 1468 419 1496 dilatatus
434 1475 492 1495 sum
506 1470 531 1495 in
548 1468 658 1495 salutari
674 1472 718 1495 tuo
732 1489 740 1502 ,
762 1469 787 1495 id
803 1475 844 1497 est
857 1491 864 1502 ,
879 1470 904 1498 si

109 1503 215 1531 laetatus
231 1503 305 1531 suero
319 1504 347 1532 in
363 1503 480 1532 salutare
494 1503 611 1537 Domini,
629 1508 691 1530 tunc
707 1504 846 1533 dilatatum
862 1511 905 1534 est

108 1546 140 1566 os
154 1546 255 1567 meum.
271 1538 334 1567 Nou
349 1543 386 1566 ece
400 1544 514 1570 sanctus,
534 1538 599 1566 sicut
623 1537 703 1565 Deus.
730 1539 903 1570 Distinctione

110 1575 194 1602 utitur
209 1582 216 1601 :
232 1581 286 1602 non
301 1574 379 1608 dixit,
394 1574 445 1600 nisi
461 1573 596 1606 Dominus,
612 1574 660 1600 sed
676 1575 765 1601 nultus
779 1580 826 1608 est,
842 1577 909 1604 sicut
923 1579 946 1611 C

108 1608 247 1637 Dominus.
262 1608 323 1639 Nou
338 1613 375 1636 est
390 1608 460 1636 Deus
472 1629 480 1641 ‚
502 1614 594 1644 prceter
607 1614 630 1634 te
667 1609 693 1636 id
708 1614 763 1640 est,
782 1611 846 1638 „itm
862 1619 908 1640 00-

109 1651 170 1671 rum
183 1651 243 1679 quae
258 1649 321 1671 sunt
335 1645 505 1671 naturaliter.
530 1644 581 1676 Qui
606 1629 675 1670 solus
689 1653 734 1675 es:
750 1645 793 1672 cui
808 1667 815 1679 ,
837 1647 909 1680 quod

111 1686 150 1712 es,
167 1687 182 1707 a
198 1679 272 1707 nullo
286 1679 377 1708 datum
392 1684 444 1708 est.
461 1680 526 1707 Nam
539 1684 565 1706 et
578 1680 671 1706 umbra
688 1680 769 1717 556
782 1682 813 1708 nd
832 1689 908 1709 com·

110 1714 277 1748 parationem
294 1715 415 1750 corporis
425 1723 479 1744 non
497 1718 557 1748 est,
573 1719 600 1742 et
613 1715 702 1743 sumus
718 1718 752 1744 ad
767 1724 910 1753 compara-

108 1750 212 1780 tionem
228 1750 298 1786 ignis
312 1758 365 1779 non
378 1755 429 1778 est.

144 1785 190 1814 26.
212 1784 301 1815 Nolite
323 1785 498 1821 multiplicare
517 1785 586 1820 loqui
599 1785 708 1813 excelsa.
726 1786 760 1814 Ut
780 1787 908 1818 Salomon

109 1820 174 1849 dicit
190 1829 196 1846 ε
212 1821 312 1849 Altioru
327 1825 351 1849 te
363 1829 395 1849 ne
423 1821 552 1848 uoesiueris
567 1820 661 1855 (Eccli.
674 1829 713 1854 ιιι,
727 1821 784 1855 22).
803 1822 838 1849 De
849 1823 908 1859 qui-

110 1855 162 1885 bus
176 1855 331 1892 praecipitur
346 1856 393 1885 tibi
423 1863 470 1883 taec
487 1856 637 1891 intelligere
651 1866 657 1882 :
677 1857 765 1884 Nolite
779 1858 909 1893 multipli-

109 1898 168 1919 care
181 1891 262 1932 toqui,
278 1891 328 1919 nisi
341 1891 375 1919 de
391 1890 470 1920 Patre
482 1911 491 1925 ,
507 1896 534 1919 et
546 1891 631 1924 Filio,
642 1895 670 1918 et
684 1892 784 1926 Spiritu
801 1899 906 1930 saneto,

109 1929 140 1953 ut
153 1926 257 1961 plenius
270 1927 439 1956 manilestuin
452 1927 509 1960 liat,
523 1927 594 1961 quod
607 1928 760 1964 loquimur?
772 1929 836 1956 Post
849 1930 907 1959 baec

109 1961 160 1990 tria
178 1961 243 1990 nibil
260 1962 386 1997 loquaris.

144 1996 192 2025 27.
214 1996 270 2025 Non
295 2001 375 2025 exeat
397 1997 590 2031 inaniloquium
613 1997 647 2025 de
671 2006 718 2026 ore
741 2002 851 2034 vestro,
878 2004 909 2029 ιιι

108 2031 253 2067 Apostolus
275 2033 335 2060 ait:
354 2032 418 2065 Quis
438 2041 477 2059 me
497 2033 612 2059 liberabit
633 2034 665 2060 de
686 2042 730 2061 cor
750 2042 793 2061 ore
818 2037 907 2065 »nortis

109 2067 185 2102 hujus
201 2067 289 2102 (Rom.
306 2075 354 2100 vti,
368 2068 435 2104 2t)·t
456 2068 541 2096 Aliter
557 2077 563 2094 ι
585 2069 697 2104 Angelus
721 2042 828 2097 ἕαιαηιε
841 2090 848 2103 ,
862 2072 907 2105 qui

109 2110 148 2128 ine
163 2102 304 2135 colaphizet
320 2101 364 2135 (11
380 2103 439 2130 Cor.
457 2111 505 2135 xit,
521 2104 561 2138 7).
578 2104 605 2130 ld
621 2110 662 2131 est
676 2124 684 2137 ,
710 2113 743 2131 ne
763 2113 859 2140 magna
872 2106 907 2136 de

109 2144 154 2164 me
178 2138 235 2173 ipso
259 2137 362 2172 loquar.
387 2140 443 2166 bon
464 2144 544 2166 exeat
568 2140 776 2174 magniloquium
798 2141 833 2168 de
858 2149 905 2169 ore

109 2175 209 2200 vestro.
237 2171 298 2198 Nou
313 2171 422 2200 declines
438 2181 481 2200 cor
495 2180 579 2200 meum
602 2175 627 2199 in
652 2176 725 2200 verim
745 2175 850 2203 molitioe
871 2177 906 2204 ad

109 2206 266 2234 excusandas
281 2209 457 2235 excusationes
472 2208 498 2234 in
513 2210 622 2242 peccatis
638 2208 751 2243 (Psatm.
767 2217 829 2243 cin,
846 2210 886 2247 4).

143 2242 187 2270 28.
210 2241 242 2269 Et
254 2241 381 2270 Salomon
393 2242 457 2271 dicit
472 2251 479 2270 :
496 2242 646 2270 mensiones
664 2246 754 2279 quaeri't
776 2246 802 2279 pi
820 2254 857 2277 er,
881 2250 905 2274 et

111 2276 193 2304 dicit:
208 2276 260 2303 Leo
270 2276 344 2311 soris.
357 2277 427 2303 idem
440 2277 503 2304 dicit
517 2285 524 2303 z
539 2277 663 2304 Diabolus
674 2279 802 2305 subsanna
821 2281 841 2306 it
852 2289 902 2315 me,
917 2270 945 2300 Ῑ)

110 2317 136 2338 ιιι
158 2312 248 2338 mulier
271 2320 310 2338 me
332 2313 434 2338 seduxit
459 2311 593 2347 (Provero.
610 2321 687 2344 xviii,
706 2315 735 2344 1;
757 2322 829 2347 xxti,
848 2317 903 2350 15).

111 2347 201 2374 iustus
225 2348 339 2381 primum
358 2352 498 2374 accusator
517 2348 559 2374 itui
579 2353 633 2375 εει.
653 2348 770 2381 injustus
790 2357 842 2376 non
863 2354 906 2377 est

111 2383 151 2409 sui
163 2388 313 2417 accusator,
328 2382 376 2410 sed
387 2383 511 2410 aliorum.
525 2383 617 2410 nonae
627 2383 689 2417 quis
701 2389 806 2418 peccat,
818 2392 906 2419 neque

111 2418 196 2451 justus
220 2423 280 2452 est,
308 2425 358 2446 nec
381 2422 521 2446 accusator
541 2418 594 2446 sui.
615 2419 672 2446 Non
695 2421 768 2447 enim
790 2421 834 2454 qui
851 2420 907 2455 agit

110 2458 297 2516 aecgati-:inm
312 2489 454 2524 potentinu-
468 2489 624 2523 iufinuatue.
642 2489 672 2518 Si
686 2490 797 2518 indutus
809 2490 847 2518 sis
860 2498 906 2519 ar·

144 2558 191 2586 22.
210 2556 292 2587 Forte
306 2565 314 2585 2
327 2556 359 2586 St
373 2561 490 2593 μείω.
503 2562 528 2586 οι
542 2565 595 2586 nou
616 2556 644 2585 in
664 2556 776 2584 Domo
790 2557 906 2592 quasin,

112 2602 164 2656 ’.ἔ
183 2649 190 2656 .
213 2611 322 2662 {Vulgata
343 2637 351 2656 z
377 2628 413 2655 Oe
435 2632 548 2654 nostrum
569 2632 637 2663 patet
652 2629 686 2654 ad
700 2636 744 2654 vos
756 2647 764 2661 ,
781 2635 796 2654 o
811 2627 905 2656 Corin-

112 2664 169 2697 thii,
183 2671 227 2693 m
241 2668 355 2691 'mserum
370 2664 507 2691 dilatatum
516 2668 565 2690 est.

145 2699 190 2727 26.
213 2700 240 2726 ln
255 2697 364 2734 Vulgata
378 2708 384 2726 :
402 2698 491 2725 Nolite
505 2698 676 2731 multiplicare
689 2698 759 2733 loqui
771 2698 904 2728 tablini·-

146 2735 191 2763 2⁸.
211 2735 276 2767 &p-
297 2741 362 2762 xvut
382 2734 511 2762 Proverb.
532 2743 542 2761 ι
565 2734 716 2762 occasionn
730 2734 821 2769 quam't
833 2754 842 2767 ,
857 2734 903 2769 qui

111 2771 162 2796 vuit
175 2770 292 2797 recedere
304 2769 335 2795 ab
349 2770 442 2796 antico.
457 2770 488 2796 Et
498 2776 556 2803 cap.
571 2777 628 2796 xxtt
641 2778 648 2795 :
665 2769 734 2796 Dicit
745 2770 817 2805 piger
828 2776 839 2798 ,·
849 2768 904 2798 1⁴0

112 2811 148 2831 est
175 2805 236 2831 oric.
253 2804 282 2833 lu
296 2804 348 2833 Ut-
361 2805 476 2834 iorum
489 2805 566 2837 deus(
577 2805 687 2839 aliquid.

147 2839 164 2866 5
185 2858 190 2865 .
211 2839 262 2866 Pro
282 2839 432 2868 suauiatue
445 2839 553 2867 mallem
567 2839 742 2873 substituisse,
762 2846 810 2867 seu
823 2838 900 2866 adlei-

113 2876 203 2902 tnu'm.
219 2872 318 2902 Verum
331 2875 384 2903 nou
399 2874 464 2904 satis
478 2874 543 2912 [ιπε-
554 2874 692 2912 coherent
712 2882 774 2904 cuin
792 2874 898 2910 exposi-

966 242 1020 271 tus,
1036 247 1114 268 arcus
1133 243 1280 275 potentium
1296 244 1469 270 munimentis
1485 244 1582 271 talibus
1598 245 1757 274 firmabitur.

963 273 999 301 Et
1021 275 1118 310 infirmi
1138 278 1244 304 accincti
1268 283 1326 305 sunt
1340 279 1429 305 robore
1443 299 1450 310 ,
1472 284 1501 305 ut
1523 284 1564 306 est
1579 289 1586 307 :
1603 280 1667 313 Qua:
1679 282 1760 308 stulta

963 314 1022 336 eunt
1036 312 1136 380 8ιςιιιιιιίὶ
1158 313 1233 348 elegit
1256 312 1326 340 Deus
1338 334 1345 347 ,
1367 319 1395 341 ut
1410 315 1551 349 conflanda!
1565 316 1643 350 sortia
1656 315 1680 351 (t
1697 315 1758 346 Cor.

964 351 1018 377 xit,
1069 366 1075 372 .

1001 381 1044 407 50.
1067 381 1190 409 infirmus
1205 384 1320 417 populus
1344 388 1386 411 est
1405 385 1513 419 gentitis
1526 406 1532 415 .
1557 386 1601 419 qni
1622 385 1725 413 alienus
1743 394 1759 414 a

965 414 1137 444 Testamenta
1159 417 1205 445 Dei
1228 419 1340 453 adeptus
1362 425 1403 447 est
1426 419 1610 448 fortitudinem
1625 442 1632 452 ,
1648 425 1676 448 ιιι
1692 422 1758 448 Pro-

965 450 1043 481 pheta
1059 452 1122 479 dicit
1136 461 1143 479 :
1158 451 1299 483 Fortitudo
1316 462 1372 481 mea
1384 460 1406 481 et
1424 455 1539 482 laudatio
1558 464 1612 482 meo
1634 456 1758 487 Dominus

964 485 1080 518 (Psalm.
1094 494 1174 519 cxvii.
1194 487 1238 523 tt)
1253 498 1260 523 ς
1281 490 1307 518 id
1332 494 1374 518 est
1388 511 1396 522 ,
1418 489 1545 517 fortitudo
1561 491 1620 525 ipse
1634 491 1759 521 Christus

964 526 1015 548 est.
1034 522 1123 556 Usque
1139 524 1239 551 sterilis
1252 530 1338 552 mater
1355 531 1443 552 nostra
1455 530 1496 552 εει
1507 526 1638 554 Ecclesia.
1657 527 1690 555 Et
1702 528 1760 556 lucc

965 557 1069 590 peperit
1083 563 1196 591 septem,
1214 559 1238 585 id
1253 563 1303 590 est.
1319 561 1500 592 septenarium
1518 569 1669 589 nnmerum.

999 591 1042 618 51.
1064 592 1096 618 Et
1112 601 1175 620 caro
1191 602 1248 620 inea
1263 594 1365 621 liabens
1386 595 1514 628 plurimos
1531 597 1633 624 tructus
1647 597 1736 624 carnis
1748 618 1757 632 ,

964 627 1179 660 fornicationem.
1198 629 1404 663 immunditiam,
1424 630 1628 663 impudicitiam,
1646 632 1758 659 idolola-

965 663 1053 693 triam,
1073 664 1211 696 venetii-in,
1229 666 1432 699 contentiones,
1449 667 1645 700 tumulationes,
1663 667 1758 695 incita-

963 698 1059 730 tiones.
1076 699 1267 730 dissensiones.
1286 700 1391 727 sterilis
1405 722 1411 732 ,
1436 701 1461 728 id
1476 707 1516 728 εει
1530 722 1537 732 ,
1559 703 1647 730 anima
1662 711 1669 735 ;
1693 710 1756 730 nam

962 733 1104 767 aliquando
1127 743 1178 761 non
1206 734 1335 763 afferebat
1360 735 1460 764 fructus
1486 735 1616 771 justitioe;
1640 745 1689 766 nec
1712 746 1759 772 pet·

962 768 1043 796 sutem
1061 769 1158 797 curisti
1175 771 1273 803 repleta
1290 776 1331 798 εει
1346 772 1439 804 spiritu
1454 773 1592 806 sapientiae
1604 793 1612 805 ,
1632 780 1659 800 et
1676 773 1756 801 intel-

962 803 1058 836 lectus,
1074 810 1100 831 ει
1115 805 1232 835 consilii.
1249 811 1276 833 et
1290 807 1463 839 fortitudinis.
1476 811 1502 835 et
1515 809 1646 843 scientiae,
1658 813 1686 837 et
1697 809 1756 844 pie-

962 843 1034 871 tatis,
1051 844 1078 867 et
1090 841 1195 868 timoris
1214 841 1271 869 Dei.

925 889 948 920 B
998 875 1042 902 52.
1063 875 1131 902 Deus
1143 876 1290 909 mortificat,
1303 881 1326 904 et
1337 877 1457 911 vivificat.
1473 877 1614 914 Mortificat
1628 887 1683 913 me,
1697 887 1759 908 cum

961 917 1049 946 esseni
1066 915 1187 938 mortuus
1203 918 1312 945 peccato
1325 933 1332 944 ,
1357 918 1383 939 ει
1407 918 1470 940 tunc
1484 913 1600 941 viviticat
1615 922 1659 942 ine
1672 935 1680 947 ,
1695 922 1757 942 cum

963 953 1005 972 me
1018 946 1077 972 facit
1091 946 1178 973 vivere
1193 946 1257 974 Deo.
1272 946 1357 974 Verus
1370 948 1463 979 David,
1478 956 1589 976 servans
1599 957 1663 977 oves
1675 950 1759 984 panis

961 981 1013 1014 sui,
1025 989 1039 1007 a
1050 981 1202 1015 »prehendit
1213 983 1329 1015 leonem,
1342 988 1369 1010 et
1381 983 1526 1011 interiecit.
1539 984 1645 1012 Titulus
1659 985 1756 1018 psalmi

959 1021 1002 1044 est
1017 1026 1023 1043 2
1058 1017 1095 1051 psi·
1107 1015 1201 1051 David,
1214 1019 1315 1052 quaudo
1330 1018 1399 1052 lilius
1411 1018 1605 1054 persequebatur
1616 1028 1685 1048 eum.

995 1063 1040 1090 55.
1062 1063 1117 1090 Ηοε
1130 1064 1227 1090 iactum
1238 1064 1349 1097 legimus
1361 1064 1386 1090 in
1399 1065 1472 1091 libris
1482 1065 1595 1099 Regum,
1610 1066 1686 1092 illurn
1701 1073 1756 1094 non

959 1098 1084 1125 dilectum
1111 1099 1219 1133 inique,
1245 1099 1292 1125 sed
1319 1099 1486 1126 humiliatum
1508 1102 1567 1134 pic,
1586 1102 1727 1135 accepisse
1742 1109 1758 1128 a

959 1133 1074 1159 Domino
1095 1133 1261 1167 discipinam
1277 1154 1283 1165 ,
1309 1135 1468 1161 ευειίιιυιεεε
1494 1135 1676 1170 medicinam,
1703 1144 1758 1164 non

959 1169 1162 1195 retributionem
1178 1170 1320 1204 iniquitati.
1347 1170 1392 1196 ille
1416 1170 1498 1197 David
1526 1171 1687 1204 laudabilis,
1708 1171 1756 1199 sed

958 1204 1027 1231 alius
1043 1204 1124 1231 David
1140 1204 1217 1231 fortis
1231 1213 1310 1232 ntanu
1325 1204 1454 1233 Dominus
1467 1206 1546 1233 Jcsus
1561 1206 1694 1234 Christus.

994 1249 1038 1277 54.
1070 1250 1207 1277 Praeterita
1232 1250 1303 1278 enim
1329 1251 1373 1277 illa
1398 1250 1468 1278 sacta
1490 1252 1582 1286 lignrae
1606 1252 1756 1281 futurorum

958 1290 1044 1313 erant.
1061 1287 1244 1320 Agnoscamus
1255 1287 1482 1321 quemadmodum
1495 1291 1523 1314 et
1533 1287 1670 1314 Christum
1684 1288 1755 1315 lilius

958 1328 1021 1348 suus
1038 1321 1257 1355 persequebatur.
1287 1322 1406 1348 ilabebat
1430 1322 1553 1349 Christus
1577 1324 1658 1356 titios,
1676 1323 1755 1359 557

957 1356 990 1382 de
1005 1357 1100 1390 quibus
1115 1358 1221 1383 dicebat
1237 1365 1242 1382 ε
1259 1356 1316 1383 Non
1330 1357 1452 1391 jejunant
1479 1358 1525 1384 titii
1540 1358 1631 1391 sponsi
1648 1378 1656 1390 ,
1670 1366 1756 1391 quan-

956 1391 1002 1453 tlliu
1016 1399 1076 1418 cum
1091 1392 1143 1418 illis
1159 1396 1201 1419 est
1224 1399 1351 1427 sponsus.
1376 1391 1449 1420 inter
1462 1392 1511 1420 lios
1532 1393 1581 1420 {uit
1602 1397 1756 1428 persecutor

975 1427 1051 1454 udas.

1075 1483 1112 1511 De
1128 1484 1239 1518 proximi
1252 1484 1292 1511 vei
1307 1484 1422 1519 defuncti
1436 1485 1527 1519 [ratris
1538 1485 1643 1520 copula.

993 1541 1040 1570 55.
1057 1541 1096 1570 Ex
1112 1542 1172 1577 lege
1195 1543 1320 1578 proximo
1347 1542 1465 1571 defuncti
1487 1544 1531 1573 vel
1558 1543 1633 1572 tratri
1659 1544 1755 1579 copula

962 1576 1132 1605 deferebatur
1145 1578 1204 1611 ejus
1216 1578 1318 1611 uxoris,
1332 1584 1361 1606 ut
1377 1587 1468 1607 semen
1482 1579 1570 1608 fratris
1583 1580 1624 1607 vet
1639 1580 1756 1614 proximi

962 1613 1118 1640 suscitaret.
1133 1613 1196 1641 lnde
1210 1618 1251 1641 est
1265 1614 1336 1647 quod
1353 1614 1436 1647 Ruth,
1450 1615 1513 1643 licet
1526 1616 1583 1650 ipsa
1594 1616 1756 1657 alienigena,

963 1653 1050 1676 tamen
1065 1648 1127 1682 quia
1139 1650 1263 1677 maritum
1275 1649 1404 1678 habuerat
1415 1658 1447 1677 ex
1460 1650 1570 1682 Judaeis,
1583 1652 1627 1685 qui
1640 1651 1756 1686 relique-

960 1689 1002 1711 rat
1015 1683 1186 1718 superstitem
1211 1684 1373 1718 proxiinuni,
1392 1692 1451 1713 eam
1473 1686 1645 1721 colligentem
1669 1687 1756 1714 niani·

961 1719 1037 1753 pulos
1051 1726 1108 1746 suae
1121 1719 1228 1754 messis,
1247 1720 1344 1755 quibus
1357 1719 1443 1748 aleret
1465 1728 1584 1755 socrum,
1598 1721 1653 1748 Boz
1677 1721 1755 1756 vidit,

960 1758 988 1781 et.
1000 1755 1108 1781 amavit.

995 1789 1041 1816 56.
1055 1789 1113 1817 Non
1130 1789 1209 1817 aliter
1221 1797 1280 1818 eam
1302 1791 1405 1826 accepit
1427 1798 1549 1826 uxorem,
1575 1791 1627 1819 nisi
1650 1791 1755 1819 catcea-

959 1830 1080 1853 mentum
1092 1825 1151 1859 eJus
1165 1830 1227 1854 ante
1250 1826 1385 1861 solvisset,
1401 1826 1444 1854 cui
1466 1834 1534 1854 uxor
1552 1826 1699 1855 debebatur
1719 1833 1755 1856 οι

960 1860 1031 1895 lege.
1048 1860 1163 1888 ilistoria
1175 1861 1299 1895 simplex,
1311 1862 1358 1890 sed
1372 1862 1424 1889 alta
1439 1863 1583 1897 mysteria;
1597 1861 1668 1889 aliud
1681 1862 1755 1891 enim

959 1894 1196 1930 gerebatur‚aliud
1205 1897 1376 1930 figurabatur.
1392 1897 1584 1932 Designabatur
1597 1898 1668 1925 enim
1681 1896 1755 1926 sutu-

959 1938 1004 1957 rus
1015 1930 1153 1958 exludaeis
1165 1930 1213 1958 Clu
1221 1931 1349 1966 istus,qui
1378 1932 1473 1960 roximi
1482 1933 1534 1965 sui,
1543 1933 1593 1960 boc
1602 1937 1654 1967 est,
1663 1932 1755 1967 populi

959 1966 1057 1994 mortni
1071 1974 1162 1993 semen
1178 1966 1307 1995 doctrinm
1319 1975 1360 1995 coe
1372 1968 1437 1995 estis
1449 1968 1552 1996 semine
1567 1969 1750 1996 resuscitaret.

994 2001 1040 2028 57.
1055 2002 1103 2029 Cui
1129 2002 1340 2030 calceamentum
1367 2003 1487 2038 nuptiale
1513 2003 1643 2032 Ecclesiae
1670 2011 1753 2038 copu-

961 2036 1047 2063 landae
1060 2037 1208 2071 perscripta
1233 2038 1300 2072 legis
1313 2038 1463 2073 spiritualia
1491 2038 1667 2066 deteretiant?
1693 2039 1754 2067 Non

959 2072 1063 2108 Moyses
1073 2080 1197 2106 sponsus.
1209 2073 1250 2100 ttti
1259 2073 1330 2101 enim
1342 2073 1438 2100 dicitur
1452 2082 1461 2101 ε
1474 2073 1549 2102 Solve
1561 2074 1733 2101 calceamenta
1740 2082 1752 2108 ;

958 2115 993 2134 ne
1008 2116 1040 2135 ex
1056 2107 1230 2135 similitudine
1242 2109 1359 2136 nominis
1372 2116 1489 2143 sponsus
1505 2109 1633 2137 Ecctesiae
1656 2108 1751 2137 crede·
1799 2116 1801 2118 ·

959 2147 1042 2169 ιειυι.
1060 2143 1118 2170 Νοιι
1138 2143 1207 2169 alius
1221 2151 1345 2178 sponsus,
1362 2145 1410 2171 sed
1432 2145 1506 2172 sotus
1531 2144 1656 2172 christus
1681 2147 1753 2177 erat,

958 2178 991 2205 de
1006 2186 1057 2239 qu
1069 2178 1137 2206 dixit
1160 2178 1299 2240 Jggnnes:
1316 2178 1368 2214 Qui
1393 2179 1468 2208 habet
1487 2187 1619 2215 sponsum,
1642 2187 1751 2215 :pomus

957 2217 993 2240 est
1040 2221 1100 2240 nan.
1118 2221 1157 2246 ιιι,
1224 2233 1232 2241 .

993 2214 1037 2275 5(8.
1067 2249 1139 2276 itlius
1167 2214 1246 2283 issiiiir
1273 2249 1482 2278 calceamentum
1507 2250 1644 2283 solutum
1670 2247 1754 2284 hujus

958 2283 1026 2309 solvi
1040 2291 1092 2309 non
1109 2287 1206 2317 potest,
1223 2284 1291 2311 sicut
1306 2285 1423 2311 Joannes
1447 2293 1453 2310 :
1479 2283 1541 2310 Non
1563 2293 1619 2311 eum
1644 2284 1749 2318 dianus,

958 2317 1054 2352 inquit,
1064 2319 1159 2345 solvere
1170 2319 1338 2353 corriqiamet
1348 2319 1456 2352 reliqua.
1471 2319 1550 2346 sotus
1561 2327 1625 2353 ergo
1635 2326 1750 2353 sponsus

958 2353 1082 2379 cbristus
1095 2358 1136 2380 est
1152 2362 1159 2379 :
1174 2353 1216 2379 cui
1241 2354 1285 2380 illa
1311 2355 1422 2381 veniens
1444 2361 1476 2380 ex
1501 2353 1626 2388 gentibus
1649 2360 1749 2388 sponsa

958 2391 1020 2414 ante
1034 2388 1121 2422 inops,
1147 2392 1227 2422 atque
1251 2387 1354 2424 jejuna,
1379 2389 1426 2415 sed
1452 2389 1506 2423 jam
1532 2388 1634 2415 Cbristi
1660 2394 1750 2416 mesto

958 2423 1042 2455 dives,
1056 2422 1219 2457 innubaque,
1236 2423 1387 2457 manipulos
1408 2423 1528 2451 fecundae
1551 2424 1651 2458 segetis
1672 2423 1750 2452 verbi

958 2456 1086 2491 reliquias
1100 2458 1203 2491 gremio
1217 2458 1280 2491 ligat
1293 2458 1390 2485 mentis
1404 2460 1520 2489 interno.
1536 2464 1566 2486 ut
1589 2459 1749 2486 exhaustam

960 2492 1033 2519 illan
1049 2493 1155 2520 viduam
1167 2499 1253 2521 morte
1265 2493 1309 2521 titii
1321 2498 1401 2529 atque
1413 2494 1520 2530 inopem
1530 2494 1646 2522 deluneti
1657 2493 1749 2531 popuii

957 2559 1030 2587 tione
1043 2559 1147 2588 Cantici
1161 2561 1246 2588 Anam
1259 2570 1265 2588 ε
1282 2561 1352 2589 Deus
1364 2563 1511 2597 mortificat,
1525 2567 1578 2590 ote.
1739 2594 1742 2597 ,

992 2594 1039 2623 55.
1055 2597 1116 2623 itaec
1132 2597 1268 2630 pertinent
1282 2597 1315 2624 ad
1326 2598 1422 2625 librum
1436 2599 1519 2631 ιιιιιιι,
1535 2598 1580 2633 qui
1596 2596 1658 2625 tibi-i
1670 2596 1748 2625 ludi·

957 2638 1019 2658 cum
1032 2631 1114 2659 vetuti
1126 2632 1259 2666 appendix
1273 2637 1326 2665 est,
1341 2641 1374 2660 nc
1393 2633 1514 2667 praeiatio
1536 2634 1571 2660 nd
1588 2633 1674 2660 libros
1690 2632 1747 2660 no-

955 2673 1030 2700 gutn.
1047 2666 1075 2693 1η
1087 2667 1135 2693 Με.
1152 2673 1194 2694 εει
1216 2668 1326 2702 proximi·
1350 2675 1432 2703 supro
1455 2668 1582 2703 monimo,
1603 2671 1631 2694 ει
1655 2667 1747 2702 [νηπία

956 2708 1006 2735 pro
1016 2702 1102 2735 [ratri.
1114 2707 1142 2729 ει
1159 2702 1221 2737 quia
1233 2704 1383 2738 retiquemt,
1398 2708 1426 2730 et
1445 2711 1552 2738 eamque
1574 2703 1744 2738 colligam.

992 2736 1037 2764 56.
1066 2737 1115 2764 iiic
1134 2742 1194 2765 erat
1220 2746 1277 2765 mos
1306 2738 1432 2773 antiquus
1455 2739 1483 2766 in
1509 2738 1609 2768 unct,
1637 2737 1672 2764 de
1690 2744 1747 2772 quo

957 2778 1018 2805 cap.
1033 2779 1071 2805 ιν,
1086 2773 1114 2804 7.
1129 2773 1190 2800 libri
1205 2773 1290 2805 ιιιιιιι,
1305 2780 1334 2800 ιιι
1346 2773 1393 2807 qui
1401 2773 1457 2808 juri
1468 2780 1518 2800 suo
1528 2773 1642 2801 adom
1654 2773 1746 2805 ειιιιος

954 2811 996 2834 ret
1009 2807 1220 2836 calceamentum
1230 2817 1320 2842 ιοιιιιι,
1335 2815 1364 2837 οι
1373 2810 1452 2836 dam
1465 2809 1589 2844 proximo
1600 2814 1663 2836 m-

990 2841 1036 2870 58.
1049 2842 1080 2871 ιιι
1091 2842 1153 2877 bis„
1165 2843 1336 2884 innatum,
1346 2846 1375 2877 co
1387 2843 1460 2877 ιιυῠῐσ
1471 2847 1571 2882 μεμι-
