1832 3016
210 167 259 197 ¹27

210 273 276 306 xvtt)
289 294 295 303 ,
308 271 424 299 baeretici
435 270 628 302 significantur,
640 269 685 302 qui
698 270 724 295 in
737 268 867 294 varietate
877 267 995 294 colorum

208 316 388 343 diversitatem
402 314 500 342 habent.
512 313 698 344 schismatum,
714 312 814 346 quique
828 311 889 338 ideo
904 311 937 337 ad
951 319 997 338 sa-

207 362 330 390 cerdotes
345 361 497 392 mittuntur,
519 363 559 391 ut,
574 360 678 385 detersa
694 358 767 384 omni
779 357 908 384 varietate
922 363 998 384 erro-

207 415 264 434 rum
274 429 282 440 ,
297 406 403 433 unitatis
419 405 564 439 percipiant
575 409 781 431 sacramentum.
906 436 912 440 ,

242 453 306 481 222.
326 452 408 479 Judex
422 451 528 484 iniquus
540 469 547 481 ,
562 450 607 483 qui
624 450 763 476 Dominum
786 457 837 476 non
863 448 976 475 timebat.
988 467 997 480 ,

207 499 312 525 assidue
340 504 427 523 tamen
442 496 630 530 deprecantem
647 495 752 521 viduam
769 494 906 521 exaudivit
919 493 997 528 (Luc.

208 544 285 578 svnt)
297 563 304 574 ,
332 542 478 569 similitudo
507 546 548 568 est
571 549 623 575 qua
648 541 847 567 demonstratur
872 543 998 573 quantam

207 597 280 622 spem
297 588 395 614 habere
409 587 505 614 debeat
520 586 564 621 qui
580 586 720 613 Dominum
737 585 920 612 indesinenter
949 592 998 611 ex-

208 634 299 666 poscit,
314 640 375 659 cum
391 632 474 659 etiam
494 632 563 665 apud
579 639 657 658 aures
673 631 755 665 iniqui
769 630 868 665 judicis
886 629 999 656 valuerit

205 679 330 712 irequens
343 679 469 704 instantia
480 677 567 704 viduae
582 677 762 710 deprecantis.
779 676 837 710 ipsa
852 682 943 702 autem
960 676 1000 702 vi-

207 723 258 750 dua
274 723 425 757 significare
440 727 527 757 potest
549 722 706 755 Ecclesiam,
735 722 935 756 perseverantia
950 728 997 747 sua

207 776 342 805 petentem
358 771 485 798 ultionem
499 770 534 798 tle
547 769 662 797 inimicis
672 770 737 801 suis,
755 768 875 802 diabolo,
888 767 929 794 vel
943 767 999 794 bae-

210 816 309 843 reticis.

242 860 304 888 225.
325 861 476 888 Pharisaeus
491 868 570 888 orans
585 861 612 887 in
627 862 725 895 templo
739 860 833 896 (Ibid.)
847 861 999 888 ludaeorum

733 166 761 192 S.
784 163 908 192 lSlDORl
927 163 1150 193 RlSPALENSlS
1171 165 1323 193 episcopt
1810 203 1817 210 ..

242 227 305 254 22t.
322 226 417 255 Decem
426 224 589 259 leprosi,qui
599 223 783 251 mundantura
798 222 909 248 Domino
919 221 995 256 (Luc.
1011 224 1035 252 Α
1051 229 1098 255 per
1120 222 1217 249 lavacri
1244 223 1357 256 gratiam
1381 226 1519 248 transeunt
1542 221 1576 248 ad
1602 220 1734 255 passionis
1755 229 1788 249 co
1809 256 1813 258 .

1050 275 1121 295 nam.

1083 313 1147 341 254.
1173 314 1378 341 Architriclinus
1404 313 1510 350 (1⁶54).
1538 315 1642 349 Moyses
1670 314 1793 350 inteiligit
1809 312 1822 318 ’”

1049 359 1093 392 qui
1109 360 1220 386 miratur
1236 361 1371 388 meliorem
1398 365 1425 388 et
1448 362 1612 389 sanctiorem
1638 361 1764 396 populum

1049 405 1142 432 Jesum
1167 408 1192 433 in
1216 407 1390 443 Evangelium
1419 414 1611 444 congregatum
1627 428 1634 440 ‚
1663 415 1743 442 quam
1766 407 1794 434 ill

1051 452 1168 485 priorem
1178 454 1211 481 ab
1228 454 1348 490 AEgypto
1359 456 1522 488 deductutn;
1538 455 1642 482 finitum
1656 455 1728 481 enim
1749 453 1793 480 vin

1050 499 1168 525 ostendit
1187 500 1320 527 sublatam
1334 509 1395 528 esse
1410 502 1521 537 gratiam
1535 501 1651 535 Spiritus
1666 499 1751 527 sancti
1763 507 1776 527 a
1789 498 1813 527 J'

1051 542 1127 576 daeis,
1139 548 1167 570 et
1182 552 1229 578 per
1240 547 1377 580 apostolos
1390 547 1417 573 in
1432 547 1558 581 gentibus
1573 546 1766 573 contributam.
1812 543 1823 548 ’”

1086 587 1148 613 235.
1163 589 1256 616 Mulier
1271 590 1439 619 Samaritana
1452 591 1544 626 (Joan.
1565 591 1602 625 tv)
1617 591 1730 626 mystice
1745 590 1810 618 intel

1051 633 1121 665 gitur
1145 633 1283 668 Synagoga
1310 637 1429 670 quinque
1445 637 1519 663 libris
1542 637 1619 671 tegis,
1635 637 1711 669 quasi
1726 636 1818 671 quinq,

1053 679 1127 710 νιιίς,
1156 682 1302 708 secundum
1333 690 1443 709 sensum
1470 683 1571 714 carnis,
1598 682 1718 716 subjecta
1730 701 1737 714 ,
1764 690 1798 716 qu

1054 723 1263 752 misericorditer
1292 727 1419 754 Dominus
1449 732 1578 760 provocat
1604 727 1712 754 haurire
1747 734 1798 761 aqu
1815 722 1822 760 s

1053 771 1148 802 vivam,
1167 772 1261 798 lavacri
1276 773 1378 799 scilicet
1396 774 1533 807 percipere
1555 774 1680 807 gratiam,
1699 773 1742 800 vel
1755 780 1799 800 sec

1055 820 1106 841 tam
1124 816 1188 851 legis
1206 817 1422 852 intelligentiam.
1828 818 1832 824 ²

1089 861 1153 888 230.
1170 862 1265 889 Mulier
1281 863 1412 896 adultera,
1428 872 1487 897 quae
1510 864 1622 891 offertur
1643 865 1660 890 a'
1682 865 1781 891 ‚ludaeis
1798 862 1832 897 01

207 913 248 934 est
261 907 383 941 populus,
394 908 439 942 qui
453 915 486 935 ex
499 907 734 942 justificationibus
749 908 816 942 legis
828 907 930 934 extollit
942 916 997 935 me-
1014 907 1037 935 B
1052 905 1124 933 mino
1137 907 1277 940 lapidanda
1293 908 1382 942 (Joan.
1399 910 1468 944 vm),
1480 916 1519 937 est
1532 911 1652 938 Ecclesia
1665 919 1697 938 ex
1710 902 1832 952 gentibtss-

208 953 258 980 rita
273 957 330 979 sua.

244 998 307 1025 2212.
324 999 484 1026 Publicanus
499 1007 564 1026 vero
579 998 674 1034 (ibid.)
688 999 793 1034 gentilis
806 1003 847 1026 est
864 1000 974 1034 populus
989 1021 996 1033 ,

209 1046 253 1079 qui
267 1046 345 1079 longe
358 1052 373 1071 a
386 1045 440 1071 Deo
456 1045 557 1078 positus
571 1045 713 1072 confitetur
727 1050 835 1078 peccata
848 1053 894 1071 sua
910 1066 916 1077 ‚
932 1054 998 1079 quo-

209 1098 267 1117 rum
280 1098 348 1117 unus
358 1091 538 1124 superbiendo
550 1092 661 1118 recessit
676 1091 842 1123 humiliatus,
857 1091 925 1118 alter
935 1099 998 1118 con-

208 1136 307 1164 fitendo
325 1138 379 1164 Deo
392 1140 606 1173 appropinquare
617 1139 714 1166 meruit
729 1139 872 1165 exaltatus.

243 1181 306 1208 225.
326 1181 420 1210 Caecus
431 1184 527 1211 sedens
538 1191 616 1211 secus
627 1185 695 1210 viam
710 1183 803 1218 (Ibid.)
815 1185 938 1219 populum
952 1185 998 1211 de-

211 1233 340 1254 monstrat
355 1229 491 1262 gentilem,
505 1230 549 1264 qui
564 1237 611 1264 per
626 1229 726 1257 Christi
740 1230 854 1264 gratiam
869 1230 930 1256 fidei
943 1237 999 1257 me-

211 1274 263 1299 ruit
276 1274 436 1301 claritatem.

245 1318 307 1345 226.
324 1319 451 1346 Zachaeus
467 1320 541 1353 (Luc.
560 1320 616 1354 xix)
631 1321 739 1354 gentilis
753 1326 794 1348 est
807 1322 928 1354 populus,
939 1329 999 1354 gra-

211 1366 248 1392 tia
260 1365 415 1391 meritorum
427 1365 547 1398 pusillus,
560 1366 604 1399 qui
620 1370 720 1397 tamen,
737 1374 751 1392 a
768 1367 881 1393 terrenis
896 1367 999 1393 actibus

210 1410 370 1442 sublevatus,
384 1418 430 1444 per
446 1410 543 1444 lignum
555 1411 695 1438 dominicae
710 1412 796 1438 crucis
810 1410 911 1438 Christi
924 1419 999 1446 mys·

211 1457 305 1482 terium
321 1456 524 1490 contemplatur.

245 1500 308 1528 227.
330 1501 414 1528 {tomo
429 1501 525 1528 nobilis
538 1501 581 1535 qui
599 1501 625 1527 in
639 1501 809 1535 longinquam
826 1502 889 1528 abiit
913 1509 998 1535 rcgto-

210 1554 271 1573 nem
285 1546 403 1579 accipere
414 1546 464 1573 sibi
478 1554 586 1580 regnum
602 1545 696 1581 (ibid.)
709 1566 716 1578 ,
733 1547 894 1580 Redemptor
908 1552 999 1574 noster

209 1595 258 1622 est,
267 1594 310 1624 qui
324 1598 405 1625 nsque
417 1592 449 1618 ad
464 1591 531 1618 lines
543 1597 621 1618 terrae
631 1592 750 1625 pervenit
763 1592 883 1626 accipere
891 1600 998 1627 regnum
1014 1590 1037 1621 C

210 1636 239 1663 in
257 1637 360 1670 populis
372 1637 500 1672 gentium.

243 1681 306 1708 228.
326 1681 405 1709 Cives
417 1681 461 1716 qui
474 1682 618 1709 noluerunt
631 1691 691 1710 eum
708 1691 820 1718 regnare
833 1683 938 1718 (Ibid.)
954 1683 998 1711 Ju-

208 1726 259 1753 daei
274 1727 466 1761 intelliguntur,
482 1727 527 1762 qui
541 1727 675 1755 Christum
691 1736 779 1763 regem
791 1736 961 1762 spreverunt.

243 1772 306 1799 2-29.
327 1772 426 1799 servus
441 1773 485 1807 qui
511 1781 600 1800 mnam
626 1782 704 1801 unam
732 1775 868 1809 accipiens
883 1796 890 1808 ,
905 1776 997 1803 decem

208 1818 343 1851 acquisivit
377 1817 469 1853 (ibid.)
480 1837 488 1851 ‚
505 1819 634 1853 significat
661 1820 785 1847 doctores
814 1821 871 1855 qui,
887 1827 996 1855 accepta

208 1865 291 1896 gratia
304 1863 450 1898 Evangelii,
468 1866 495 1891 in
510 1865 602 1893 decem
617 1866 758 1894 verborum
788 1868 909 1902 Decalogi
928 1876 996 1902 prae-

208 1908 365 1936 dicatnentis
377 1909 444 1937 bene
459 1910 498 1938 usi
511 1916 583 1946 sunt,
598 1917 625 1939 et
638 1912 758 1940 docendo
768 1914 899 1941 multosiu
917 1914 996 1949 149

209 1955 261 1982 fide
275 1955 464 1990 acquisierunt,
481 1957 591 1993 idcirco,
616 1958 774 1987 adveniente
802 1960 924 1993 Domino,
941 1962 998 1988 lan-

207 2000 350 2033 dabuntur,
364 2002 424 2036 quia
438 2002 532 2030 lucrati
543 2009 615 2032 sunt.

241 2045 305 2073 250.
331 2046 380 2079 Qui
396 2054 461 2074 vero
473 2055 506 2075 ex
521 2056 572 2076 una
587 2050 704 2084 quinque
727 2052 870 2085 acquisivit
887 2051 996 2087 (Ibam,

207 2093 267 2120 illos
282 2094 448 2121 demonstrat
462 2095 507 2130 qui
518 2097 671 2124 mandatum
690 2098 735 2125 Dei
748 2104 886 2126 servantes
900 2107 996 2127 conse-

208 2143 326 2170 quuntur
338 2140 477 2166 scientIam
503 2141 579 2174 legis,
609 2143 637 2169 in
668 2143 785 2177 quinque
814 2144 889 2171 libris
913 2145 995 2180 Moysi

208 2183 346 2217 scriptam,
363 2192 475 2220 eamque
488 2187 608 2215 docendo
621 2188 655 2215 ad
671 2196 749 2216 usum
763 2190 857 2218 salutis
870 2199 995 2218 necessa-

208 2228 275 2255 rium
291 2229 455 2257 lenerantur.

242 2271 305 2302 23¹·
317 2275 366 2307 Qui
377 2283 441 2302 vem
452 2284 539 2304 mnam
565 2278 648 2311 ipsam
662 2279 688 2305 in
703 2271 812 2306 sudabit,
826 2282 995 2308 conservavit
1010 2275 1036 2304 D
1048 2275 1214 2303 corruperat,
1229 2271 1273 2305 qui
1295 2277 1383 2299 tamen
1399 2279 1492 2307 quarta
1519 2275 1563 2302 die
1586 2277 1681 2304 mortis
1694 2278 1795 2305 resusci

207 2318 312 2354 (mm),
324 2321 439 2348 ostendit
450 2329 510 2349 eum
525 2323 568 2356 qui
581 2323 714 2350 creditum
727 2323 777 2350 sibi
790 2324 882 2358 gratiae
896 2326 994 2353 donum

206 2365 322 2396 delicate
342 2366 482 2402 otioseque
505 2369 638 2401 tractavit,
657 2370 727 2396 unde
747 2375 774 2396 et
797 2375 871 2397 recte
897 2373 994 2399 atnittit

206 2410 330 2438 collatam
353 2412 475 2447 gratiam,
491 2413 552 2448 quia
570 2421 618 2447 per
633 2415 820 2450 negligentiam
849 2417 994 2450 praedicare

206 2457 376 2490 contempsit.
391 2459 455 2485 utei
470 2463 613 2492 augeretur
626 2460 697 2493 quod
719 2460 861 2488 laboravit.

241 2495 303 2528 252.
318 2500 402 2530 Vidua
416 2510 477 2536 quae
490 2504 516 2531 in
532 2505 724 2540 gazophylacio
738 2506 792 2534 duo
806 2507 870 2544 jecit
890 2507 993 2535 minuta

206 2545 283 2580 (Luc.
299 2547 366 2581 xxi),
384 2549 500 2576 animam
513 2549 621 2578 ildelem
635 2551 802 2580 demonstrat
823 2553 882 2587 ejus
903 2554 947 2588 qui
966 2554 994 2581 in

206 2591 331 2620 thesauro
338 2594 427 2622 cordis
437 2594 480 2623 sui
493 2594 612 2624 fructum
619 2596 769 2627 dilectionis
779 2599 826 2627 Dei
837 2605 864 2628 et
877 2601 993 2635 proximi

205 2643 304 2666 servat.

241 2682 302 2712 255.
330 2686 450 2720 Sponsus
474 2688 576 2723 (Joan.
606 2690 645 2725 ιι)
673 2691 796 2720 Christus
824 2697 885 2726 est:
915 2693 992 2728 cuius

206 2731 304 2764 nuptia}
327 2739 386 2759 cum
412 2733 533 2762 Ecclesia
553 2736 748 2774 celebrantur,
775 2739 803 2767 in
824 2740 900 2774 eujus
925 2747 992 2768 con-

207 2774 343 2809 iunctione
367 2785 434 2813 aqua
449 2780 476 2807 in
496 2781 587 2809 vinum
607 2788 745 2819 mutatur,
763 2785 825 2821 qnia
849 2787 990 2814 credentes

241 2835 305 2875 29⁰.
320 2838 399 2870 Saepe
413 2839 456 2867 bic
465 2847 553 2868 εει-ιιι»
567 2850 584 2869 a
599 2843 737 2873 nativitate
746 2865 754 2876 .
779 2842 814 2872 de
837 2851 890 2878 qno
904 2851 994 2873 sermo

209 2873 249 2897 eet
258 2877 284 2898 ιιι
299 2871 459 2908 Evangelio,
474 2882 680 2910 repraesentatur
700 2879 726 2908 in
746 2879 927 2908 monumentis
939 2888 989 2909 ve·

1050 960 1121 986 quae,
1148 954 1219 986 prius
1236 955 1330 981 relicto
1355 956 1410 982 Deo
1423 976 1430 986 ,
1451 957 1476 982 in
1493 957 1573 983 idolis
1598 957 1684 983 luerat
1704 953 1832 1000 fornicat*

1052 999 1120 1027 hanc
1138 1001 1244 1027 volebat
1269 1002 1408 1036 synagoga
1424 1003 1514 1029 zelans
1541 1004 1664 1036 interfici,
1677 1010 1704 1031 et
1723 1001 1832 1039 Cltrisul

1052 1054 1110 1073 eam
1127 1047 1215 1073 salvat
1233 1055 1279 1081 per
1295 1049 1480 1075 remissionem
1504 1049 1605 1081 delicti,
1631 1057 1680 1076 nec
1704 1050 1767 1076 sinit
1787 1046 1832 1127 ⁰³

1051 1093 1158 1126 perire,
1185 1094 1229 1127 qui
1252 1095 1326 1120 novit
1349 1095 1456 1121 veniam
1485 1097 1638 1123 condonare
1661 1097 1799 1130 peccantih

1086 1137 1149 1163 257.
1173 1138 1265 1165 Simon
1291 1139 1413 1174 leprosus
1439 1140 1547 1175 (ΜαιιΙι.
1573 1142 1647 1176 xxvi)
1675 1144 1781 1176 gentil1s
1803 1139 1832 1174 d

1053 1183 1174 1216 populus,
1189 1184 1232 1216 qui
1249 1190 1291 1211 est
1313 1193 1327 1211 a
1350 1185 1530 1220 Redemptore
1548 1188 1701 1215 mundatus.

1087 1227 1152 1256 258.
1180 1230 1275 1256 Mulier
1291 1239 1351 1266 quae
1376 1238 1512 1267 unguento
1538 1239 1616 1268 caput
1643 1235 1747 1262 Domini
1772 1235 1832 1271 utu}

1053 1273 1147 1308 (ibid.)
1166 1275 1285 1303 Ecclesia
1305 1282 1363 1310 est,
1385 1286 1443 1312 quae
1460 1278 1562 1306 tructus
1574 1281 1614 1307 sui
1630 1281 1719 1314 operis
1731 1281 1832 1317 lideiqtl

1052 1319 1163 1346 odorem
1189 1321 1222 1347 ad
1246 1322 1351 1349 laudem
1375 1323 1421 1350 Dei
1444 1330 1470 1351 et
1497 1325 1595 1352 Christi
1621 1326 1731 1359 gloriam
1757 1327 1832 1358 rel'etl

1087 1374 1148 1402 259.
1166 1377 1282 1410 Angelus
1308 1378 1352 1405 ille
1367 1380 1400 1406 ad
1420 1381 1495 1414 cujus
1510 1381 1670 1409 descensum
1690 1383 1832 1413 movebat·

1051 1429 1129 1455 aqua,
1146 1423 1263 1457 quinque
1281 1426 1428 1457 porticibus
1443 1427 1533 1454 cineta
1550 1427 1639 1462 (Joan.
1658 1429 1683 1463 ν)
1697 1449 1704 1461 ,
1721 1428 1832 1460 christu

1051 1472 1102 1500 est,
1123 1468 1148 1494 in
1165 1470 1242 1501 cujus
1259 1471 1379 1498 adventu
1398 1473 1521 1501 turbatus
1540 1478 1580 1500 est
1599 1474 1678 1509 150
1692 1475 1832 1507 Judaeoruu

1055 1514 1168 1547 populus
1178 1515 1297 1550 quinque
1314 1516 1390 1544 buris
1401 1519 1543 1546 conclusus
1556 1528 1562 1547 :
1578 1520 1759 1548 descendente
1774 1521 1832 1552 eni!

1052 1560 1157 1593 angelo,
1171 1565 1391 1590 commovebatur
1403 1573 1483 1599 aqua,
1499 1570 1526 1593 et
1543 1567 1688 1594 sanabatur
1704 1569 1832 1599 infimum

1054 1606 1236 1635 descendente
1256 1609 1290 1637 de
1304 1610 1380 1638 melis
1392 1612 1508 1648 Christo,
1522 1621 1672 1642 commotus
1687 1620 1728 1643 est.
1743 1617 1770 1643 in
1785 1620 1832 1651 pfl

1054 1652 1129 1678 sione
1154 1652 1211 1686 ejus
1226 1654 1296 1681 idem
1313 1656 1443 1690 populus,
1459 1662 1486 1684 et
1515 1665 1627 1687 sanatus
1644 1665 1686 1687 est
1715 1661 1832 1694 mundun

1088 1708 1151 1735 240.
1177 1708 1270 1737 Caecus
1290 1719 1304 1737 a
1329 1713 1478 1745 nativitate,
1504 1723 1583 1749 quem
1615 1716 1752 1750 Dominus,
1770 1716 1832 1752 pos(

1053 1762 1132 1788 quam
1151 1756 1226 1783 unxit
1239 1758 1342 1790 oculos,
1360 1759 1392 1785 ad
1418 1759 1549 1792 piscinam
1571 1762 1644 1788 Siloe
1665 1762 1737 1790 misit
1751 1763 1832 1797 lavat!

1052 1801 1222 1836 domatum.
1246 1803 1295 1838 tx),
1319 1805 1451 1838 significat
1475 1814 1560 1841 genus
1580 1808 1724 1836 humanum
1747 1816 1792 1836 an

1052 1848 1141 1880 vitate,
1170 1849 1195 1875 id
1222 1854 1273 1882 est,
1290 1857 1304 1875 a
1330 1851 1416 1884 ptimo
1437 1851 1544 1879 homine
1575 1861 1696 1881 errorum
1727 1858 1786 1882 tenc

1051 1893 1185 1924 vitiatum,
1211 1895 1287 1928 cujus
1298 1897 1389 1923 oculos
1411 1897 1539 1924 Dominus
1553 1899 1587 1926 de
1606 1904 1686 1933 sputo
1699 1904 1726 1927 et
1739 1900 1816 1929 lutol

1052 1941 1127 1972 nivit,
1144 1941 1204 1974 quia
1220 1942 1329 1969 verbum
1342 1950 1407 1969 caro
1422 1943 1520 1970 sactum
1532 1949 1583 1972 est.
1599 1945 1633 1972 Et
1651 1946 1734 1973 lavari
1751 1954 1783 1974 oc

1051 1985 1076 2012 in
1094 1986 1192 2019 piscina
1206 1986 1296 2021 jussit,
1312 1992 1340 2014 ut
1353 1989 1500 2022 baptizatus
1513 1990 1541 2017 in
1561 1990 1685 2024 Christo,
1708 1940 1832 2072 accio&

1051 2031 1136 2065 legem
1154 2032 1224 2066 iidei,
1236 2038 1261 2060 et
1279 2034 1402 2061 crederet
1414 2035 1441 2062 in
1455 2042 1515 2062 eum
1531 2036 1576 2070 qui
1586 2036 1694 2065 humilis
1706 2038 1733 2065 in
1741 2046 1787 2065 mu

1050 2083 1181 2110 apparun.

1085 2133 1148 2160 ΞΗ.
1165 2134 1298 2169 Lazarus,
1323 2145 1401 2170 quem
1421 2138 1550 2166 Dominus
1574 2141 1778 2174 quatriduanum

1049 2183 1145 2206 tentem
1170 2180 1204 2207 de
1226 2187 1398 2210 monumento
1413 2185 1550 2212 suscitavit
1566 2185 1655 2220 (loun.
1672 2187 1721 2221 ιι),
1737 2187 1813 2222 εἰμι’,

1048 2229 1091 2250 cat
1113 2226 1251 2258 nmndum,
1268 2235 1346 2261 quem
1369 2229 1525 2262 gravissima
1546 2231 1646 2264 peccati
1672 2237 1783 2259 cotisuet

1050 2321 1102 2343 tur.
1117 2316 1204 2343 Prima
1232 2318 1304 2344 enim
1332 2318 1390 2346 dies
1414 2324 1455 2346 est
1476 2321 1582 2354 mortis,
1595 2326 1677 2349 tracta
1702 2331 1735 2350 cx
1749 2323 1790 2352 Ad

1048 2452 1117 2479 datm
1141 2453 1230 2488 legis3
1259 2459 1368 2488 quartus
1395 2455 1451 2483 dies
1474 2458 1568 2484 mortis
1593 2463 1634 2485 est
1667 2456 1799 2496 contemp*

1047 2498 1205 2532 evangeliea·
1215 2499 1426 2534 praedicationis,
1444 2501 1468 2528 in
1484 2503 1590 2537 quodie
1605 2504 1742 2539 Dominus,
1755 2513 1787 2535 su

1046 2549 1114 2576 opus
1133 2543 1288 2578 respiciens,
1305 2546 1514 2576 miserIcorditer
1538 2550 1699 2579 resuscitare
1710 2552 1772 2587 dign

1046 2592 1099 2616 est.

1080 2645 1144 2674 242.
1163 2646 1261 2675 Servus
1286 2649 1413 2683 principis
1440 2651 1621 2686 sacerdotum,
1636 2652 1713 2687 cujus
1739 2653 1756 2681 d

1045 2696 1197 2726 amputatur
1217 2693 1333 2722 auricula
1351 2694 1459 2729 (Bauli.
1485 2697 1576 2733 xxvi),
1605 2696 1774 2728 huetium.

1043 2738 1167 2773 populus,
1190 2738 1299 2774 propter
1314 2741 1634 2773 incredulitatemurvus
1647 2739 1778 2776 osteum-'1

1041 2784 1178 2813 dexteram
1193 2793 1286 2814 aurem
1308 2788 1416 2821 amittit.
1431 2787 1496 2816 dum
1520 2787 1556 2816 ad
1571 2787 1712 2840 sinistram
1724 2796 1759 2840 pe

1048 2850 1115 2874 ster.
1141 2840 1300 2879 Christian..
1325 2849 1357 2875 ut
1373 2845 1462 2879 videri,
1475 2838 1564 2882 polest
1576 2839 1647 2879 ιἰιιιιΙ

1043 2880 1124 2910 Rom.
1139 2880 1298 2911 subterrati.
1311 2885 1376 2910 tom.
1386 2880 1411 2916 Ι,
1424 2884 1485 2918 pag.
1499 2875 1564 2919 ΠΒ,
1575 2881 1661 2911 mv.
