<?xml version="1.0" encoding="UTF-8"?>
<!DOCTYPE html PUBLIC "-//W3C//DTD XHTML 1.0 Transitional//EN"
    "http://www.w3.org/TR/xhtml1/DTD/xhtml1-transitional.dtd">
<html xmlns="http://www.w3.org/1999/xhtml" xml:lang="en" lang="en">
 <head>
  <title>
</title>
<meta http-equiv="Content-Type" content="text/html;charset=utf-8" />
  <meta name='ocr-system' content='tesseract 3.04.00' />
  <meta name='ocr-capabilities' content='ocr_page ocr_carea ocr_par ocr_line ocrx_word'/>
</head>
<body>
  <div class='ocr_page' id='page_1' title='image "./patrologiae83unknuoft_0175.png"; bbox 0 0 1832 3016; ppageno 0'>
   <div class='ocr_carea' id='block_1_1' title="bbox 57 122 109 152">
    <p class='ocr_par' dir='ltr' id='par_1_1' title="bbox 57 122 109 152">
     <span class='ocr_line' id='line_1_1' title="bbox 57 122 109 152; baseline -0.038 0"><span class='ocrx_word' id='word_1_1' title='bbox 57 122 109 152; x_wconf 70' lang='lat'><strong>³³⁷</strong></span> 
     </span>
    </p>
   </div>
   <div class='ocr_carea' id='block_1_2' title="bbox 438 115 1308 150">
    <p class='ocr_par' dir='ltr' id='par_1_2' title="bbox 438 115 1308 150">
     <span class='ocr_line' id='line_1_2' title="bbox 438 115 1308 150; baseline -0.001 -5"><span class='ocrx_word' id='word_1_2' title='bbox 438 115 665 150; x_wconf 68' lang='lat' dir='ltr'><strong>otJAEsrtortsss</strong></span> <span class='ocrx_word' id='word_1_3' title='bbox 684 115 718 143; x_wconf 83' lang='grc' dir='ltr'><strong>ΙΝ</strong></span> <span class='ocrx_word' id='word_1_4' title='bbox 738 116 816 143; x_wconf 80' lang='lat' dir='ltr'><strong>VET.</strong></span> <span class='ocrx_word' id='word_1_5' title='bbox 837 116 985 146; x_wconf 78' lang='lat' dir='ltr'><strong>TESTAM.</strong></span> <span class='ocrx_word' id='word_1_6' title='bbox 1003 131 1039 138; x_wconf 89' lang='lat'>—</span> <span class='ocrx_word' id='word_1_7' title='bbox 1056 117 1091 146; x_wconf 77' lang='lat' dir='ltr'><strong>m</strong></span> <span class='ocrx_word' id='word_1_8' title='bbox 1109 116 1308 145; x_wconf 70' lang='lat' dir='ltr'><strong>mvt&#39;rtcuu.</strong></span> 
     </span>
    </p>
   </div>
   <div class='ocr_carea' id='block_1_3' title="bbox 58 171 1695 210">
    <p class='ocr_par' dir='ltr' id='par_1_3' title="bbox 58 171 1695 210">
     <span class='ocr_line' id='line_1_3' title="bbox 58 171 1695 210; baseline -0.002 -3"><span class='ocrx_word' id='word_1_9' title='bbox 58 181 149 209; x_wconf 70' lang='lat' dir='ltr'><strong>servet</strong></span> <span class='ocrx_word' id='word_1_10' title='bbox 161 171 336 205; x_wconf 76' lang='lat' dir='ltr'><strong>differentiam</strong></span> <span class='ocrx_word' id='word_1_11' title='bbox 346 171 482 206; x_wconf 75' lang='lat' dir='ltr'><strong>ciborum,</strong></span> <span class='ocrx_word' id='word_1_12' title='bbox 495 181 554 208; x_wconf 82' lang='lat' dir='ltr'><strong>quae</strong></span> <span class='ocrx_word' id='word_1_13' title='bbox 566 174 592 200; x_wconf 93' lang='lat' dir='ltr'><strong>in</strong></span> <span class='ocrx_word' id='word_1_14' title='bbox 609 173 667 209; x_wconf 87' lang='lat' dir='ltr'><strong>lege</strong></span> <span class='ocrx_word' id='word_1_15' title='bbox 679 173 844 208; x_wconf 80' lang='lat' dir='ltr'><strong>praecipitur.</strong></span> <span class='ocrx_word' id='word_1_16' title='bbox 859 176 886 204; x_wconf 79' lang='grc' dir='ltr'><strong>Α</strong></span> <span class='ocrx_word' id='word_1_17' title='bbox 899 175 997 208; x_wconf 85' lang='lat' dir='ltr'><strong>pascha</strong></span> <span class='ocrx_word' id='word_1_18' title='bbox 1011 181 1063 202; x_wconf 91' lang='lat' dir='ltr'><strong>non</strong></span> <span class='ocrx_word' id='word_1_19' title='bbox 1077 173 1207 206; x_wconf 82' lang='lat' dir='ltr'><strong>celebret,</strong></span> <span class='ocrx_word' id='word_1_20' title='bbox 1221 173 1246 200; x_wconf 82' lang='lat' dir='ltr'><strong>si</strong></span> <span class='ocrx_word' id='word_1_21' title='bbox 1258 173 1380 200; x_wconf 86' lang='lat' dir='ltr'><strong>Christus</strong></span> <span class='ocrx_word' id='word_1_22' title='bbox 1398 181 1450 201; x_wconf 81' lang='lat' dir='ltr'><strong>mm</strong></span> <span class='ocrx_word' id='word_1_23' title='bbox 1467 174 1534 201; x_wconf 73' lang='lat' dir='ltr'><strong>uenit</strong></span> <span class='ocrx_word' id='word_1_24' title='bbox 1544 174 1626 210; x_wconf 66' lang='lat' dir='ltr'><strong>leym</strong></span> <span class='ocrx_word' id='word_1_25' title='bbox 1639 177 1695 204; x_wconf 74' lang='lat' dir='ltr'><strong>ool-</strong></span> 
     </span>
    </p>
   </div>
   <div class='ocr_carea' id='block_1_4' title="bbox 54 217 851 1132">
    <p class='ocr_par' dir='ltr' id='par_1_4' title="bbox 57 217 848 535">
     <span class='ocr_line' id='line_1_4' title="bbox 58 217 846 255; baseline -0.015 -1"><span class='ocrx_word' id='word_1_26' title='bbox 58 225 84 255; x_wconf 66' lang='grc' dir='ltr'><strong>εἰ</strong></span> <span class='ocrx_word' id='word_1_27' title='bbox 91 225 212 252; x_wconf 74' lang='lat' dir='ltr'><strong>ehi-istus</strong></span> <span class='ocrx_word' id='word_1_28' title='bbox 222 231 272 250; x_wconf 79' lang='lat' dir='ltr'><strong>non</strong></span> <span class='ocrx_word' id='word_1_29' title='bbox 281 220 429 255; x_wconf 73' lang='lat' dir='ltr'><strong>mitteqem</strong></span> <span class='ocrx_word' id='word_1_30' title='bbox 436 218 592 251; x_wconf 42' lang='lat' dir='ltr'><strong>newercam</strong></span> <span class='ocrx_word' id='word_1_31' title='bbox 603 217 755 252; x_wconf 74' lang='lat' dir='ltr'><strong>adimplere,</strong></span> <span class='ocrx_word' id='word_1_32' title='bbox 764 218 846 253; x_wconf 65' lang='grc'><strong>429</strong></span> 
     </span>
     <span class='ocr_line' id='line_1_5' title="bbox 60 263 846 305; baseline -0.013 -6"><span class='ocrx_word' id='word_1_33' title='bbox 60 269 236 305; x_wconf 82' lang='lat' dir='ltr'><strong>respondetur</strong></span> <span class='ocrx_word' id='word_1_34' title='bbox 249 276 256 294; x_wconf 91' lang='lat'>:</span> <span class='ocrx_word' id='word_1_35' title='bbox 268 267 324 294; x_wconf 87' lang='lat' dir='ltr'><strong>lmo</strong></span> <span class='ocrx_word' id='word_1_36' title='bbox 334 268 473 300; x_wconf 82' lang='lat' dir='ltr'><strong>propterea</strong></span> <span class='ocrx_word' id='word_1_37' title='bbox 490 271 541 291; x_wconf 90' lang='lat' dir='ltr'><strong>non</strong></span> <span class='ocrx_word' id='word_1_38' title='bbox 555 264 680 291; x_wconf 87' lang='lat' dir='ltr'><strong>observat</strong></span> <span class='ocrx_word' id='word_1_39' title='bbox 691 270 751 290; x_wconf 87' lang='lat' dir='ltr'><strong>eam</strong></span> <span class='ocrx_word' id='word_1_40' title='bbox 769 263 846 290; x_wconf 86' lang='lat' dir='ltr'><strong>Chri-</strong></span> 
     </span>
     <span class='ocr_line' id='line_1_6' title="bbox 59 310 848 351; baseline -0.011 -5"><span class='ocrx_word' id='word_1_41' title='bbox 59 318 172 349; x_wconf 78' lang='lat' dir='ltr'><strong>stianus,</strong></span> <span class='ocrx_word' id='word_1_42' title='bbox 184 316 243 351; x_wconf 78' lang='lat' dir='ltr'><strong>quia</strong></span> <span class='ocrx_word' id='word_1_43' title='bbox 254 313 323 349; x_wconf 76' lang='lat' dir='ltr'><strong>quod</strong></span> <span class='ocrx_word' id='word_1_44' title='bbox 335 313 362 340; x_wconf 87' lang='lat' dir='ltr'><strong>in</strong></span> <span class='ocrx_word' id='word_1_45' title='bbox 371 312 444 339; x_wconf 89' lang='lat' dir='ltr'><strong>illius</strong></span> <span class='ocrx_word' id='word_1_46' title='bbox 451 312 543 347; x_wconf 84' lang='lat' dir='ltr'><strong>liguris</strong></span> <span class='ocrx_word' id='word_1_47' title='bbox 549 310 762 346; x_wconf 76' lang='lat' dir='ltr'><strong>prophetabatur</strong></span> <span class='ocrx_word' id='word_1_48' title='bbox 773 311 848 338; x_wconf 88' lang='lat' dir='ltr'><strong>Chri-</strong></span> 
     </span>
     <span class='ocr_line' id='line_1_7' title="bbox 58 357 847 396; baseline -0.013 -4"><span class='ocrx_word' id='word_1_49' title='bbox 58 367 117 392; x_wconf 82' lang='lat' dir='ltr'><strong>stus</strong></span> <span class='ocrx_word' id='word_1_50' title='bbox 130 360 258 396; x_wconf 85' lang='lat' dir='ltr'><strong>implevit,</strong></span> <span class='ocrx_word' id='word_1_51' title='bbox 274 366 327 386; x_wconf 88' lang='lat' dir='ltr'><strong>non</strong></span> <span class='ocrx_word' id='word_1_52' title='bbox 348 358 492 386; x_wconf 84' lang='lat' dir='ltr'><strong>admittens</strong></span> <span class='ocrx_word' id='word_1_53' title='bbox 505 357 538 384; x_wconf 90' lang='lat' dir='ltr'><strong>ad</strong></span> <span class='ocrx_word' id='word_1_54' title='bbox 554 365 652 392; x_wconf 88' lang='lat' dir='ltr'><strong>corpus</strong></span> <span class='ocrx_word' id='word_1_55' title='bbox 667 364 746 384; x_wconf 89' lang='lat' dir='ltr'><strong>suum</strong></span> <span class='ocrx_word' id='word_1_56' title='bbox 762 358 847 392; x_wconf 77' lang='lat' dir='ltr'><strong>(quod</strong></span> 
     </span>
     <span class='ocr_line' id='line_1_8' title="bbox 59 403 846 444; baseline -0.01 -7"><span class='ocrx_word' id='word_1_57' title='bbox 59 415 156 444; x_wconf 80' lang='lat' dir='ltr'><strong>corpus</strong></span> <span class='ocrx_word' id='word_1_58' title='bbox 169 408 196 436; x_wconf 90' lang='lat' dir='ltr'><strong>in</strong></span> <span class='ocrx_word' id='word_1_59' title='bbox 206 405 305 434; x_wconf 84' lang='lat' dir='ltr'><strong>sanctis</strong></span> <span class='ocrx_word' id='word_1_60' title='bbox 317 406 373 432; x_wconf 85' lang='lat' dir='ltr'><strong>suis</strong></span> <span class='ocrx_word' id='word_1_61' title='bbox 383 405 410 431; x_wconf 89' lang='lat' dir='ltr'><strong>in</strong></span> <span class='ocrx_word' id='word_1_62' title='bbox 422 404 503 431; x_wconf 86' lang='lat' dir='ltr'><strong>vitam</strong></span> <span class='ocrx_word' id='word_1_63' title='bbox 517 409 646 431; x_wconf 60' lang='lat' dir='ltr'><strong>aeternam</strong></span> <span class='ocrx_word' id='word_1_64' title='bbox 666 403 846 438; x_wconf 76' lang='lat' dir='ltr'><strong>praedestina-</strong></span> 
     </span>
     <span class='ocr_line' id='line_1_9' title="bbox 59 449 845 489; baseline -0.005 -8"><span class='ocrx_word' id='word_1_65' title='bbox 59 454 109 489; x_wconf 84' lang='lat' dir='ltr'><strong>vit)</strong></span> <span class='ocrx_word' id='word_1_66' title='bbox 124 452 252 488; x_wconf 82' lang='lat' dir='ltr'><strong>quidquid</strong></span> <span class='ocrx_word' id='word_1_67' title='bbox 268 459 314 485; x_wconf 90' lang='lat' dir='ltr'><strong>per</strong></span> <span class='ocrx_word' id='word_1_68' title='bbox 325 450 368 478; x_wconf 87' lang='lat' dir='ltr'><strong>illa</strong></span> <span class='ocrx_word' id='word_1_69' title='bbox 381 450 508 478; x_wconf 87' lang='lat' dir='ltr'><strong>animalia</strong></span> <span class='ocrx_word' id='word_1_70' title='bbox 530 450 557 477; x_wconf 95' lang='lat' dir='ltr'><strong>in</strong></span> <span class='ocrx_word' id='word_1_71' title='bbox 572 450 693 478; x_wconf 90' lang='lat' dir='ltr'><strong>moribus</strong></span> <span class='ocrx_word' id='word_1_72' title='bbox 707 449 845 477; x_wconf 90' lang='lat' dir='ltr'><strong>hominum</strong></span> 
     </span>
     <span class='ocr_line' id='line_1_10' title="bbox 57 496 296 535; baseline -0.013 -8"><span class='ocrx_word' id='word_1_73' title='bbox 57 496 231 535; x_wconf 78' lang='lat' dir='ltr'><strong>significatum</strong></span> <span class='ocrx_word' id='word_1_74' title='bbox 246 502 296 524; x_wconf 89' lang='lat' dir='ltr'><strong>est.</strong></span> 
     </span>
    </p>

    <p class='ocr_par' dir='ltr' id='par_1_5' title="bbox 54 541 850 989">
     <span class='ocr_line' id='line_1_11' title="bbox 92 541 848 578; baseline -0.004 -7"><span class='ocrx_word' id='word_1_75' title='bbox 92 545 118 571; x_wconf 85' lang='grc'><strong>6.</strong></span> <span class='ocrx_word' id='word_1_76' title='bbox 135 544 201 571; x_wconf 88' lang='lat' dir='ltr'><strong>Cum</strong></span> <span class='ocrx_word' id='word_1_77' title='bbox 217 542 346 578; x_wconf 78' lang='lat' dir='ltr'><strong>quaeritur</strong></span> <span class='ocrx_word' id='word_1_78' title='bbox 356 549 439 576; x_wconf 81' lang='lat' dir='ltr'><strong>quare</strong></span> <span class='ocrx_word' id='word_1_79' title='bbox 462 541 631 569; x_wconf 78' lang='lat' dir='ltr'>Christianus</span> <span class='ocrx_word' id='word_1_80' title='bbox 645 549 708 575; x_wconf 82' lang='lat' dir='ltr'><strong>non,</strong></span> <span class='ocrx_word' id='word_1_81' title='bbox 726 541 848 568; x_wconf 85' lang='lat' dir='ltr'><strong>animali-</strong></span> 
     </span>
     <span class='ocr_line' id='line_1_12' title="bbox 55 588 848 622; baseline -0.005 -4"><span class='ocrx_word' id='word_1_82' title='bbox 55 590 105 619; x_wconf 83' lang='lat' dir='ltr'><strong>bus</strong></span> <span class='ocrx_word' id='word_1_83' title='bbox 120 589 274 622; x_wconf 87' lang='lat' dir='ltr'><strong>immolatis,</strong></span> <span class='ocrx_word' id='word_1_84' title='bbox 291 588 378 616; x_wconf 88' lang='lat' dir='ltr'><strong>carnis</strong></span> <span class='ocrx_word' id='word_1_85' title='bbox 398 593 426 616; x_wconf 88' lang='lat' dir='ltr'><strong>et</strong></span> <span class='ocrx_word' id='word_1_86' title='bbox 436 588 574 622; x_wconf 82' lang='lat' dir='ltr'><strong>sanguinis</strong></span> <span class='ocrx_word' id='word_1_87' title='bbox 603 588 766 615; x_wconf 83' lang='lat' dir='ltr'><strong>sacrificium</strong></span> <span class='ocrx_word' id='word_1_88' title='bbox 782 588 848 615; x_wconf 79' lang='lat' dir='ltr'><strong>offe—</strong></span> 
     </span>
     <span class='ocr_line' id='line_1_13' title="bbox 54 636 848 671; baseline -0.008 -4"><span class='ocrx_word' id='word_1_89' title='bbox 54 644 96 667; x_wconf 84' lang='lat' dir='ltr'><strong>rat</strong></span> <span class='ocrx_word' id='word_1_90' title='bbox 106 639 170 671; x_wconf 85' lang='lat' dir='ltr'><strong>Deo,</strong></span> <span class='ocrx_word' id='word_1_91' title='bbox 184 638 207 665; x_wconf 87' lang='lat' dir='ltr'><strong>si</strong></span> <span class='ocrx_word' id='word_1_92' title='bbox 221 637 342 665; x_wconf 86' lang='lat' dir='ltr'><strong>Christus</strong></span> <span class='ocrx_word' id='word_1_93' title='bbox 352 646 403 664; x_wconf 82' lang='lat' dir='ltr'><strong>non</strong></span> <span class='ocrx_word' id='word_1_94' title='bbox 413 637 479 663; x_wconf 79' lang='lat' dir='ltr'><strong>venit</strong></span> <span class='ocrx_word' id='word_1_95' title='bbox 493 637 573 671; x_wconf 70' lang='lat' dir='ltr'><strong>Iegem</strong></span> <span class='ocrx_word' id='word_1_96' title='bbox 586 636 692 670; x_wconf 74' lang='lat' dir='ltr'><strong>solvere,</strong></span> <span class='ocrx_word' id='word_1_97' title='bbox 706 636 751 662; x_wconf 73' lang='lat' dir='ltr'><strong>sed</strong></span> <span class='ocrx_word' id='word_1_98' title='bbox 765 637 848 662; x_wconf 81' lang='lat' dir='ltr'><strong>adim-</strong></span> 
     </span>
     <span class='ocr_line' id='line_1_14' title="bbox 55 681 848 720; baseline -0.006 -8"><span class='ocrx_word' id='word_1_99' title='bbox 55 685 134 720; x_wconf 74' lang='lat' dir='ltr'><strong>plere,</strong></span> <span class='ocrx_word' id='word_1_100' title='bbox 160 683 336 718; x_wconf 86' lang='lat' dir='ltr'><strong>respondetur</strong></span> <span class='ocrx_word' id='word_1_101' title='bbox 350 691 357 709; x_wconf 75' lang='grc' dir='ltr'><strong><em>τ</em></strong></span> <span class='ocrx_word' id='word_1_102' title='bbox 374 683 428 709; x_wconf 92' lang='lat' dir='ltr'><strong>lmo</strong></span> <span class='ocrx_word' id='word_1_103' title='bbox 445 686 586 716; x_wconf 86' lang='lat' dir='ltr'><strong>propterea</strong></span> <span class='ocrx_word' id='word_1_104' title='bbox 602 682 685 716; x_wconf 88' lang='lat' dir='ltr'><strong>magis</strong></span> <span class='ocrx_word' id='word_1_105' title='bbox 700 681 757 708; x_wconf 64' lang='lat' dir='ltr'><strong>haze</strong></span> <span class='ocrx_word' id='word_1_106' title='bbox 772 681 848 708; x_wconf 90' lang='lat' dir='ltr'><strong>Chri-</strong></span> 
     </span>
     <span class='ocr_line' id='line_1_15' title="bbox 56 728 848 764; baseline -0.004 -7"><span class='ocrx_word' id='word_1_107' title='bbox 56 731 157 758; x_wconf 83' lang='lat' dir='ltr'><strong>stianus</strong></span> <span class='ocrx_word' id='word_1_108' title='bbox 166 729 221 764; x_wconf 88' lang='lat' dir='ltr'><strong>jam</strong></span> <span class='ocrx_word' id='word_1_109' title='bbox 234 729 331 756; x_wconf 75' lang='lat' dir='ltr'><strong>offerre</strong></span> <span class='ocrx_word' id='word_1_110' title='bbox 343 736 396 755; x_wconf 91' lang='lat' dir='ltr'><strong>non</strong></span> <span class='ocrx_word' id='word_1_111' title='bbox 411 728 505 761; x_wconf 90' lang='lat' dir='ltr'><strong>debet,</strong></span> <span class='ocrx_word' id='word_1_112' title='bbox 521 728 584 762; x_wconf 88' lang='lat' dir='ltr'><strong>quia</strong></span> <span class='ocrx_word' id='word_1_113' title='bbox 605 735 636 754; x_wconf 90' lang='lat' dir='ltr'><strong>ea</strong></span> <span class='ocrx_word' id='word_1_114' title='bbox 664 735 724 761; x_wconf 83' lang='lat' dir='ltr'><strong>quae</strong></span> <span class='ocrx_word' id='word_1_115' title='bbox 751 728 848 754; x_wconf 87' lang='lat' dir='ltr'><strong>talibus</strong></span> 
     </span>
     <span class='ocr_line' id='line_1_16' title="bbox 54 774 848 811; baseline -0.004 -6"><span class='ocrx_word' id='word_1_116' title='bbox 54 784 143 805; x_wconf 89' lang='lat' dir='ltr'><strong>rerum</strong></span> <span class='ocrx_word' id='word_1_117' title='bbox 157 776 247 811; x_wconf 79' lang='lat' dir='ltr'><strong>liguris</strong></span> <span class='ocrx_word' id='word_1_118' title='bbox 263 776 300 802; x_wconf 89' lang='lat' dir='ltr'><strong>illi</strong></span> <span class='ocrx_word' id='word_1_119' title='bbox 315 775 510 810; x_wconf 75' lang='lat' dir='ltr'>prophetabant</span> <span class='ocrx_word' id='word_1_120' title='bbox 522 774 704 802; x_wconf 77' lang='lat' dir='ltr'><strong>immolatione</strong></span> <span class='ocrx_word' id='word_1_121' title='bbox 715 775 806 802; x_wconf 90' lang='lat' dir='ltr'><strong>carnis</strong></span> <span class='ocrx_word' id='word_1_122' title='bbox 821 779 848 802; x_wconf 89' lang='lat' dir='ltr'><strong>et</strong></span> 
     </span>
     <span class='ocr_line' id='line_1_17' title="bbox 55 822 848 859; baseline -0.001 -9"><span class='ocrx_word' id='word_1_123' title='bbox 55 823 190 859; x_wconf 72' lang='lat' dir='ltr'><strong>sanguinis</strong></span> <span class='ocrx_word' id='word_1_124' title='bbox 205 823 244 850; x_wconf 84' lang='lat' dir='ltr'><strong>sui</strong></span> <span class='ocrx_word' id='word_1_125' title='bbox 261 822 383 850; x_wconf 89' lang='lat' dir='ltr'><strong>Christus</strong></span> <span class='ocrx_word' id='word_1_126' title='bbox 405 822 536 856; x_wconf 89' lang='lat' dir='ltr'><strong>implevit.</strong></span> <span class='ocrx_word' id='word_1_127' title='bbox 554 822 619 849; x_wconf 87' lang='lat' dir='ltr'><strong>Nam</strong></span> <span class='ocrx_word' id='word_1_128' title='bbox 643 822 677 849; x_wconf 92' lang='lat' dir='ltr'><strong>de</strong></span> <span class='ocrx_word' id='word_1_129' title='bbox 706 822 848 849; x_wconf 85' lang='lat' dir='ltr'><strong>sacrificiis</strong></span> 
     </span>
     <span class='ocr_line' id='line_1_18' title="bbox 56 867 849 902; baseline -0.003 -6"><span class='ocrx_word' id='word_1_130' title='bbox 56 868 210 897; x_wconf 88' lang='lat' dir='ltr'><strong>eorumdem</strong></span> <span class='ocrx_word' id='word_1_131' title='bbox 226 868 381 895; x_wconf 87' lang='lat' dir='ltr'><strong>animalium</strong></span> <span class='ocrx_word' id='word_1_132' title='bbox 394 868 452 902; x_wconf 91' lang='lat' dir='ltr'><strong>quis</strong></span> <span class='ocrx_word' id='word_1_133' title='bbox 465 872 587 894; x_wconf 89' lang='lat' dir='ltr'><strong>nostrum</strong></span> <span class='ocrx_word' id='word_1_134' title='bbox 605 867 707 894; x_wconf 86' lang='lat' dir='ltr'><strong>nesciat</strong></span> <span class='ocrx_word' id='word_1_135' title='bbox 723 868 807 902; x_wconf 81' lang='lat' dir='ltr'><strong>magis</strong></span> <span class='ocrx_word' id='word_1_136' title='bbox 819 875 849 894; x_wconf 85' lang='lat' dir='ltr'><strong>ea</strong></span> 
     </span>
     <span class='ocr_line' id='line_1_19' title="bbox 54 913 850 951; baseline -0.001 -9"><span class='ocrx_word' id='word_1_137' title='bbox 54 921 179 951; x_wconf 84' lang='lat' dir='ltr'><strong>perverso</strong></span> <span class='ocrx_word' id='word_1_138' title='bbox 192 914 290 949; x_wconf 88' lang='lat' dir='ltr'><strong>populo</strong></span> <span class='ocrx_word' id='word_1_139' title='bbox 302 918 482 950; x_wconf 77' lang='lat' dir='ltr'><strong>congruenter</strong></span> <span class='ocrx_word' id='word_1_140' title='bbox 495 913 630 949; x_wconf 89' lang='lat' dir='ltr'><strong>imposita,</strong></span> <span class='ocrx_word' id='word_1_141' title='bbox 644 921 722 948; x_wconf 87' lang='lat' dir='ltr'><strong>quain</strong></span> <span class='ocrx_word' id='word_1_142' title='bbox 735 914 791 941; x_wconf 85' lang='lat' dir='ltr'><strong>Deo</strong></span> <span class='ocrx_word' id='word_1_143' title='bbox 803 914 850 941; x_wconf 88' lang='lat' dir='ltr'><strong>de—</strong></span> 
     </span>
     <span class='ocr_line' id='line_1_20' title="bbox 54 960 323 989; baseline -0.011 0"><span class='ocrx_word' id='word_1_144' title='bbox 54 961 202 989; x_wconf 69' lang='lat' dir='ltr'><strong>sideranter</strong></span> <span class='ocrx_word' id='word_1_145' title='bbox 216 960 323 987; x_wconf 84' lang='lat' dir='ltr'><strong>oblata?</strong></span> 
     </span>
    </p>

    <p class='ocr_par' dir='ltr' id='par_1_6' title="bbox 54 1006 851 1132">
     <span class='ocr_line' id='line_1_21' title="bbox 90 1006 850 1041; baseline 0 -8"><span class='ocrx_word' id='word_1_146' title='bbox 90 1007 117 1035; x_wconf 88' lang='lat'><strong>7.</strong></span> <span class='ocrx_word' id='word_1_147' title='bbox 134 1006 187 1034; x_wconf 90' lang='lat' dir='ltr'><strong>Sed</strong></span> <span class='ocrx_word' id='word_1_148' title='bbox 203 1011 292 1034; x_wconf 88' lang='lat' dir='ltr'><strong>tamen</strong></span> <span class='ocrx_word' id='word_1_149' title='bbox 308 1007 334 1033; x_wconf 91' lang='lat' dir='ltr'><strong>in</strong></span> <span class='ocrx_word' id='word_1_150' title='bbox 356 1006 396 1034; x_wconf 90' lang='lat' dir='ltr'><strong>his</strong></span> <span class='ocrx_word' id='word_1_151' title='bbox 411 1006 504 1041; x_wconf 68' lang='lat' dir='ltr'><strong>sigone</strong></span> <span class='ocrx_word' id='word_1_152' title='bbox 531 1010 630 1032; x_wconf 84' lang='lat' dir='ltr'><strong>nostrae</strong></span> <span class='ocrx_word' id='word_1_153' title='bbox 654 1006 772 1038; x_wconf 81' lang='lat' dir='ltr'><strong>luerunt,</strong></span> <span class='ocrx_word' id='word_1_154' title='bbox 789 1007 850 1040; x_wconf 84' lang='lat' dir='ltr'><strong>quia</strong></span> 
     </span>
     <span class='ocr_line' id='line_1_22' title="bbox 54 1051 850 1085; baseline -0.003 -6"><span class='ocrx_word' id='word_1_155' title='bbox 54 1056 148 1080; x_wconf 86' lang='lat' dir='ltr'><strong>nostra</strong></span> <span class='ocrx_word' id='word_1_156' title='bbox 161 1051 316 1078; x_wconf 89' lang='lat' dir='ltr'><strong>emundatio</strong></span> <span class='ocrx_word' id='word_1_157' title='bbox 331 1056 358 1079; x_wconf 87' lang='lat' dir='ltr'><strong>et</strong></span> <span class='ocrx_word' id='word_1_158' title='bbox 374 1051 422 1078; x_wconf 89' lang='lat' dir='ltr'><strong>Dei</strong></span> <span class='ocrx_word' id='word_1_159' title='bbox 439 1051 593 1085; x_wconf 78' lang='lat' dir='ltr'><strong>propitiatio</strong></span> <span class='ocrx_word' id='word_1_160' title='bbox 609 1051 686 1077; x_wconf 91' lang='lat' dir='ltr'><strong>nobis</strong></span> <span class='ocrx_word' id='word_1_161' title='bbox 705 1051 731 1077; x_wconf 94' lang='lat' dir='ltr'><strong>in</strong></span> <span class='ocrx_word' id='word_1_162' title='bbox 743 1052 850 1085; x_wconf 81' lang='lat' dir='ltr'><strong>sangui-</strong></span> 
     </span>
     <span class='ocr_line' id='line_1_23' title="bbox 56 1096 851 1132; baseline -0.001 -7"><span class='ocrx_word' id='word_1_163' title='bbox 56 1106 90 1125; x_wconf 90' lang='lat' dir='ltr'><strong>ne</strong></span> <span class='ocrx_word' id='word_1_164' title='bbox 103 1098 185 1125; x_wconf 89' lang='lat' dir='ltr'><strong>nulla.</strong></span> <span class='ocrx_word' id='word_1_165' title='bbox 206 1097 356 1125; x_wconf 88' lang='lat' dir='ltr'><strong>Secundum</strong></span> <span class='ocrx_word' id='word_1_166' title='bbox 382 1098 494 1132; x_wconf 79' lang='lat' dir='ltr'><strong>figuram</strong></span> <span class='ocrx_word' id='word_1_167' title='bbox 516 1097 587 1123; x_wconf 88' lang='lat' dir='ltr'><strong>illam</strong></span> <span class='ocrx_word' id='word_1_168' title='bbox 617 1098 717 1124; x_wconf 86' lang='lat' dir='ltr'><strong>veritas</strong></span> <span class='ocrx_word' id='word_1_169' title='bbox 730 1096 851 1124; x_wconf 77' lang='lat' dir='ltr'><strong>Christus</strong></span> 
     </span>
    </p>
   </div>
   <div class='ocr_carea' id='block_1_5' title="bbox 866 850 887 879">
    <p class='ocr_par' dir='ltr' id='par_1_7' title="bbox 866 850 887 879">
     <span class='ocr_line' id='line_1_24' title="bbox 866 850 887 879; baseline 0 0"><span class='ocrx_word' id='word_1_170' title='bbox 866 850 887 879; x_wconf 83' lang='grc' dir='ltr'><strong>Β</strong></span> 
     </span>
    </p>
   </div>
   <div class='ocr_carea' id='block_1_6' title="bbox 47 1143 852 1179">
    <p class='ocr_par' dir='ltr' id='par_1_8' title="bbox 47 1143 852 1179">
     <span class='ocr_line' id='line_1_25' title="bbox 47 1143 852 1179; baseline -0.002 -6"><span class='ocrx_word' id='word_1_171' title='bbox 47 1149 108 1178; x_wconf 62' lang='lat' dir='ltr'><strong>est,</strong></span> <span class='ocrx_word' id='word_1_172' title='bbox 122 1145 198 1179; x_wconf 87' lang='lat' dir='ltr'><strong>cujus</strong></span> <span class='ocrx_word' id='word_1_173' title='bbox 213 1145 342 1179; x_wconf 84' lang='lat' dir='ltr'><strong>sanguine</strong></span> <span class='ocrx_word' id='word_1_174' title='bbox 368 1144 497 1179; x_wconf 82' lang='lat' dir='ltr'><strong>redempti</strong></span> <span class='ocrx_word' id='word_1_175' title='bbox 522 1151 624 1170; x_wconf 79' lang='lat' dir='ltr'><strong>sumus,</strong></span> <span class='ocrx_word' id='word_1_176' title='bbox 641 1143 707 1171; x_wconf 90' lang='lat' dir='ltr'><strong>Cum</strong></span> <span class='ocrx_word' id='word_1_177' title='bbox 724 1145 852 1178; x_wconf 78' lang='lat' dir='ltr'><strong>quaeritur</strong></span> 
     </span>
    </p>
   </div>
   <div class='ocr_carea' id='block_1_7' title="bbox 56 1189 860 2188">
    <p class='ocr_par' dir='ltr' id='par_1_9' title="bbox 56 1189 860 1592">
     <span class='ocr_line' id='line_1_26' title="bbox 56 1189 852 1225; baseline -0.001 -7"><span class='ocrx_word' id='word_1_178' title='bbox 56 1199 104 1218; x_wconf 89' lang='lat' dir='ltr'><strong>cur</strong></span> <span class='ocrx_word' id='word_1_179' title='bbox 116 1198 208 1225; x_wconf 86' lang='lat' dir='ltr'><strong>azyma</strong></span> <span class='ocrx_word' id='word_1_180' title='bbox 232 1198 284 1217; x_wconf 90' lang='lat' dir='ltr'><strong>non</strong></span> <span class='ocrx_word' id='word_1_181' title='bbox 309 1190 435 1217; x_wconf 81' lang='lat' dir='ltr'><strong>observet</strong></span> <span class='ocrx_word' id='word_1_182' title='bbox 461 1189 642 1222; x_wconf 83' lang='lat' dir='ltr'><strong>Christianus,</strong></span> <span class='ocrx_word' id='word_1_183' title='bbox 668 1191 690 1216; x_wconf 94' lang='lat' dir='ltr'><strong>si</strong></span> <span class='ocrx_word' id='word_1_184' title='bbox 711 1199 760 1217; x_wconf 85' lang='lat' dir='ltr'><strong>non</strong></span> <span class='ocrx_word' id='word_1_185' title='bbox 785 1191 852 1217; x_wconf 69' lang='lat' dir='ltr'><strong>venit</strong></span> 
     </span>
     <span class='ocr_line' id='line_1_27' title="bbox 57 1232 849 1272; baseline 0.001 -9"><span class='ocrx_word' id='word_1_186' title='bbox 57 1232 172 1264; x_wconf 72' lang='lat' dir='ltr'><strong>Christus</strong></span> <span class='ocrx_word' id='word_1_187' title='bbox 185 1237 265 1272; x_wconf 75' lang='lat' dir='ltr'><strong>leqem</strong></span> <span class='ocrx_word' id='word_1_188' title='bbox 279 1236 384 1269; x_wconf 77' lang='lat' dir='ltr'><strong>solvere,</strong></span> <span class='ocrx_word' id='word_1_189' title='bbox 413 1235 458 1263; x_wconf 76' lang='lat' dir='ltr'><strong>sed</strong></span> <span class='ocrx_word' id='word_1_190' title='bbox 481 1237 632 1270; x_wconf 81' lang='lat' dir='ltr'><strong>adimplere,</strong></span> <span class='ocrx_word' id='word_1_191' title='bbox 650 1237 827 1271; x_wconf 86' lang='lat' dir='ltr'><strong>respondetur</strong></span> <span class='ocrx_word' id='word_1_192' title='bbox 843 1246 849 1264; x_wconf 90' lang='lat'>:</span> 
     </span>
     <span class='ocr_line' id='line_1_28' title="bbox 57 1281 849 1316; baseline 0 -7"><span class='ocrx_word' id='word_1_193' title='bbox 57 1282 114 1309; x_wconf 91' lang='lat' dir='ltr'><strong>lmo</strong></span> <span class='ocrx_word' id='word_1_194' title='bbox 130 1287 271 1316; x_wconf 91' lang='lat' dir='ltr'><strong>propterea</strong></span> <span class='ocrx_word' id='word_1_195' title='bbox 285 1282 370 1316; x_wconf 87' lang='lat' dir='ltr'><strong>magis</strong></span> <span class='ocrx_word' id='word_1_196' title='bbox 385 1288 437 1309; x_wconf 90' lang='lat' dir='ltr'><strong>non</strong></span> <span class='ocrx_word' id='word_1_197' title='bbox 453 1282 579 1308; x_wconf 87' lang='lat' dir='ltr'><strong>observat</strong></span> <span class='ocrx_word' id='word_1_198' title='bbox 593 1281 764 1309; x_wconf 81' lang='lat' dir='ltr'><strong>Christianus</strong></span> <span class='ocrx_word' id='word_1_199' title='bbox 781 1283 849 1316; x_wconf 84' lang='lat' dir='ltr'><strong>haec,</strong></span> 
     </span>
     <span class='ocr_line' id='line_1_29' title="bbox 57 1326 850 1362; baseline 0 -8"><span class='ocrx_word' id='word_1_200' title='bbox 57 1328 119 1362; x_wconf 86' lang='lat' dir='ltr'><strong>quia</strong></span> <span class='ocrx_word' id='word_1_201' title='bbox 132 1327 203 1362; x_wconf 86' lang='lat' dir='ltr'><strong>quod</strong></span> <span class='ocrx_word' id='word_1_202' title='bbox 215 1327 259 1354; x_wconf 87' lang='lat' dir='ltr'><strong>illa</strong></span> <span class='ocrx_word' id='word_1_203' title='bbox 275 1327 358 1361; x_wconf 80' lang='lat' dir='ltr'><strong>ligura</strong></span> <span class='ocrx_word' id='word_1_204' title='bbox 385 1326 603 1360; x_wconf 83' lang='lat' dir='ltr'><strong>prophetabatur,</strong></span> <span class='ocrx_word' id='word_1_205' title='bbox 621 1332 766 1361; x_wconf 74' lang='lat' dir='ltr'><strong>expurgato</strong></span> <span class='ocrx_word' id='word_1_206' title='bbox 778 1333 850 1354; x_wconf 82' lang='lat' dir='ltr'><strong>vete-</strong></span> 
     </span>
     <span class='ocr_line' id='line_1_30' title="bbox 57 1373 850 1407; baseline 0 -7"><span class='ocrx_word' id='word_1_207' title='bbox 57 1374 95 1401; x_wconf 90' lang='lat' dir='ltr'><strong>ris</strong></span> <span class='ocrx_word' id='word_1_208' title='bbox 110 1374 172 1401; x_wconf 67' lang='lat' dir='ltr'><strong>vitae</strong></span> <span class='ocrx_word' id='word_1_209' title='bbox 188 1373 328 1406; x_wconf 80' lang='lat' dir='ltr'><strong>fermento,</strong></span> <span class='ocrx_word' id='word_1_210' title='bbox 343 1379 438 1400; x_wconf 84' lang='lat' dir='ltr'><strong>novam</strong></span> <span class='ocrx_word' id='word_1_211' title='bbox 457 1373 537 1399; x_wconf 79' lang='lat' dir='ltr'><strong>vitam</strong></span> <span class='ocrx_word' id='word_1_212' title='bbox 553 1373 741 1399; x_wconf 90' lang='lat' dir='ltr'><strong>demonstrans</strong></span> <span class='ocrx_word' id='word_1_213' title='bbox 755 1373 850 1407; x_wconf 90' lang='lat' dir='ltr'><strong>imple-</strong></span> 
     </span>
     <span class='ocr_line' id='line_1_31' title="bbox 57 1419 852 1453; baseline 0 -7"><span class='ocrx_word' id='word_1_214' title='bbox 57 1420 94 1447; x_wconf 85' lang='lat' dir='ltr'><strong>vit</strong></span> <span class='ocrx_word' id='word_1_215' title='bbox 105 1419 235 1447; x_wconf 88' lang='lat' dir='ltr'><strong>Christus.</strong></span> <span class='ocrx_word' id='word_1_216' title='bbox 251 1419 419 1453; x_wconf 85' lang='lat' dir='ltr'><strong>Quapropter</strong></span> <span class='ocrx_word' id='word_1_217' title='bbox 430 1427 484 1446; x_wconf 89' lang='lat' dir='ltr'><strong>non</strong></span> <span class='ocrx_word' id='word_1_218' title='bbox 513 1419 674 1446; x_wconf 90' lang='lat' dir='ltr'><strong>manducare</strong></span> <span class='ocrx_word' id='word_1_219' title='bbox 697 1427 790 1453; x_wconf 85' lang='lat' dir='ltr'><strong>azyma</strong></span> <span class='ocrx_word' id='word_1_220' title='bbox 805 1427 852 1453; x_wconf 89' lang='lat' dir='ltr'><strong>per</strong></span> 
     </span>
     <span class='ocr_line' id='line_1_32' title="bbox 57 1465 851 1500; baseline -0.001 -7"><span class='ocrx_word' id='word_1_221' title='bbox 57 1470 170 1494; x_wconf 81' lang='lat' dir='ltr'><strong>statutos</strong></span> <span class='ocrx_word' id='word_1_222' title='bbox 190 1470 295 1500; x_wconf 83' lang='lat' dir='ltr'><strong>septem</strong></span> <span class='ocrx_word' id='word_1_223' title='bbox 319 1465 378 1493; x_wconf 89' lang='lat' dir='ltr'><strong>dies</strong></span> <span class='ocrx_word' id='word_1_224' title='bbox 404 1470 525 1500; x_wconf 86' lang='lat' dir='ltr'><strong>tempore</strong></span> <span class='ocrx_word' id='word_1_225' title='bbox 554 1466 657 1493; x_wconf 86' lang='lat' dir='ltr'><strong>Veteris</strong></span> <span class='ocrx_word' id='word_1_226' title='bbox 686 1465 851 1493; x_wconf 83' lang='lat' dir='ltr'><strong>Testamenti</strong></span> 
     </span>
     <span class='ocr_line' id='line_1_33' title="bbox 58 1510 860 1546; baseline -0.002 -7"><span class='ocrx_word' id='word_1_227' title='bbox 58 1515 195 1546; x_wconf 85' lang='lat' dir='ltr'><strong>peccatum</strong></span> <span class='ocrx_word' id='word_1_228' title='bbox 211 1511 274 1544; x_wconf 77' lang='lat' dir='ltr'><strong>fuit3</strong></span> <span class='ocrx_word' id='word_1_229' title='bbox 287 1515 408 1545; x_wconf 86' lang='lat' dir='ltr'><strong>tempore</strong></span> <span class='ocrx_word' id='word_1_230' title='bbox 431 1514 522 1538; x_wconf 86' lang='lat' dir='ltr'><strong>autem</strong></span> <span class='ocrx_word' id='word_1_231' title='bbox 542 1510 608 1537; x_wconf 90' lang='lat' dir='ltr'><strong>Novi</strong></span> <span class='ocrx_word' id='word_1_232' title='bbox 622 1510 785 1538; x_wconf 86' lang='lat' dir='ltr'><strong>Testamenti</strong></span> <span class='ocrx_word' id='word_1_233' title='bbox 797 1511 860 1538; x_wconf 88' lang='lat' dir='ltr'><strong>non&#39;</strong></span> 
     </span>
     <span class='ocr_line' id='line_1_34' title="bbox 57 1561 258 1592; baseline -0.01 -7"><span class='ocrx_word' id='word_1_234' title='bbox 57 1562 98 1585; x_wconf 84' lang='lat' dir='ltr'><strong>est</strong></span> <span class='ocrx_word' id='word_1_235' title='bbox 110 1561 258 1592; x_wconf 87' lang='lat' dir='ltr'><strong>peccatum.</strong></span> 
     </span>
    </p>

    <p class='ocr_par' dir='ltr' id='par_1_10' title="bbox 57 1601 854 2143">
     <span class='ocr_line' id='line_1_35' title="bbox 94 1601 851 1638; baseline -0.004 -7"><span class='ocrx_word' id='word_1_236' title='bbox 94 1604 121 1630; x_wconf 91' lang='lat'><strong>8.</strong></span> <span class='ocrx_word' id='word_1_237' title='bbox 134 1603 186 1631; x_wconf 88' lang='lat' dir='ltr'><strong>Sed</strong></span> <span class='ocrx_word' id='word_1_238' title='bbox 198 1604 223 1631; x_wconf 92' lang='lat' dir='ltr'><strong>in</strong></span> <span class='ocrx_word' id='word_1_239' title='bbox 235 1610 282 1638; x_wconf 88' lang='lat' dir='ltr'><strong>spe</strong></span> <span class='ocrx_word' id='word_1_240' title='bbox 294 1603 375 1630; x_wconf 81' lang='lat' dir='ltr'><strong>futuri</strong></span> <span class='ocrx_word' id='word_1_241' title='bbox 391 1602 493 1635; x_wconf 83' lang='lat' dir='ltr'><strong>saeculi,</strong></span> <span class='ocrx_word' id='word_1_242' title='bbox 510 1609 588 1637; x_wconf 88' lang='lat' dir='ltr'><strong>quam</strong></span> <span class='ocrx_word' id='word_1_243' title='bbox 603 1602 732 1628; x_wconf 84' lang='lat' dir='ltr'><strong>habemus</strong></span> <span class='ocrx_word' id='word_1_244' title='bbox 746 1608 759 1627; x_wconf 90' lang='lat' dir='ltr'><strong>a</strong></span> <span class='ocrx_word' id='word_1_245' title='bbox 772 1601 851 1629; x_wconf 91' lang='lat' dir='ltr'><strong>Chri-</strong></span> 
     </span>
     <span class='ocr_line' id='line_1_36' title="bbox 57 1647 852 1684; baseline -0.005 -7"><span class='ocrx_word' id='word_1_246' title='bbox 57 1653 110 1682; x_wconf 81' lang='lat' dir='ltr'><strong>sto,</strong></span> <span class='ocrx_word' id='word_1_247' title='bbox 125 1650 170 1684; x_wconf 90' lang='lat' dir='ltr'><strong>qui</strong></span> <span class='ocrx_word' id='word_1_248' title='bbox 183 1653 210 1676; x_wconf 89' lang='lat' dir='ltr'><strong>et</strong></span> <span class='ocrx_word' id='word_1_249' title='bbox 220 1649 335 1676; x_wconf 85' lang='lat' dir='ltr'><strong>animam</strong></span> <span class='ocrx_word' id='word_1_250' title='bbox 347 1652 466 1675; x_wconf 88' lang='lat' dir='ltr'><strong>nostram</strong></span> <span class='ocrx_word' id='word_1_251' title='bbox 484 1647 599 1674; x_wconf 90' lang='lat' dir='ltr'><strong>induens</strong></span> <span class='ocrx_word' id='word_1_252' title='bbox 620 1647 733 1681; x_wconf 86' lang='lat' dir='ltr'><strong>justitia,</strong></span> <span class='ocrx_word' id='word_1_253' title='bbox 748 1653 773 1674; x_wconf 90' lang='lat' dir='ltr'><strong>et</strong></span> <span class='ocrx_word' id='word_1_254' title='bbox 787 1654 852 1674; x_wconf 89' lang='lat' dir='ltr'><strong>cor-</strong></span> 
     </span>
     <span class='ocr_line' id='line_1_37' title="bbox 59 1695 850 1730; baseline -0.003 -8"><span class='ocrx_word' id='word_1_255' title='bbox 59 1702 108 1730; x_wconf 90' lang='lat' dir='ltr'><strong>pus</strong></span> <span class='ocrx_word' id='word_1_256' title='bbox 120 1700 239 1722; x_wconf 89' lang='lat' dir='ltr'><strong>nostrum</strong></span> <span class='ocrx_word' id='word_1_257' title='bbox 256 1695 370 1722; x_wconf 86' lang='lat' dir='ltr'><strong>induens</strong></span> <span class='ocrx_word' id='word_1_258' title='bbox 397 1695 607 1726; x_wconf 81' lang='lat' dir='ltr'><strong>immortalitate,</strong></span> <span class='ocrx_word' id='word_1_259' title='bbox 624 1698 695 1721; x_wconf 90' lang='lat' dir='ltr'><strong>totos</strong></span> <span class='ocrx_word' id='word_1_260' title='bbox 710 1702 758 1721; x_wconf 88' lang='lat' dir='ltr'><strong>nos</strong></span> <span class='ocrx_word' id='word_1_261' title='bbox 772 1696 850 1721; x_wconf 88' lang='lat' dir='ltr'><strong>inno-</strong></span> 
     </span>
     <span class='ocr_line' id='line_1_38' title="bbox 59 1740 852 1776; baseline -0.003 -7"><span class='ocrx_word' id='word_1_262' title='bbox 59 1747 114 1775; x_wconf 80' lang='lat' dir='ltr'><strong>vat,</strong></span> <span class='ocrx_word' id='word_1_263' title='bbox 130 1742 240 1769; x_wconf 83' lang='lat' dir='ltr'><strong>credere</strong></span> <span class='ocrx_word' id='word_1_264' title='bbox 262 1742 362 1776; x_wconf 82' lang='lat' dir='ltr'><strong>aliquid</strong></span> <span class='ocrx_word' id='word_1_265' title='bbox 385 1749 420 1768; x_wconf 85' lang='lat' dir='ltr'><strong>ex</strong></span> <span class='ocrx_word' id='word_1_266' title='bbox 449 1741 550 1769; x_wconf 81' lang='lat' dir='ltr'><strong>veteris</strong></span> <span class='ocrx_word' id='word_1_267' title='bbox 574 1741 754 1775; x_wconf 85' lang='lat' dir='ltr'><strong>corruptionis</strong></span> <span class='ocrx_word' id='word_1_268' title='bbox 771 1740 852 1775; x_wconf 69' lang='grc'><strong>430</strong></span> 
     </span>
     <span class='ocr_line' id='line_1_39' title="bbox 61 1787 852 1822; baseline -0.004 -7"><span class='ocrx_word' id='word_1_269' title='bbox 61 1789 222 1816; x_wconf 75' lang='lat' dir='ltr'><strong>necessitate</strong></span> <span class='ocrx_word' id='word_1_270' title='bbox 233 1793 313 1822; x_wconf 88' lang='lat' dir='ltr'><strong>atque</strong></span> <span class='ocrx_word' id='word_1_271' title='bbox 332 1787 476 1821; x_wconf 86' lang='lat' dir='ltr'><strong>indigentia</strong></span> <span class='ocrx_word' id='word_1_272' title='bbox 491 1794 540 1814; x_wconf 90' lang='lat' dir='ltr'><strong>nos</strong></span> <span class='ocrx_word' id='word_1_273' title='bbox 566 1794 704 1821; x_wconf 86' lang='lat' dir='ltr'><strong>passuros,</strong></span> <span class='ocrx_word' id='word_1_274' title='bbox 717 1787 758 1813; x_wconf 89' lang='lat' dir='ltr'><strong>vel</strong></span> <span class='ocrx_word' id='word_1_275' title='bbox 777 1790 852 1813; x_wconf 86' lang='lat' dir='ltr'><strong>aetu-</strong></span> 
     </span>
     <span class='ocr_line' id='line_1_40' title="bbox 60 1831 853 1868; baseline -0.005 -6"><span class='ocrx_word' id='word_1_276' title='bbox 60 1841 116 1867; x_wconf 78' lang='lat' dir='ltr'><strong>r08,</strong></span> <span class='ocrx_word' id='word_1_277' title='bbox 145 1841 251 1867; x_wconf 86' lang='lat' dir='ltr'><strong>semper</strong></span> <span class='ocrx_word' id='word_1_278' title='bbox 274 1838 410 1868; x_wconf 87' lang='lat' dir='ltr'><strong>peccatum</strong></span> <span class='ocrx_word' id='word_1_279' title='bbox 438 1837 489 1865; x_wconf 89' lang='lat' dir='ltr'><strong>est,</strong></span> <span class='ocrx_word' id='word_1_280' title='bbox 504 1832 622 1867; x_wconf 86' lang='lat' dir='ltr'><strong>quandiu</strong></span> <span class='ocrx_word' id='word_1_281' title='bbox 647 1833 788 1859; x_wconf 86' lang='lat' dir='ltr'><strong>volvuntur</strong></span> <span class='ocrx_word' id='word_1_282' title='bbox 808 1831 853 1858; x_wconf 89' lang='lat' dir='ltr'><strong>isti</strong></span> 
     </span>
     <span class='ocr_line' id='line_1_41' title="bbox 61 1878 853 1916; baseline -0.005 -8"><span class='ocrx_word' id='word_1_283' title='bbox 61 1885 163 1916; x_wconf 84' lang='lat' dir='ltr'><strong>septem</strong></span> <span class='ocrx_word' id='word_1_284' title='bbox 177 1880 236 1907; x_wconf 77' lang='lat' dir='ltr'><strong>(lies</strong></span> <span class='ocrx_word' id='word_1_285' title='bbox 248 1879 343 1914; x_wconf 87' lang='lat' dir='ltr'><strong>quibus</strong></span> <span class='ocrx_word' id='word_1_286' title='bbox 354 1879 491 1914; x_wconf 84' lang='lat' dir='ltr'><strong>peragitur</strong></span> <span class='ocrx_word' id='word_1_287' title='bbox 509 1883 625 1912; x_wconf 86' lang='lat' dir='ltr'><strong>tempus.</strong></span> <span class='ocrx_word' id='word_1_288' title='bbox 641 1878 693 1906; x_wconf 86' lang='lat' dir='ltr'><strong>Sed</strong></span> <span class='ocrx_word' id='word_1_289' title='bbox 710 1879 759 1905; x_wconf 86' lang='lat' dir='ltr'><strong>hoc</strong></span> <span class='ocrx_word' id='word_1_290' title='bbox 771 1878 853 1905; x_wconf 87' lang='lat' dir='ltr'><strong>Vete-</strong></span> 
     </span>
     <span class='ocr_line' id='line_1_42' title="bbox 61 1923 853 1958; baseline -0.006 -5"><span class='ocrx_word' id='word_1_291' title='bbox 61 1926 99 1954; x_wconf 85' lang='lat' dir='ltr'><strong>ris</strong></span> <span class='ocrx_word' id='word_1_292' title='bbox 113 1924 276 1953; x_wconf 84' lang='lat' dir='ltr'><strong>Testamenti</strong></span> <span class='ocrx_word' id='word_1_293' title='bbox 303 1925 467 1958; x_wconf 82' lang='lat' dir='ltr'><strong>temporibus</strong></span> <span class='ocrx_word' id='word_1_294' title='bbox 492 1924 518 1950; x_wconf 92' lang='lat' dir='ltr'><strong>in</strong></span> <span class='ocrx_word' id='word_1_295' title='bbox 543 1924 626 1958; x_wconf 84' lang='lat' dir='ltr'><strong>figura</strong></span> <span class='ocrx_word' id='word_1_296' title='bbox 652 1923 853 1954; x_wconf 83' lang='lat' dir='ltr'><strong>occultatuin,a</strong></span> 
     </span>
     <span class='ocr_line' id='line_1_43' title="bbox 61 1969 854 2008; baseline -0.006 -10"><span class='ocrx_word' id='word_1_297' title='bbox 61 1971 219 2008; x_wconf 81' lang='lat' dir='ltr'><strong>quibusdam</strong></span> <span class='ocrx_word' id='word_1_298' title='bbox 252 1969 352 1997; x_wconf 85' lang='lat' dir='ltr'><strong>sanetis</strong></span> <span class='ocrx_word' id='word_1_299' title='bbox 376 1969 592 2003; x_wconf 78' lang='lat' dir='ltr'><strong>intelligebatur3</strong></span> <span class='ocrx_word' id='word_1_300' title='bbox 617 1972 738 2002; x_wconf 87' lang='lat' dir='ltr'><strong>tempore</strong></span> <span class='ocrx_word' id='word_1_301' title='bbox 765 1972 854 1994; x_wconf 88' lang='lat' dir='ltr'><strong>autem</strong></span> 
     </span>
     <span class='ocr_line' id='line_1_44' title="bbox 61 2015 854 2049; baseline -0.005 -4"><span class='ocrx_word' id='word_1_302' title='bbox 61 2018 129 2049; x_wconf 69' lang='lat' dir='ltr'><strong>Navi</strong></span> <span class='ocrx_word' id='word_1_303' title='bbox 143 2017 308 2045; x_wconf 84' lang='lat' dir='ltr'><strong>Testamenti</strong></span> <span class='ocrx_word' id='word_1_304' title='bbox 320 2016 346 2043; x_wconf 93' lang='lat' dir='ltr'><strong>in</strong></span> <span class='ocrx_word' id='word_1_305' title='bbox 358 2016 574 2043; x_wconf 79' lang='lat' dir='ltr'><strong>manifestatione</strong></span> <span class='ocrx_word' id='word_1_306' title='bbox 589 2015 738 2047; x_wconf 90' lang='lat' dir='ltr'><strong>revelatur,</strong></span> <span class='ocrx_word' id='word_1_307' title='bbox 751 2015 854 2049; x_wconf 89' lang='lat' dir='ltr'><strong>populis</strong></span> 
     </span>
     <span class='ocr_line' id='line_1_45' title="bbox 63 2061 853 2099; baseline -0.004 -9"><span class='ocrx_word' id='word_1_308' title='bbox 63 2063 231 2099; x_wconf 69' lang='lat' dir='ltr'><strong>praedicatur.</strong></span> <span class='ocrx_word' id='word_1_309' title='bbox 246 2062 320 2090; x_wconf 88' lang='lat' dir='ltr'><strong>Unde</strong></span> <span class='ocrx_word' id='word_1_310' title='bbox 345 2061 482 2095; x_wconf 85' lang='lat' dir='ltr'><strong>Scriptura</strong></span> <span class='ocrx_word' id='word_1_311' title='bbox 497 2062 555 2095; x_wconf 88' lang='lat' dir='ltr'><strong>ipsa</strong></span> <span class='ocrx_word' id='word_1_312' title='bbox 583 2066 646 2088; x_wconf 89' lang='lat' dir='ltr'><strong>tunc</strong></span> <span class='ocrx_word' id='word_1_313' title='bbox 660 2066 718 2088; x_wconf 83' lang='lat' dir='ltr'><strong>erat</strong></span> <span class='ocrx_word' id='word_1_314' title='bbox 732 2067 853 2095; x_wconf 59' lang='lat' dir='ltr'><strong>praecep-</strong></span> 
     </span>
     <span class='ocr_line' id='line_1_46' title="bbox 63 2108 801 2143; baseline -0.015 -5"><span class='ocrx_word' id='word_1_315' title='bbox 63 2115 129 2143; x_wconf 89' lang='lat' dir='ltr'><strong>tum,</strong></span> <span class='ocrx_word' id='word_1_316' title='bbox 143 2116 212 2137; x_wconf 92' lang='lat' dir='ltr'><strong>nunc</strong></span> <span class='ocrx_word' id='word_1_317' title='bbox 228 2108 419 2135; x_wconf 81' lang='lat' dir='ltr'><strong>testimonium.</strong></span> <span class='ocrx_word' id='word_1_318' title='bbox 798 2134 801 2136; x_wconf 37' lang='grc'><strong>,</strong></span> 
     </span>
    </p>

    <p class='ocr_par' dir='ltr' id='par_1_11' title="bbox 98 2151 855 2188">
     <span class='ocr_line' id='line_1_47' title="bbox 98 2151 855 2188; baseline -0.004 -6"><span class='ocrx_word' id='word_1_319' title='bbox 98 2156 125 2182; x_wconf 88' lang='grc'><strong>9.</strong></span> <span class='ocrx_word' id='word_1_320' title='bbox 151 2153 217 2181; x_wconf 89' lang='lat' dir='ltr'><strong>C&#39;um</strong></span> <span class='ocrx_word' id='word_1_321' title='bbox 236 2153 363 2188; x_wconf 77' lang='lat' dir='ltr'><strong>qnaeritnr</strong></span> <span class='ocrx_word' id='word_1_322' title='bbox 385 2160 432 2180; x_wconf 92' lang='lat' dir='ltr'><strong>cur</strong></span> <span class='ocrx_word' id='word_1_323' title='bbox 446 2152 575 2180; x_wconf 85' lang='lat' dir='ltr'><strong>decarne</strong></span> <span class='ocrx_word' id='word_1_324' title='bbox 598 2153 659 2186; x_wconf 82' lang='lat' dir='ltr'><strong>agni</strong></span> <span class='ocrx_word' id='word_1_325' title='bbox 685 2151 855 2180; x_wconf 81' lang='lat' dir='ltr'><strong>Christianus</strong></span> 
     </span>
    </p>
   </div>
   <div class='ocr_carea' id='block_1_8' title="bbox 864 1536 888 1567">
    <p class='ocr_par' dir='ltr' id='par_1_12' title="bbox 864 1536 888 1567">
     <span class='ocr_line' id='line_1_48' title="bbox 864 1536 888 1567; baseline 0 0"><span class='ocrx_word' id='word_1_326' title='bbox 864 1536 888 1567; x_wconf 88' lang='lat' dir='ltr'><strong>C</strong></span> 
     </span>
    </p>
   </div>
   <div class='ocr_carea' id='block_1_9' title="bbox 62 2230 892 2547">
    <p class='ocr_par' dir='ltr' id='par_1_13' title="bbox 62 2230 892 2547">
     <span class='ocr_line' id='line_1_49' title="bbox 62 2230 892 2265; baseline -0.001 -7"><span class='ocrx_word' id='word_1_327' title='bbox 62 2232 109 2259; x_wconf 88' lang='lat' dir='ltr'><strong>cit.</strong></span> <span class='ocrx_word' id='word_1_328' title='bbox 125 2231 172 2258; x_wconf 89' lang='lat' dir='ltr'><strong>lib.</strong></span> <span class='ocrx_word' id='word_1_329' title='bbox 187 2238 232 2258; x_wconf 81' lang='lat' dir='ltr'><strong>xlx</strong></span> <span class='ocrx_word' id='word_1_330' title='bbox 247 2235 333 2258; x_wconf 88' lang='lat' dir='ltr'><strong>contr.</strong></span> <span class='ocrx_word' id='word_1_331' title='bbox 349 2230 455 2264; x_wconf 82' lang='lat' dir='ltr'><strong>Faust.‚</strong></span> <span class='ocrx_word' id='word_1_332' title='bbox 470 2237 530 2265; x_wconf 87' lang='lat' dir='ltr'><strong>cap.</strong></span> <span class='ocrx_word' id='word_1_333' title='bbox 546 2230 590 2263; x_wconf 73' lang='lat'><strong>10,</strong></span> <span class='ocrx_word' id='word_1_334' title='bbox 604 2230 629 2257; x_wconf 93' lang='lat' dir='ltr'><strong>in</strong></span> <span class='ocrx_word' id='word_1_335' title='bbox 646 2230 728 2257; x_wconf 78' lang='lat' dir='ltr'><strong>Ulloae</strong></span> <span class='ocrx_word' id='word_1_336' title='bbox 749 2231 851 2258; x_wconf 87' lang='lat' dir='ltr'><strong>Editio·</strong></span> <span class='ocrx_word' id='word_1_337' title='bbox 865 2234 892 2263; x_wconf 83' lang='lat'><strong>1)</strong></span> 
     </span>
     <span class='ocr_line' id='line_1_50' title="bbox 63 2265 850 2302; baseline -0.001 -8"><span class='ocrx_word' id='word_1_338' title='bbox 63 2274 97 2294; x_wconf 89' lang='lat' dir='ltr'><strong>ne</strong></span> <span class='ocrx_word' id='word_1_339' title='bbox 110 2267 349 2299; x_wconf 80' lang='lat' dir='ltr'><strong>animadvertitur;</strong></span> <span class='ocrx_word' id='word_1_340' title='bbox 366 2266 403 2292; x_wconf 92' lang='lat' dir='ltr'><strong>uti</strong></span> <span class='ocrx_word' id='word_1_341' title='bbox 413 2266 495 2292; x_wconf 89' lang='lat' dir='ltr'><strong>etiam</strong></span> <span class='ocrx_word' id='word_1_342' title='bbox 510 2265 580 2300; x_wconf 91' lang='lat' dir='ltr'><strong>quod</strong></span> <span class='ocrx_word' id='word_1_343' title='bbox 593 2273 642 2300; x_wconf 87' lang='lat' dir='ltr'><strong>pro</strong></span> <span class='ocrx_word' id='word_1_344' title='bbox 660 2266 686 2292; x_wconf 81' lang='lat' dir='ltr'><strong>in</strong></span> <span class='ocrx_word' id='word_1_345' title='bbox 699 2265 769 2294; x_wconf 62' lang='lat' dir='ltr'><strong>iuiur</strong></span> <span class='ocrx_word' id='word_1_346' title='bbox 781 2267 850 2302; x_wconf 66' lang='grc' dir='ltr'><em>ᾕρει-</em></span> 
     </span>
     <span class='ocr_line' id='line_1_51' title="bbox 63 2301 850 2336; baseline -0.001 -7"><span class='ocrx_word' id='word_1_347' title='bbox 63 2302 99 2329; x_wconf 73' lang='lat' dir='ltr'><strong>ris</strong></span> <span class='ocrx_word' id='word_1_348' title='bbox 112 2302 182 2336; x_wconf 87' lang='lat' dir='ltr'><strong>apud</strong></span> <span class='ocrx_word' id='word_1_349' title='bbox 198 2305 320 2329; x_wconf 88' lang='lat' dir='ltr'><strong>sanctum</strong></span> <span class='ocrx_word' id='word_1_350' title='bbox 348 2301 525 2336; x_wconf 78' lang='lat' dir='ltr'><strong>Augustinum</strong></span> <span class='ocrx_word' id='word_1_351' title='bbox 555 2301 651 2334; x_wconf 82' lang='lat' dir='ltr'><strong>legitur</strong></span> <span class='ocrx_word' id='word_1_352' title='bbox 677 2301 729 2327; x_wconf 76' lang='lat' dir='ltr'><strong>illis</strong></span> <span class='ocrx_word' id='word_1_353' title='bbox 751 2302 850 2336; x_wconf 74' lang='lat' dir='ltr'><strong>fiynrir,</strong></span> 
     </span>
     <span class='ocr_line' id='line_1_52' title="bbox 64 2337 853 2371; baseline -0.003 -7"><span class='ocrx_word' id='word_1_354' title='bbox 64 2337 164 2364; x_wconf 84' lang='lat' dir='ltr'><strong>omisso</strong></span> <span class='ocrx_word' id='word_1_355' title='bbox 174 2337 210 2364; x_wconf 81' lang='lat' dir='ltr'><strong>in.</strong></span> <span class='ocrx_word' id='word_1_356' title='bbox 227 2338 248 2363; x_wconf 83' lang='grc' dir='ltr'><strong>Α</strong></span> <span class='ocrx_word' id='word_1_357' title='bbox 265 2337 352 2364; x_wconf 85' lang='lat' dir='ltr'><strong>verbis</strong></span> <span class='ocrx_word' id='word_1_358' title='bbox 366 2341 498 2371; x_wconf 77' lang='lat' dir='ltr'><strong>propterea</strong></span> <span class='ocrx_word' id='word_1_359' title='bbox 513 2344 564 2362; x_wconf 83' lang='lat' dir='ltr'><strong>non</strong></span> <span class='ocrx_word' id='word_1_360' title='bbox 585 2337 698 2362; x_wconf 64' lang='lat' dir='ltr'><strong>observat</strong></span> <span class='ocrx_word' id='word_1_361' title='bbox 710 2344 765 2362; x_wconf 78' lang='lat' dir='ltr'><strong>eam</strong></span> <span class='ocrx_word' id='word_1_362' title='bbox 780 2337 853 2363; x_wconf 80' lang='lat' dir='ltr'><strong>Clu-i-</strong></span> 
     </span>
     <span class='ocr_line' id='line_1_53' title="bbox 64 2371 851 2406; baseline -0.001 -7"><span class='ocrx_word' id='word_1_363' title='bbox 64 2372 174 2404; x_wconf 71' lang='lat' dir='ltr'><strong>stiuam,</strong></span> <span class='ocrx_word' id='word_1_364' title='bbox 187 2372 247 2405; x_wconf 78' lang='lat' dir='ltr'><strong>quia</strong></span> <span class='ocrx_word' id='word_1_365' title='bbox 256 2371 335 2406; x_wconf 80' lang='lat' dir='ltr'><strong>quod,</strong></span> <span class='ocrx_word' id='word_1_366' title='bbox 349 2377 413 2404; x_wconf 65' lang='lat' dir='ltr'><strong>etc..</strong></span> <span class='ocrx_word' id='word_1_367' title='bbox 428 2378 512 2405; x_wconf 81' lang='lat' dir='ltr'><strong>usque</strong></span> <span class='ocrx_word' id='word_1_368' title='bbox 534 2371 567 2397; x_wconf 76' lang='lat' dir='ltr'><strong>ad</strong></span> <span class='ocrx_word' id='word_1_369' title='bbox 588 2372 668 2398; x_wconf 85' lang='lat' dir='ltr'><strong>verba</strong></span> <span class='ocrx_word' id='word_1_370' title='bbox 695 2373 799 2398; x_wconf 89' lang='lat' dir='ltr'><strong>numeri</strong></span> <span class='ocrx_word' id='word_1_371' title='bbox 824 2373 851 2403; x_wconf 84' lang='lat'><strong>7,</strong></span> 
     </span>
     <span class='ocr_line' id='line_1_54' title="bbox 65 2405 854 2442; baseline 0 -8"><span class='ocrx_word' id='word_1_372' title='bbox 65 2406 156 2434; x_wconf 71' lang='lat' dir='ltr'><strong>veritas</strong></span> <span class='ocrx_word' id='word_1_373' title='bbox 167 2407 216 2442; x_wconf 68' lang='lat' dir='ltr'><strong>fuit</strong></span> <span class='ocrx_word' id='word_1_374' title='bbox 228 2405 353 2434; x_wconf 69' lang='lat' dir='ltr'><strong>Christus.</strong></span> <span class='ocrx_word' id='word_1_375' title='bbox 370 2407 546 2441; x_wconf 65' lang='lat' dir='ltr'><strong>hesper-detur</strong></span> <span class='ocrx_word' id='word_1_376' title='bbox 557 2407 618 2437; x_wconf 81' lang='lat' dir='ltr'><strong>imo,</strong></span> <span class='ocrx_word' id='word_1_377' title='bbox 635 2406 660 2432; x_wconf 89' lang='lat' dir='ltr'><strong>iu</strong></span> <span class='ocrx_word' id='word_1_378' title='bbox 681 2406 741 2433; x_wconf 76' lang='lat' dir='ltr'><strong>All).</strong></span> <span class='ocrx_word' id='word_1_379' title='bbox 757 2407 854 2434; x_wconf 85' lang='lat' dir='ltr'><strong>Codice</strong></span> 
     </span>
     <span class='ocr_line' id='line_1_55' title="bbox 67 2441 852 2476; baseline 0 -7"><span class='ocrx_word' id='word_1_380' title='bbox 67 2445 130 2469; x_wconf 85' lang='lat' dir='ltr'><strong>nota</strong></span> <span class='ocrx_word' id='word_1_381' title='bbox 144 2442 202 2468; x_wconf 64' lang='lat' dir='ltr'><strong>haze</strong></span> <span class='ocrx_word' id='word_1_382' title='bbox 213 2447 254 2468; x_wconf 83' lang='lat' dir='ltr'><strong>est</strong></span> <span class='ocrx_word' id='word_1_383' title='bbox 267 2441 481 2468; x_wconf 76' lang='lat' dir='ltr'><strong>intercolumnas</strong></span> <span class='ocrx_word' id='word_1_384' title='bbox 493 2449 572 2468; x_wconf 83' lang='lat' dir='ltr'><strong>manu</strong></span> <span class='ocrx_word' id='word_1_385' title='bbox 587 2442 688 2476; x_wconf 78' lang='lat' dir='ltr'><strong>antiqui</strong></span> <span class='ocrx_word' id='word_1_386' title='bbox 702 2443 852 2470; x_wconf 80' lang='lat' dir='ltr'><strong>collatoris:</strong></span> 
     </span>
     <span class='ocr_line' id='line_1_56' title="bbox 68 2476 852 2511; baseline 0.001 -9"><span class='ocrx_word' id='word_1_387' title='bbox 68 2476 126 2503; x_wconf 83' lang='lat' dir='ltr'><strong>Hoc</strong></span> <span class='ocrx_word' id='word_1_388' title='bbox 138 2483 189 2502; x_wconf 81' lang='lat' dir='ltr'><strong>non</strong></span> <span class='ocrx_word' id='word_1_389' title='bbox 202 2476 320 2502; x_wconf 69' lang='lat' dir='ltr'><strong>inventia</strong></span> <span class='ocrx_word' id='word_1_390' title='bbox 335 2476 462 2511; x_wconf 75' lang='lat' dir='ltr'><strong>Oriqiuah&#39;</strong></span> <span class='ocrx_word' id='word_1_391' title='bbox 477 2476 584 2503; x_wconf 80' lang='lat' dir='ltr'><strong>Isidori.</strong></span> <span class='ocrx_word' id='word_1_392' title='bbox 597 2477 706 2504; x_wconf 84' lang='lat' dir='ltr'><strong>Scilicet</strong></span> <span class='ocrx_word' id='word_1_393' title='bbox 721 2478 747 2504; x_wconf 90' lang='lat' dir='ltr'><strong>in</strong></span> <span class='ocrx_word' id='word_1_394' title='bbox 760 2483 852 2505; x_wconf 87' lang='lat' dir='ltr'><strong>vetus-</strong></span> 
     </span>
     <span class='ocr_line' id='line_1_57' title="bbox 68 2509 852 2547; baseline 0.001 -9"><span class='ocrx_word' id='word_1_395' title='bbox 68 2511 131 2538; x_wconf 89' lang='lat' dir='ltr'><strong>tiori</strong></span> <span class='ocrx_word' id='word_1_396' title='bbox 144 2509 253 2542; x_wconf 85' lang='lat' dir='ltr'><strong>Codice,</strong></span> <span class='ocrx_word' id='word_1_397' title='bbox 267 2511 323 2537; x_wconf 85' lang='lat' dir='ltr'><strong>sive</strong></span> <span class='ocrx_word' id='word_1_398' title='bbox 335 2512 420 2538; x_wconf 83' lang='lat' dir='ltr'><strong>mavis</strong></span> <span class='ocrx_word' id='word_1_399' title='bbox 436 2511 602 2546; x_wconf 86' lang='lat' dir='ltr'><strong>autographo</strong></span> <span class='ocrx_word' id='word_1_400' title='bbox 628 2511 721 2538; x_wconf 83' lang='lat' dir='ltr'><strong>lsidori</strong></span> <span class='ocrx_word' id='word_1_401' title='bbox 747 2522 753 2539; x_wconf 87' lang='lat'>:</span> <span class='ocrx_word' id='word_1_402' title='bbox 780 2513 852 2547; x_wconf 82' lang='lat' dir='ltr'><strong>quod</strong></span> 
     </span>
    </p>
   </div>
   <div class='ocr_carea' id='block_1_10' title="bbox 22 2545 853 2582">
    <p class='ocr_par' dir='ltr' id='par_1_14' title="bbox 22 2545 853 2582">
     <span class='ocr_line' id='line_1_58' title="bbox 22 2545 853 2582; baseline 0 -8"><span class='ocrx_word' id='word_1_403' title='bbox 22 2579 23 2582; x_wconf 13' lang='grc' dir='ltr'><strong>Ἰ</strong></span> <span class='ocrx_word' id='word_1_404' title='bbox 69 2553 119 2580; x_wconf 81' lang='lat' dir='ltr'><strong>ego</strong></span> <span class='ocrx_word' id='word_1_405' title='bbox 132 2546 220 2572; x_wconf 88' lang='lat' dir='ltr'><strong>minus</strong></span> <span class='ocrx_word' id='word_1_406' title='bbox 232 2545 373 2578; x_wconf 78' lang='lat' dir='ltr'><strong>cred03ac</strong></span> <span class='ocrx_word' id='word_1_407' title='bbox 386 2545 462 2573; x_wconf 88' lang='lat' dir='ltr'><strong>l&#39;acile</strong></span> <span class='ocrx_word' id='word_1_408' title='bbox 486 2547 535 2573; x_wconf 87' lang='lat' dir='ltr'><strong>tuit</strong></span> <span class='ocrx_word' id='word_1_409' title='bbox 559 2547 720 2580; x_wconf 72' lang='lat' dir='ltr'><strong>antiquioris</strong></span> <span class='ocrx_word' id='word_1_410' title='bbox 744 2546 853 2575; x_wconf 85' lang='lat' dir='ltr'><strong>Codicis</strong></span> 
     </span>
    </p>
   </div>
   <div class='ocr_carea' id='block_1_11' title="bbox 69 2580 857 2721">
    <p class='ocr_par' dir='ltr' id='par_1_15' title="bbox 69 2580 856 2687">
     <span class='ocr_line' id='line_1_59' title="bbox 69 2580 856 2614; baseline 0.001 -5"><span class='ocrx_word' id='word_1_411' title='bbox 69 2581 274 2614; x_wconf 80' lang='lat' dir='ltr'><strong>exscriptorem.</strong></span> <span class='ocrx_word' id='word_1_412' title='bbox 301 2580 459 2614; x_wconf 81' lang='lat' dir='ltr'><strong>repetitione</strong></span> <span class='ocrx_word' id='word_1_413' title='bbox 478 2583 632 2609; x_wconf 79' lang='lat' dir='ltr'><strong>eorumdem</strong></span> <span class='ocrx_word' id='word_1_414' title='bbox 657 2582 799 2610; x_wconf 89' lang='lat' dir='ltr'><strong>verborum</strong></span> <span class='ocrx_word' id='word_1_415' title='bbox 814 2591 856 2610; x_wconf 77' lang='lat' dir='ltr'><strong>re·</strong></span> 
     </span>
     <span class='ocr_line' id='line_1_60' title="bbox 69 2615 854 2651; baseline 0.003 -8"><span class='ocrx_word' id='word_1_416' title='bbox 69 2615 210 2651; x_wconf 69' lang='lat' dir='ltr'><strong>spondetur</strong></span> <span class='ocrx_word' id='word_1_417' title='bbox 222 2616 273 2642; x_wconf 80' lang='lat' dir='ltr'><strong>imo</strong></span> <span class='ocrx_word' id='word_1_418' title='bbox 286 2615 424 2650; x_wconf 83' lang='lat' dir='ltr'><strong>deceptum</strong></span> <span class='ocrx_word' id='word_1_419' title='bbox 433 2634 442 2649; x_wconf 86' lang='lat'>‚</span> <span class='ocrx_word' id='word_1_420' title='bbox 455 2616 557 2651; x_wconf 79' lang='lat' dir='ltr'><strong>reliqua</strong></span> <span class='ocrx_word' id='word_1_421' title='bbox 570 2617 659 2644; x_wconf 80' lang='lat' dir='ltr'><strong>media</strong></span> <span class='ocrx_word' id='word_1_422' title='bbox 683 2618 766 2645; x_wconf 88' lang='lat' dir='ltr'><strong>verba</strong></span> <span class='ocrx_word' id='word_1_423' title='bbox 788 2618 854 2645; x_wconf 87' lang='lat' dir='ltr'><strong>reli-</strong></span> 
     </span>
     <span class='ocr_line' id='line_1_61' title="bbox 70 2651 270 2687; baseline -0.01 -8"><span class='ocrx_word' id='word_1_424' title='bbox 70 2651 170 2687; x_wconf 84' lang='lat' dir='ltr'><strong>quisse.</strong></span> <span class='ocrx_word' id='word_1_425' title='bbox 185 2651 270 2678; x_wconf 77' lang='lat' dir='ltr'><strong>Ansv.</strong></span> 
     </span>
    </p>

    <p class='ocr_par' dir='ltr' id='par_1_16' title="bbox 106 2684 857 2721">
     <span class='ocr_line' id='line_1_62' title="bbox 106 2684 857 2721; baseline 0.003 -8"><span class='ocrx_word' id='word_1_426' title='bbox 106 2687 134 2716; x_wconf 88' lang='grc'><strong>7.</strong></span> <span class='ocrx_word' id='word_1_427' title='bbox 150 2685 250 2713; x_wconf 83' lang='lat' dir='ltr'><strong>Textus</strong></span> <span class='ocrx_word' id='word_1_428' title='bbox 265 2684 330 2712; x_wconf 85' lang='lat' dir='ltr'><strong>cod.</strong></span> <span class='ocrx_word' id='word_1_429' title='bbox 357 2684 556 2719; x_wconf 68' lang='lat' dir='ltr'><strong>Athon-nontam,</strong></span> <span class='ocrx_word' id='word_1_430' title='bbox 569 2693 647 2721; x_wconf 81' lang='lat' dir='ltr'><strong>quem</strong></span> <span class='ocrx_word' id='word_1_431' title='bbox 660 2686 745 2714; x_wconf 76' lang='lat' dir='ltr'><strong>Ullote</strong></span> <span class='ocrx_word' id='word_1_432' title='bbox 769 2687 857 2715; x_wconf 77' lang='lat' dir='ltr'><strong>Editio</strong></span> 
     </span>
    </p>
   </div>
   <div class='ocr_carea' id='block_1_12' title="bbox 22 2715 862 2791">
    <p class='ocr_par' dir='ltr' id='par_1_17' title="bbox 22 2715 862 2791">
     <span class='ocr_line' id='line_1_63' title="bbox 23 2715 858 2763; baseline 0.001 -14"><span class='ocrx_word' id='word_1_433' title='bbox 23 2715 25 2721; x_wconf 81' lang='lat'>&#39;</span> <span class='ocrx_word' id='word_1_434' title='bbox 71 2721 215 2757; x_wconf 77' lang='lat' dir='ltr'><strong>expressit,</strong></span> <span class='ocrx_word' id='word_1_435' title='bbox 230 2720 375 2761; x_wconf 76' lang='lat' dir='ltr'><strong>mendosus</strong></span> <span class='ocrx_word' id='word_1_436' title='bbox 390 2719 602 2762; x_wconf 39' lang='lat' dir='ltr'><strong>et‘imperfectus</strong></span> <span class='ocrx_word' id='word_1_437' title='bbox 612 2725 671 2748; x_wconf 79' lang='lat' dir='ltr'><strong>erat</strong></span> <span class='ocrx_word' id='word_1_438' title='bbox 682 2721 733 2749; x_wconf 87' lang='lat' dir='ltr'><strong>hoe</strong></span> <span class='ocrx_word' id='word_1_439' title='bbox 751 2724 837 2763; x_wconf 59' lang='lat' dir='ltr'><strong>ruodo</strong></span> <span class='ocrx_word' id='word_1_440' title='bbox 850 2732 858 2750; x_wconf 88' lang='lat'>:</span> 
     </span>
     <span class='ocr_line' id='line_1_64' title="bbox 22 2754 862 2791; baseline 0.001 -7"><span class='ocrx_word' id='word_1_441' title='bbox 22 2763 27 2771; x_wconf 73' lang='lat'>⁴</span> <span class='ocrx_word' id='word_1_442' title='bbox 73 2755 170 2784; x_wconf 66' lang='lat' dir='ltr'><strong>tto-tm</strong></span> <span class='ocrx_word' id='word_1_443' title='bbox 182 2756 327 2783; x_wconf 77' lang='lat' dir='ltr'><strong>emundatio</strong></span> <span class='ocrx_word' id='word_1_444' title='bbox 341 2759 366 2782; x_wconf 83' lang='lat' dir='ltr'><strong>et</strong></span> <span class='ocrx_word' id='word_1_445' title='bbox 382 2754 428 2783; x_wconf 74' lang='lat' dir='ltr'><strong>Det</strong></span> <span class='ocrx_word' id='word_1_446' title='bbox 441 2758 587 2791; x_wconf 65' lang='lat' dir='ltr'><strong>monstratio</strong></span> <span class='ocrx_word' id='word_1_447' title='bbox 599 2755 673 2783; x_wconf 73' lang='lat' dir='ltr'><strong>nulla</strong></span> <span class='ocrx_word' id='word_1_448' title='bbox 686 2760 723 2783; x_wconf 75' lang='lat' dir='ltr'><strong>ut</strong></span> <span class='ocrx_word' id='word_1_449' title='bbox 737 2765 791 2785; x_wconf 68' lang='lat' dir='ltr'><strong>tute</strong></span> <span class='ocrx_word' id='word_1_450' title='bbox 802 2766 862 2785; x_wconf 76' lang='lat' dir='ltr'><strong>ran-</strong></span> 
     </span>
    </p>
   </div>
   <div class='ocr_carea' id='block_1_13' title="bbox 110 2790 862 2863">
    <p class='ocr_par' dir='ltr' id='par_1_18' title="bbox 110 2790 862 2863">
     <span class='ocr_line' id='line_1_65' title="bbox 110 2790 861 2827; baseline 0.004 -8"><span class='ocrx_word' id='word_1_451' title='bbox 110 2792 160 2826; x_wconf 81' lang='lat' dir='ltr'><strong>ine.</strong></span> <span class='ocrx_word' id='word_1_452' title='bbox 171 2791 226 2819; x_wconf 77' lang='lat' dir='ltr'><strong>Sed</strong></span> <span class='ocrx_word' id='word_1_453' title='bbox 249 2791 353 2818; x_wconf 81' lang='lat' dir='ltr'><strong>illarum</strong></span> <span class='ocrx_word' id='word_1_454' title='bbox 378 2790 520 2826; x_wconf 66' lang='lat' dir='ltr'><strong>fiant-arum</strong></span> <span class='ocrx_word' id='word_1_455' title='bbox 542 2790 634 2818; x_wconf 74' lang='lat' dir='ltr'><strong>verim</strong></span> <span class='ocrx_word' id='word_1_456' title='bbox 660 2790 710 2827; x_wconf 69' lang='lat' dir='ltr'><strong>suit</strong></span> <span class='ocrx_word' id='word_1_457' title='bbox 734 2790 861 2822; x_wconf 61' lang='lat' dir='ltr'><strong>certatus.</strong></span> 
     </span>
     <span class='ocr_line' id='line_1_66' title="bbox 125 2824 862 2863; baseline -0.007 -8"><span class='ocrx_word' id='word_1_458' title='bbox 125 2827 252 2863; x_wconf 66' lang='lat' dir='ltr'><strong>pandetur</strong></span> <span class='ocrx_word' id='word_1_459' title='bbox 262 2833 273 2855; x_wconf 94' lang='grc'><strong>.·</strong></span> <span class='ocrx_word' id='word_1_460' title='bbox 286 2825 343 2854; x_wconf 75' lang='lat' dir='ltr'><strong>Into</strong></span> <span class='ocrx_word' id='word_1_461' title='bbox 356 2829 500 2862; x_wconf 69' lang='lat' dir='ltr'><strong>propterea,</strong></span> <span class='ocrx_word' id='word_1_462' title='bbox 511 2824 668 2854; x_wconf 77' lang='lat' dir='ltr'><strong>etc-Verum</strong></span> <span class='ocrx_word' id='word_1_463' title='bbox 688 2825 746 2856; x_wconf 66' lang='lat' dir='ltr'><strong>hac</strong></span> <span class='ocrx_word' id='word_1_464' title='bbox 768 2826 795 2856; x_wconf 84' lang='lat' dir='ltr'><strong>in</strong></span> <span class='ocrx_word' id='word_1_465' title='bbox 808 2827 862 2859; x_wconf 69' lang='grc' dir='ltr'><strong>α).</strong></span> 
     </span>
    </p>
   </div>
   <div class='ocr_carea' id='block_1_14' title="bbox 897 219 1708 2186">
    <p class='ocr_par' dir='ltr' id='par_1_19' title="bbox 897 219 1700 762">
     <span class='ocr_line' id='line_1_67' title="bbox 899 219 1695 256; baseline 0.004 -9"><span class='ocrx_word' id='word_1_466' title='bbox 899 229 965 254; x_wconf 81' lang='lat' dir='ltr'><strong>nere,</strong></span> <span class='ocrx_word' id='word_1_467' title='bbox 979 221 1024 248; x_wconf 76' lang='lat' dir='ltr'><strong>sed</strong></span> <span class='ocrx_word' id='word_1_468' title='bbox 1037 220 1188 256; x_wconf 79' lang='lat' dir='ltr'><strong>adimplere,</strong></span> <span class='ocrx_word' id='word_1_469' title='bbox 1210 220 1387 255; x_wconf 87' lang='lat' dir='ltr'><strong>respondetur</strong></span> <span class='ocrx_word' id='word_1_470' title='bbox 1413 229 1420 247; x_wconf 83' lang='lat' dir='ltr'><strong><em>z</em></strong></span> <span class='ocrx_word' id='word_1_471' title='bbox 1454 219 1511 248; x_wconf 87' lang='lat' dir='ltr'><strong>lmo</strong></span> <span class='ocrx_word' id='word_1_472' title='bbox 1523 221 1695 250; x_wconf 78' lang='lat' dir='ltr'><strong>Christianus</strong></span> 
     </span>
     <span class='ocr_line' id='line_1_68' title="bbox 897 265 1695 302; baseline 0.004 -10"><span class='ocrx_word' id='word_1_473' title='bbox 897 266 952 300; x_wconf 78' lang='lat' dir='ltr'><strong>iam</strong></span> <span class='ocrx_word' id='word_1_474' title='bbox 965 266 1005 293; x_wconf 87' lang='lat' dir='ltr'><strong>sic</strong></span> <span class='ocrx_word' id='word_1_475' title='bbox 1017 266 1116 300; x_wconf 82' lang='lat' dir='ltr'><strong>pascha</strong></span> <span class='ocrx_word' id='word_1_476' title='bbox 1130 273 1184 293; x_wconf 88' lang='lat' dir='ltr'><strong>nou</strong></span> <span class='ocrx_word' id='word_1_477' title='bbox 1206 265 1336 298; x_wconf 81' lang='lat' dir='ltr'><strong>celebrat,</strong></span> <span class='ocrx_word' id='word_1_478' title='bbox 1352 265 1415 300; x_wconf 84' lang='lat' dir='ltr'><strong>quia</strong></span> <span class='ocrx_word' id='word_1_479' title='bbox 1441 266 1514 300; x_wconf 83' lang='lat' dir='ltr'><strong>quod</strong></span> <span class='ocrx_word' id='word_1_480' title='bbox 1538 267 1583 294; x_wconf 78' lang='lat' dir='ltr'><strong>illa</strong></span> <span class='ocrx_word' id='word_1_481' title='bbox 1610 267 1695 302; x_wconf 78' lang='lat' dir='ltr'><strong>ligura</strong></span> 
     </span>
     <span class='ocr_line' id='line_1_69' title="bbox 898 314 1699 349; baseline 0.004 -9"><span class='ocrx_word' id='word_1_482' title='bbox 898 314 1110 348; x_wconf 85' lang='lat' dir='ltr'><strong>prophetabatur</strong></span> <span class='ocrx_word' id='word_1_483' title='bbox 1119 314 1211 349; x_wconf 80' lang='lat' dir='ltr'><strong>Agnus</strong></span> <span class='ocrx_word' id='word_1_484' title='bbox 1220 314 1409 341; x_wconf 79' lang='lat' dir='ltr'><strong>immaculatus</strong></span> <span class='ocrx_word' id='word_1_485' title='bbox 1416 320 1465 342; x_wconf 85' lang='lat' dir='ltr'><strong>sua</strong></span> <span class='ocrx_word' id='word_1_486' title='bbox 1478 315 1606 349; x_wconf 84' lang='lat' dir='ltr'><strong>passione</strong></span> <span class='ocrx_word' id='word_1_487' title='bbox 1619 314 1699 344; x_wconf 88' lang='lat' dir='ltr'><strong>Chri-</strong></span> 
     </span>
     <span class='ocr_line' id='line_1_70' title="bbox 898 360 1697 396; baseline 0.005 -10"><span class='ocrx_word' id='word_1_488' title='bbox 898 364 955 387; x_wconf 88' lang='lat' dir='ltr'><strong>stus</strong></span> <span class='ocrx_word' id='word_1_489' title='bbox 974 360 1108 394; x_wconf 83' lang='lat' dir='ltr'><strong>implevit.</strong></span> <span class='ocrx_word' id='word_1_490' title='bbox 1131 360 1198 387; x_wconf 89' lang='lat' dir='ltr'><strong>Cum</strong></span> <span class='ocrx_word' id='word_1_491' title='bbox 1215 361 1346 395; x_wconf 67' lang='lat' dir='ltr'><strong>quaritur</strong></span> <span class='ocrx_word' id='word_1_492' title='bbox 1364 367 1444 396; x_wconf 83' lang='lat' dir='ltr'><strong>quam</strong></span> <span class='ocrx_word' id='word_1_493' title='bbox 1457 361 1492 388; x_wconf 91' lang='lat' dir='ltr'><strong>ob</strong></span> <span class='ocrx_word' id='word_1_494' title='bbox 1507 369 1615 390; x_wconf 83' lang='lat' dir='ltr'><strong>eausam</strong></span> <span class='ocrx_word' id='word_1_495' title='bbox 1632 371 1697 391; x_wconf 88' lang='lat' dir='ltr'><strong>neo-</strong></span> 
     </span>
     <span class='ocr_line' id='line_1_71' title="bbox 898 405 1695 442; baseline 0.005 -10"><span class='ocrx_word' id='word_1_496' title='bbox 898 406 1004 433; x_wconf 84' lang='lat' dir='ltr'><strong>menias</strong></span> <span class='ocrx_word' id='word_1_497' title='bbox 1018 405 1045 432; x_wconf 92' lang='lat' dir='ltr'><strong>in</strong></span> <span class='ocrx_word' id='word_1_498' title='bbox 1060 405 1121 440; x_wconf 84' lang='lat' dir='ltr'><strong>lege</strong></span> <span class='ocrx_word' id='word_1_499' title='bbox 1134 406 1274 432; x_wconf 77' lang='lat' dir='ltr'><strong>mandatas</strong></span> <span class='ocrx_word' id='word_1_500' title='bbox 1296 413 1351 432; x_wconf 92' lang='lat' dir='ltr'><strong>non</strong></span> <span class='ocrx_word' id='word_1_501' title='bbox 1374 405 1496 433; x_wconf 84' lang='lat' dir='ltr'><strong>celebrat</strong></span> <span class='ocrx_word' id='word_1_502' title='bbox 1516 406 1695 442; x_wconf 79' lang='lat' dir='ltr'><strong>Christianus,</strong></span> 
     </span>
     <span class='ocr_line' id='line_1_72' title="bbox 898 450 1697 486; baseline 0.005 -10"><span class='ocrx_word' id='word_1_503' title='bbox 898 451 920 476; x_wconf 87' lang='lat' dir='ltr'><strong>si</strong></span> <span class='ocrx_word' id='word_1_504' title='bbox 935 450 1061 477; x_wconf 85' lang='lat' dir='ltr'><strong>Christus</strong></span> <span class='ocrx_word' id='word_1_505' title='bbox 1082 458 1135 477; x_wconf 78' lang='lat' dir='ltr'><strong>non</strong></span> <span class='ocrx_word' id='word_1_506' title='bbox 1158 450 1224 477; x_wconf 71' lang='lat' dir='ltr'><strong>venit</strong></span> <span class='ocrx_word' id='word_1_507' title='bbox 1245 450 1326 486; x_wconf 66' lang='lat' dir='ltr'><strong>legem</strong></span> <span class='ocrx_word' id='word_1_508' title='bbox 1353 451 1462 484; x_wconf 73' lang='lat' dir='ltr'><strong>solvere,</strong></span> <span class='ocrx_word' id='word_1_509' title='bbox 1478 452 1523 478; x_wconf 75' lang='lat' dir='ltr'><strong>sed</strong></span> <span class='ocrx_word' id='word_1_510' title='bbox 1546 452 1697 486; x_wconf 76' lang='lat' dir='ltr'><strong>adimplere,</strong></span> 
     </span>
     <span class='ocr_line' id='line_1_73' title="bbox 898 497 1698 532; baseline 0.001 -7"><span class='ocrx_word' id='word_1_511' title='bbox 898 497 1078 532; x_wconf 82' lang='lat' dir='ltr'><strong>respondetur</strong></span> <span class='ocrx_word' id='word_1_512' title='bbox 1099 506 1105 523; x_wconf 71' lang='grc' dir='ltr'><strong><em>τ</em></strong></span> <span class='ocrx_word' id='word_1_513' title='bbox 1128 497 1184 524; x_wconf 89' lang='lat' dir='ltr'><strong>lmo</strong></span> <span class='ocrx_word' id='word_1_514' title='bbox 1202 497 1257 531; x_wconf 86' lang='lat' dir='ltr'><strong>jam</strong></span> <span class='ocrx_word' id='word_1_515' title='bbox 1280 502 1422 532; x_wconf 83' lang='lat' dir='ltr'><strong>propterea</strong></span> <span class='ocrx_word' id='word_1_516' title='bbox 1443 497 1612 526; x_wconf 89' lang='lat' dir='ltr'><strong>Christianus</strong></span> <span class='ocrx_word' id='word_1_517' title='bbox 1633 500 1698 526; x_wconf 89' lang='lat' dir='ltr'><strong>istas</strong></span> 
     </span>
     <span class='ocr_line' id='line_1_74' title="bbox 898 543 1697 578; baseline 0.003 -7"><span class='ocrx_word' id='word_1_518' title='bbox 898 552 952 572; x_wconf 92' lang='lat' dir='ltr'><strong>non</strong></span> <span class='ocrx_word' id='word_1_519' title='bbox 967 544 1097 576; x_wconf 82' lang='lat' dir='ltr'><strong>celebrat,</strong></span> <span class='ocrx_word' id='word_1_520' title='bbox 1114 543 1178 578; x_wconf 83' lang='lat' dir='ltr'><strong>quia</strong></span> <span class='ocrx_word' id='word_1_521' title='bbox 1190 548 1301 578; x_wconf 86' lang='lat' dir='ltr'><strong>propter</strong></span> <span class='ocrx_word' id='word_1_522' title='bbox 1315 545 1384 578; x_wconf 84' lang='lat' dir='ltr'><strong>quod</strong></span> <span class='ocrx_word' id='word_1_523' title='bbox 1399 545 1632 578; x_wconf 70' lang='lat' dir='ltr'><strong>praenuntiandum</strong></span> <span class='ocrx_word' id='word_1_524' title='bbox 1646 553 1697 573; x_wconf 90' lang='lat' dir='ltr'><strong>ce-</strong></span> 
     </span>
     <span class='ocr_line' id='line_1_75' title="bbox 899 588 1697 623; baseline 0.004 -7"><span class='ocrx_word' id='word_1_525' title='bbox 899 589 1073 616; x_wconf 87' lang='lat' dir='ltr'><strong>lebrabantur</strong></span> <span class='ocrx_word' id='word_1_526' title='bbox 1088 588 1213 616; x_wconf 84' lang='lat' dir='ltr'><strong>Christus</strong></span> <span class='ocrx_word' id='word_1_527' title='bbox 1233 589 1363 623; x_wconf 89' lang='lat' dir='ltr'><strong>implevit.</strong></span> <span class='ocrx_word' id='word_1_528' title='bbox 1379 590 1535 617; x_wconf 87' lang='lat' dir='ltr'><strong>Celebratio</strong></span> <span class='ocrx_word' id='word_1_529' title='bbox 1563 591 1634 618; x_wconf 90' lang='lat' dir='ltr'><strong>enim</strong></span> <span class='ocrx_word' id='word_1_530' title='bbox 1647 600 1697 619; x_wconf 91' lang='lat' dir='ltr'><strong>uo-</strong></span> 
     </span>
     <span class='ocr_line' id='line_1_76' title="bbox 899 635 1698 672; baseline 0.003 -10"><span class='ocrx_word' id='word_1_531' title='bbox 899 643 940 663; x_wconf 80' lang='lat' dir='ltr'><strong>vae</strong></span> <span class='ocrx_word' id='word_1_532' title='bbox 961 636 1031 663; x_wconf 73' lang='lat' dir='ltr'><strong>luuze</strong></span> <span class='ocrx_word' id='word_1_533' title='bbox 1065 635 1264 670; x_wconf 58' lang='lat' dir='ltr'><strong>praenuntiabat</strong></span> <span class='ocrx_word' id='word_1_534' title='bbox 1287 643 1383 663; x_wconf 85' lang='lat' dir='ltr'><strong>novam</strong></span> <span class='ocrx_word' id='word_1_535' title='bbox 1407 641 1571 670; x_wconf 84' lang='lat' dir='ltr'><strong>creaturam,</strong></span> <span class='ocrx_word' id='word_1_536' title='bbox 1592 637 1627 664; x_wconf 86' lang='lat' dir='ltr'><strong>de</strong></span> <span class='ocrx_word' id='word_1_537' title='bbox 1646 645 1698 672; x_wconf 83' lang='lat' dir='ltr'><strong>qua</strong></span> 
     </span>
     <span class='ocr_line' id='line_1_77' title="bbox 899 681 1700 716; baseline 0 -7"><span class='ocrx_word' id='word_1_538' title='bbox 899 682 963 709; x_wconf 90' lang='lat' dir='ltr'><strong>dicit</strong></span> <span class='ocrx_word' id='word_1_539' title='bbox 978 682 1125 716; x_wconf 81' lang='lat' dir='ltr'><strong>Apostolus</strong></span> <span class='ocrx_word' id='word_1_540' title='bbox 1138 690 1145 707; x_wconf 74' lang='grc' dir='ltr'>ι</span> <span class='ocrx_word' id='word_1_541' title='bbox 1161 681 1192 708; x_wconf 84' lang='lat' dir='ltr'><strong>Si</strong></span> <span class='ocrx_word' id='word_1_542' title='bbox 1205 690 1255 716; x_wconf 81' lang='lat' dir='ltr'><strong>qua</strong></span> <span class='ocrx_word' id='word_1_543' title='bbox 1266 682 1346 716; x_wconf 59' lang='grc' dir='ltr'><strong>ἐρίων</strong></span> <span class='ocrx_word' id='word_1_544' title='bbox 1361 682 1387 708; x_wconf 84' lang='lat' dir='ltr'><strong>in</strong></span> <span class='ocrx_word' id='word_1_545' title='bbox 1399 681 1502 708; x_wconf 83' lang='lat' dir='ltr'><strong>Christo</strong></span> <span class='ocrx_word' id='word_1_546' title='bbox 1523 690 1589 709; x_wconf 85' lang='lat' dir='ltr'><strong>nova</strong></span> <span class='ocrx_word' id='word_1_547' title='bbox 1599 687 1700 710; x_wconf 82' lang='lat' dir='ltr'><strong>creatu-</strong></span> 
     </span>
     <span class='ocr_line' id='line_1_78' title="bbox 899 728 1606 762; baseline 0.003 -8"><span class='ocrx_word' id='word_1_548' title='bbox 899 736 940 760; x_wconf 84' lang='lat' dir='ltr'><strong>ra,</strong></span> <span class='ocrx_word' id='word_1_549' title='bbox 957 733 1041 755; x_wconf 81' lang='lat' dir='ltr'><strong>vetera</strong></span> <span class='ocrx_word' id='word_1_550' title='bbox 1054 728 1225 759; x_wconf 74' lang='lat' dir='ltr'><strong>transierunt,</strong></span> <span class='ocrx_word' id='word_1_551' title='bbox 1241 733 1264 753; x_wconf 85' lang='lat' dir='ltr'><strong>et</strong></span> <span class='ocrx_word' id='word_1_552' title='bbox 1279 729 1348 762; x_wconf 82' lang='lat' dir='ltr'><strong>sacta</strong></span> <span class='ocrx_word' id='word_1_553' title='bbox 1359 733 1419 755; x_wconf 79' lang='lat' dir='ltr'><strong>sunt</strong></span> <span class='ocrx_word' id='word_1_554' title='bbox 1431 729 1517 755; x_wconf 82' lang='lat' dir='ltr'><strong>onmia</strong></span> <span class='ocrx_word' id='word_1_555' title='bbox 1531 737 1606 756; x_wconf 82' lang='lat' dir='ltr'><strong>nova.</strong></span> 
     </span>
    </p>

    <p class='ocr_par' dir='ltr' id='par_1_20' title="bbox 902 772 1703 1168">
     <span class='ocr_line' id='line_1_79' title="bbox 936 772 1700 810; baseline 0.005 -11"><span class='ocrx_word' id='word_1_556' title='bbox 936 773 980 800; x_wconf 78' lang='lat'><strong>10.</strong></span> <span class='ocrx_word' id='word_1_557' title='bbox 994 772 1060 800; x_wconf 91' lang='lat' dir='ltr'><strong>Cum</strong></span> <span class='ocrx_word' id='word_1_558' title='bbox 1075 774 1204 807; x_wconf 78' lang='lat' dir='ltr'><strong>quaeritur</strong></span> <span class='ocrx_word' id='word_1_559' title='bbox 1218 781 1265 800; x_wconf 88' lang='lat' dir='ltr'><strong>cur</strong></span> <span class='ocrx_word' id='word_1_560' title='bbox 1281 773 1327 800; x_wconf 90' lang='lat' dir='ltr'><strong>illa</strong></span> <span class='ocrx_word' id='word_1_561' title='bbox 1354 774 1521 808; x_wconf 85' lang='lat' dir='ltr'><strong>singularum</strong></span> <span class='ocrx_word' id='word_1_562' title='bbox 1532 783 1700 810; x_wconf 81' lang='lat' dir='ltr'><strong>quarumque</strong></span> 
     </span>
     <span class='ocr_line' id='line_1_80' title="bbox 902 818 1700 856; baseline 0.004 -10"><span class='ocrx_word' id='word_1_563' title='bbox 902 818 1130 846; x_wconf 82' lang='lat' dir='ltr'><strong>immunditiarum</strong></span> <span class='ocrx_word' id='word_1_564' title='bbox 1147 819 1308 852; x_wconf 86' lang='lat' dir='ltr'><strong>baptismata</strong></span> <span class='ocrx_word' id='word_1_565' title='bbox 1333 827 1394 853; x_wconf 80' lang='lat' dir='ltr'><strong>quae</strong></span> <span class='ocrx_word' id='word_1_566' title='bbox 1414 820 1439 846; x_wconf 91' lang='lat' dir='ltr'><strong>in</strong></span> <span class='ocrx_word' id='word_1_567' title='bbox 1465 820 1525 854; x_wconf 87' lang='lat' dir='ltr'><strong>lege</strong></span> <span class='ocrx_word' id='word_1_568' title='bbox 1540 822 1700 856; x_wconf 68' lang='lat' dir='ltr'><strong>praecipiun-</strong></span> 
     </span>
     <span class='ocr_line' id='line_1_81' title="bbox 903 864 1701 903; baseline 0.006 -13"><span class='ocrx_word' id='word_1_569' title='bbox 903 868 945 890; x_wconf 93' lang='lat' dir='ltr'><strong>tur</strong></span> <span class='ocrx_word' id='word_1_570' title='bbox 955 871 1009 891; x_wconf 91' lang='lat' dir='ltr'><strong>non</strong></span> <span class='ocrx_word' id='word_1_571' title='bbox 1024 864 1152 903; x_wconf 81' lang='lat' dir='ltr'><strong>observet</strong></span> <span class='ocrx_word' id='word_1_572' title='bbox 1164 864 1334 892; x_wconf 86' lang='lat' dir='ltr'><strong>Christianus</strong></span> <span class='ocrx_word' id='word_1_573' title='bbox 1344 886 1351 898; x_wconf 85' lang='lat'><strong>,</strong></span> <span class='ocrx_word' id='word_1_574' title='bbox 1364 866 1385 892; x_wconf 91' lang='lat' dir='ltr'><strong>si</strong></span> <span class='ocrx_word' id='word_1_575' title='bbox 1401 865 1486 900; x_wconf 81' lang='lat' dir='ltr'><strong>legem</strong></span> <span class='ocrx_word' id='word_1_576' title='bbox 1511 866 1634 894; x_wconf 80' lang='lat' dir='ltr'><strong>Christus</strong></span> <span class='ocrx_word' id='word_1_577' title='bbox 1648 875 1701 895; x_wconf 84' lang='lat' dir='ltr'><strong>non</strong></span> 
     </span>
     <span class='ocr_line' id='line_1_82' title="bbox 902 909 1702 947; baseline 0.006 -12"><span class='ocrx_word' id='word_1_578' title='bbox 902 910 966 936; x_wconf 75' lang='lat' dir='ltr'><strong>venit</strong></span> <span class='ocrx_word' id='word_1_579' title='bbox 982 909 1087 941; x_wconf 73' lang='lat' dir='ltr'><strong>solvere,</strong></span> <span class='ocrx_word' id='word_1_580' title='bbox 1103 910 1148 937; x_wconf 72' lang='lat' dir='ltr'><strong>sed</strong></span> <span class='ocrx_word' id='word_1_581' title='bbox 1172 910 1322 943; x_wconf 76' lang='lat' dir='ltr'><strong>adimplere,</strong></span> <span class='ocrx_word' id='word_1_582' title='bbox 1347 911 1523 945; x_wconf 85' lang='lat' dir='ltr'><strong>respondetur</strong></span> <span class='ocrx_word' id='word_1_583' title='bbox 1541 920 1547 938; x_wconf 75' lang='grc' dir='ltr'>ε</span> <span class='ocrx_word' id='word_1_584' title='bbox 1563 912 1628 939; x_wconf 81' lang='lat' dir='ltr'><strong>lntle</strong></span> <span class='ocrx_word' id='word_1_585' title='bbox 1654 920 1702 947; x_wconf 85' lang='lat' dir='ltr'><strong>po-</strong></span> 
     </span>
     <span class='ocr_line' id='line_1_83' title="bbox 904 956 1702 991; baseline 0.005 -9"><span class='ocrx_word' id='word_1_586' title='bbox 904 957 956 983; x_wconf 88' lang='lat' dir='ltr'><strong>tius</strong></span> <span class='ocrx_word' id='word_1_587' title='bbox 972 956 1029 983; x_wconf 64' lang='lat' dir='ltr'><strong>haue</strong></span> <span class='ocrx_word' id='word_1_588' title='bbox 1043 963 1095 983; x_wconf 91' lang='lat' dir='ltr'><strong>nou</strong></span> <span class='ocrx_word' id='word_1_589' title='bbox 1118 956 1247 983; x_wconf 87' lang='lat' dir='ltr'><strong>observat</strong></span> <span class='ocrx_word' id='word_1_590' title='bbox 1268 957 1446 988; x_wconf 86' lang='lat' dir='ltr'><strong>Christianus,</strong></span> <span class='ocrx_word' id='word_1_591' title='bbox 1463 958 1524 991; x_wconf 81' lang='lat' dir='ltr'><strong>quia</strong></span> <span class='ocrx_word' id='word_1_592' title='bbox 1549 957 1702 988; x_wconf 83' lang='lat' dir='ltr'><strong>futurorum</strong></span> 
     </span>
     <span class='ocr_line' id='line_1_84' title="bbox 903 1001 1702 1038; baseline 0.005 -10"><span class='ocrx_word' id='word_1_593' title='bbox 903 1001 986 1038; x_wconf 74' lang='lat' dir='ltr'><strong>ligura</strong></span> <span class='ocrx_word' id='word_1_594' title='bbox 1002 1007 1092 1033; x_wconf 88' lang='lat' dir='ltr'><strong>eraut,</strong></span> <span class='ocrx_word' id='word_1_595' title='bbox 1109 1010 1188 1036; x_wconf 87' lang='lat' dir='ltr'><strong>quam</strong></span> <span class='ocrx_word' id='word_1_596' title='bbox 1212 1003 1335 1029; x_wconf 85' lang='lat' dir='ltr'><strong>Christus</strong></span> <span class='ocrx_word' id='word_1_597' title='bbox 1363 1004 1495 1037; x_wconf 86' lang='lat' dir='ltr'><strong>implevit.</strong></span> <span class='ocrx_word' id='word_1_598' title='bbox 1522 1004 1601 1031; x_wconf 87' lang='lat' dir='ltr'><strong>Venit</strong></span> <span class='ocrx_word' id='word_1_599' title='bbox 1628 1005 1702 1032; x_wconf 84' lang='lat' dir='ltr'><strong>enim</strong></span> 
     </span>
     <span class='ocr_line' id='line_1_85' title="bbox 903 1048 1703 1082; baseline 0.004 -8"><span class='ocrx_word' id='word_1_600' title='bbox 903 1048 1071 1081; x_wconf 83' lang='lat' dir='ltr'><strong>consepelire</strong></span> <span class='ocrx_word' id='word_1_601' title='bbox 1088 1055 1137 1074; x_wconf 86' lang='lat' dir='ltr'><strong>nos</strong></span> <span class='ocrx_word' id='word_1_602' title='bbox 1153 1048 1205 1074; x_wconf 87' lang='lat' dir='ltr'><strong>sihi</strong></span> <span class='ocrx_word' id='word_1_603' title='bbox 1222 1055 1268 1081; x_wconf 88' lang='lat' dir='ltr'><strong>per</strong></span> <span class='ocrx_word' id='word_1_604' title='bbox 1294 1048 1455 1082; x_wconf 91' lang='lat' dir='ltr'><strong>baptismum</strong></span> <span class='ocrx_word' id='word_1_605' title='bbox 1481 1049 1508 1076; x_wconf 88' lang='lat' dir='ltr'><strong>in</strong></span> <span class='ocrx_word' id='word_1_606' title='bbox 1530 1054 1655 1082; x_wconf 86' lang='lat' dir='ltr'><strong>mortem,</strong></span> <span class='ocrx_word' id='word_1_607' title='bbox 1673 1054 1703 1077; x_wconf 83' lang='lat' dir='ltr'><strong>ut</strong></span> 
     </span>
     <span class='ocr_line' id='line_1_86' title="bbox 904 1094 1703 1128; baseline 0.006 -9"><span class='ocrx_word' id='word_1_608' title='bbox 904 1094 1129 1128; x_wconf 82' lang='lat' dir='ltr'><strong>quemadmodum</strong></span> <span class='ocrx_word' id='word_1_609' title='bbox 1156 1094 1280 1121; x_wconf 88' lang='lat' dir='ltr'><strong>Christus</strong></span> <span class='ocrx_word' id='word_1_610' title='bbox 1307 1096 1455 1123; x_wconf 80' lang='lat' dir='ltr'><strong>resurrexit</strong></span> <span class='ocrx_word' id='word_1_611' title='bbox 1479 1102 1494 1122; x_wconf 90' lang='lat' dir='ltr'><strong>a</strong></span> <span class='ocrx_word' id='word_1_612' title='bbox 1520 1096 1648 1128; x_wconf 83' lang='lat' dir='ltr'><strong>mortuis,</strong></span> <span class='ocrx_word' id='word_1_613' title='bbox 1663 1095 1703 1125; x_wconf 81' lang='lat' dir='ltr'><strong>sic</strong></span> 
     </span>
     <span class='ocr_line' id='line_1_87' title="bbox 904 1139 1441 1168; baseline 0.004 -2"><span class='ocrx_word' id='word_1_614' title='bbox 904 1144 931 1166; x_wconf 90' lang='lat' dir='ltr'><strong>et</strong></span> <span class='ocrx_word' id='word_1_615' title='bbox 946 1147 994 1166; x_wconf 88' lang='lat' dir='ltr'><strong>nos</strong></span> <span class='ocrx_word' id='word_1_616' title='bbox 1006 1140 1032 1166; x_wconf 93' lang='lat' dir='ltr'><strong>in</strong></span> <span class='ocrx_word' id='word_1_617' title='bbox 1048 1140 1169 1166; x_wconf 86' lang='lat' dir='ltr'><strong>novitate</strong></span> <span class='ocrx_word' id='word_1_618' title='bbox 1185 1139 1248 1166; x_wconf 79' lang='lat' dir='ltr'><strong>vitae</strong></span> <span class='ocrx_word' id='word_1_619' title='bbox 1262 1140 1441 1168; x_wconf 84' lang='lat' dir='ltr'><strong>ambulemus.</strong></span> 
     </span>
    </p>

    <p class='ocr_par' dir='ltr' id='par_1_21' title="bbox 904 1186 1707 1910">
     <span class='ocr_line' id='line_1_88' title="bbox 941 1186 1703 1221; baseline 0.005 -9"><span class='ocrx_word' id='word_1_620' title='bbox 941 1186 986 1212; x_wconf 75' lang='lat' dir='ltr'><strong>ll.</strong></span> <span class='ocrx_word' id='word_1_621' title='bbox 1003 1186 1068 1213; x_wconf 90' lang='lat' dir='ltr'><strong>Cum</strong></span> <span class='ocrx_word' id='word_1_622' title='bbox 1082 1186 1213 1219; x_wconf 67' lang='lat' dir='ltr'><strong>quaeritur</strong></span> <span class='ocrx_word' id='word_1_623' title='bbox 1229 1194 1279 1220; x_wconf 88' lang='lat' dir='ltr'><strong>qua</strong></span> <span class='ocrx_word' id='word_1_624' title='bbox 1305 1194 1384 1214; x_wconf 87' lang='lat' dir='ltr'><strong>causa</strong></span> <span class='ocrx_word' id='word_1_625' title='bbox 1400 1188 1563 1221; x_wconf 81' lang='lat' dir='ltr'><strong>scenopegia</strong></span> <span class='ocrx_word' id='word_1_626' title='bbox 1590 1194 1645 1215; x_wconf 88' lang='lat' dir='ltr'><strong>nou</strong></span> <span class='ocrx_word' id='word_1_627' title='bbox 1665 1187 1703 1216; x_wconf 76' lang='lat' dir='ltr'><strong>sit</strong></span> 
     </span>
     <span class='ocr_line' id='line_1_89' title="bbox 905 1232 1704 1268; baseline 0.004 -10"><span class='ocrx_word' id='word_1_628' title='bbox 905 1232 1062 1258; x_wconf 87' lang='lat' dir='ltr'><strong>solemnitas</strong></span> <span class='ocrx_word' id='word_1_629' title='bbox 1074 1232 1302 1265; x_wconf 88' lang='lat' dir='ltr'><strong>Christianorum,</strong></span> <span class='ocrx_word' id='word_1_630' title='bbox 1314 1233 1335 1258; x_wconf 92' lang='lat' dir='ltr'><strong>si</strong></span> <span class='ocrx_word' id='word_1_631' title='bbox 1351 1233 1393 1259; x_wconf 86' lang='lat' dir='ltr'><strong>lex</strong></span> <span class='ocrx_word' id='word_1_632' title='bbox 1405 1240 1418 1258; x_wconf 91' lang='lat' dir='ltr'><strong>a</strong></span> <span class='ocrx_word' id='word_1_633' title='bbox 1434 1232 1542 1259; x_wconf 88' lang='lat' dir='ltr'><strong>Christo</strong></span> <span class='ocrx_word' id='word_1_634' title='bbox 1557 1233 1704 1268; x_wconf 83' lang='lat' dir='ltr'><strong>adimpleta</strong></span> 
     </span>
     <span class='ocr_line' id='line_1_90' title="bbox 904 1278 1701 1311; baseline 0.005 -7"><span class='ocrx_word' id='word_1_635' title='bbox 904 1283 954 1310; x_wconf 86' lang='lat' dir='ltr'><strong>est,</strong></span> <span class='ocrx_word' id='word_1_636' title='bbox 972 1285 1025 1305; x_wconf 91' lang='lat' dir='ltr'><strong>non</strong></span> <span class='ocrx_word' id='word_1_637' title='bbox 1043 1278 1140 1309; x_wconf 89' lang='lat' dir='ltr'><strong>soluta,</strong></span> <span class='ocrx_word' id='word_1_638' title='bbox 1157 1278 1335 1311; x_wconf 84' lang='lat' dir='ltr'><strong>respondetur</strong></span> <span class='ocrx_word' id='word_1_639' title='bbox 1346 1278 1554 1308; x_wconf 76' lang='lat' dir='ltr'><strong>,tabernaculum</strong></span> <span class='ocrx_word' id='word_1_640' title='bbox 1571 1280 1618 1306; x_wconf 87' lang='lat' dir='ltr'><strong>Dei</strong></span> <span class='ocrx_word' id='word_1_641' title='bbox 1634 1280 1701 1308; x_wconf 81' lang='lat' dir='ltr'><strong>iide-</strong></span> 
     </span>
     <span class='ocr_line' id='line_1_91' title="bbox 905 1322 1704 1358; baseline 0.004 -8"><span class='ocrx_word' id='word_1_642' title='bbox 905 1323 944 1350; x_wconf 89' lang='lat' dir='ltr'><strong>les</strong></span> <span class='ocrx_word' id='word_1_643' title='bbox 961 1330 1032 1354; x_wconf 85' lang='lat' dir='ltr'><strong>esse,</strong></span> <span class='ocrx_word' id='word_1_644' title='bbox 1059 1324 1084 1348; x_wconf 89' lang='lat' dir='ltr'><strong>in</strong></span> <span class='ocrx_word' id='word_1_645' title='bbox 1108 1322 1204 1356; x_wconf 81' lang='lat' dir='ltr'><strong>quibus</strong></span> <span class='ocrx_word' id='word_1_646' title='bbox 1227 1323 1359 1350; x_wconf 87' lang='lat' dir='ltr'><strong>charitate</strong></span> <span class='ocrx_word' id='word_1_647' title='bbox 1384 1324 1501 1356; x_wconf 79' lang='lat' dir='ltr'><strong>sociatis,</strong></span> <span class='ocrx_word' id='word_1_648' title='bbox 1521 1329 1547 1351; x_wconf 92' lang='lat' dir='ltr'><strong>et</strong></span> <span class='ocrx_word' id='word_1_649' title='bbox 1574 1326 1704 1358; x_wconf 80' lang='lat' dir='ltr'><strong>quodam-</strong></span> 
     </span>
     <span class='ocr_line' id='line_1_92' title="bbox 906 1368 1704 1406; baseline 0.005 -11"><span class='ocrx_word' id='word_1_650' title='bbox 906 1368 988 1395; x_wconf 82' lang='lat' dir='ltr'><strong>modo</strong></span> <span class='ocrx_word' id='word_1_651' title='bbox 1001 1368 1158 1401; x_wconf 69' lang='lat' dir='ltr'><strong>compactis,</strong></span> <span class='ocrx_word' id='word_1_652' title='bbox 1176 1368 1299 1395; x_wconf 90' lang='lat' dir='ltr'><strong>babitare</strong></span> <span class='ocrx_word' id='word_1_653' title='bbox 1325 1369 1459 1403; x_wconf 88' lang='lat' dir='ltr'><strong>dignatur.</strong></span> <span class='ocrx_word' id='word_1_654' title='bbox 1477 1370 1510 1396; x_wconf 88' lang='lat' dir='ltr'><strong>Et</strong></span> <span class='ocrx_word' id='word_1_655' title='bbox 1538 1371 1599 1398; x_wconf 88' lang='lat' dir='ltr'><strong>ideo</strong></span> <span class='ocrx_word' id='word_1_656' title='bbox 1619 1373 1704 1406; x_wconf 81' lang='lat' dir='ltr'><strong>magis</strong></span> 
     </span>
     <span class='ocr_line' id='line_1_93' title="bbox 904 1413 1704 1450; baseline 0.008 -11"><span class='ocrx_word' id='word_1_657' title='bbox 904 1413 968 1440; x_wconf 89' lang='lat' dir='ltr'><strong>illud</strong></span> <span class='ocrx_word' id='word_1_658' title='bbox 984 1421 1036 1440; x_wconf 85' lang='lat' dir='ltr'><strong>non</strong></span> <span class='ocrx_word' id='word_1_659' title='bbox 1053 1413 1191 1440; x_wconf 88' lang='lat' dir='ltr'><strong>observari</strong></span> <span class='ocrx_word' id='word_1_660' title='bbox 1216 1421 1231 1440; x_wconf 90' lang='lat' dir='ltr'><strong>a</strong></span> <span class='ocrx_word' id='word_1_661' title='bbox 1246 1414 1418 1448; x_wconf 90' lang='lat' dir='ltr'><strong>Christianis,</strong></span> <span class='ocrx_word' id='word_1_662' title='bbox 1435 1417 1496 1450; x_wconf 87' lang='lat' dir='ltr'><strong>quia</strong></span> <span class='ocrx_word' id='word_1_663' title='bbox 1511 1416 1565 1450; x_wconf 85' lang='lat' dir='ltr'><strong>jam</strong></span> <span class='ocrx_word' id='word_1_664' title='bbox 1580 1417 1704 1445; x_wconf 84' lang='lat' dir='ltr'><strong>Christus</strong></span> 
     </span>
     <span class='ocr_line' id='line_1_94' title="bbox 905 1459 1704 1498; baseline 0.01 -13"><span class='ocrx_word' id='word_1_665' title='bbox 905 1459 933 1486; x_wconf 94' lang='lat' dir='ltr'><strong>in</strong></span> <span class='ocrx_word' id='word_1_666' title='bbox 950 1460 1070 1487; x_wconf 82' lang='lat' dir='ltr'><strong>Ecclesia</strong></span> <span class='ocrx_word' id='word_1_667' title='bbox 1086 1468 1133 1487; x_wconf 89' lang='lat' dir='ltr'><strong>sua</strong></span> <span class='ocrx_word' id='word_1_668' title='bbox 1146 1461 1216 1495; x_wconf 83' lang='lat' dir='ltr'><strong>quod</strong></span> <span class='ocrx_word' id='word_1_669' title='bbox 1238 1461 1283 1488; x_wconf 88' lang='lat' dir='ltr'><strong>illa</strong></span> <span class='ocrx_word' id='word_1_670' title='bbox 1298 1463 1379 1496; x_wconf 81' lang='lat' dir='ltr'><strong>figura</strong></span> <span class='ocrx_word' id='word_1_671' title='bbox 1394 1464 1552 1497; x_wconf 87' lang='lat' dir='ltr'><strong>prophetice</strong></span> <span class='ocrx_word' id='word_1_672' title='bbox 1565 1466 1704 1498; x_wconf 87' lang='lat' dir='ltr'><strong>promitte-</strong></span> 
     </span>
     <span class='ocr_line' id='line_1_95' title="bbox 905 1505 1704 1544; baseline 0.008 -12"><span class='ocrx_word' id='word_1_673' title='bbox 905 1505 951 1532; x_wconf 78' lang='lat' dir='ltr'><strong>bat</strong></span> <span class='ocrx_word' id='word_1_674' title='bbox 963 1506 1092 1539; x_wconf 87' lang='lat' dir='ltr'><strong>implevit.</strong></span> <span class='ocrx_word' id='word_1_675' title='bbox 1110 1506 1303 1542; x_wconf 80' lang='lat' dir='ltr'><strong>scenopegiam</strong></span> <span class='ocrx_word' id='word_1_676' title='bbox 1330 1516 1383 1535; x_wconf 93' lang='lat' dir='ltr'><strong>non</strong></span> <span class='ocrx_word' id='word_1_677' title='bbox 1398 1509 1537 1537; x_wconf 85' lang='lat' dir='ltr'><strong>celebrare</strong></span> <span class='ocrx_word' id='word_1_678' title='bbox 1559 1511 1704 1544; x_wconf 76' lang='lat' dir='ltr'><strong>aliquando</strong></span> 
     </span>
     <span class='ocr_line' id='line_1_96' title="bbox 906 1552 1705 1587; baseline 0.008 -10"><span class='ocrx_word' id='word_1_679' title='bbox 906 1556 1044 1585; x_wconf 87' lang='lat' dir='ltr'><strong>peccatum</strong></span> <span class='ocrx_word' id='word_1_680' title='bbox 1056 1552 1114 1585; x_wconf 80' lang='lat' dir='ltr'><strong>luit,</strong></span> <span class='ocrx_word' id='word_1_681' title='bbox 1126 1560 1196 1579; x_wconf 89' lang='lat' dir='ltr'><strong>nunc</strong></span> <span class='ocrx_word' id='word_1_682' title='bbox 1208 1560 1260 1579; x_wconf 92' lang='lat' dir='ltr'><strong>non</strong></span> <span class='ocrx_word' id='word_1_683' title='bbox 1274 1558 1316 1580; x_wconf 90' lang='lat' dir='ltr'><strong>est</strong></span> <span class='ocrx_word' id='word_1_684' title='bbox 1331 1560 1484 1587; x_wconf 81' lang='lat' dir='ltr'><strong>peccatum;</strong></span> <span class='ocrx_word' id='word_1_685' title='bbox 1501 1556 1705 1584; x_wconf 85' lang='lat' dir='ltr'><strong>tabernaculum</strong></span> 
     </span>
     <span class='ocr_line' id='line_1_97' title="bbox 906 1597 1703 1636; baseline 0.008 -13"><span class='ocrx_word' id='word_1_686' title='bbox 906 1602 994 1624; x_wconf 87' lang='lat' dir='ltr'><strong>autem</strong></span> <span class='ocrx_word' id='word_1_687' title='bbox 1019 1597 1078 1630; x_wconf 81' lang='lat' dir='ltr'><strong>Dei,</strong></span> <span class='ocrx_word' id='word_1_688' title='bbox 1107 1598 1178 1632; x_wconf 78' lang='lat' dir='ltr'><strong>quod</strong></span> <span class='ocrx_word' id='word_1_689' title='bbox 1199 1603 1240 1625; x_wconf 91' lang='lat' dir='ltr'><strong>est</strong></span> <span class='ocrx_word' id='word_1_690' title='bbox 1269 1598 1402 1631; x_wconf 79' lang='lat' dir='ltr'><strong>Ecclesia,</strong></span> <span class='ocrx_word' id='word_1_691' title='bbox 1433 1607 1485 1626; x_wconf 92' lang='lat' dir='ltr'><strong>non</strong></span> <span class='ocrx_word' id='word_1_692' title='bbox 1507 1602 1703 1636; x_wconf 81' lang='lat' dir='ltr'><strong>compaginari,</strong></span> 
     </span>
     <span class='ocr_line' id='line_1_98' title="bbox 907 1645 1706 1681; baseline 0.006 -11"><span class='ocrx_word' id='word_1_693' title='bbox 907 1651 1013 1678; x_wconf 90' lang='lat' dir='ltr'><strong>semper</strong></span> <span class='ocrx_word' id='word_1_694' title='bbox 1028 1649 1166 1678; x_wconf 78' lang='lat' dir='ltr'><strong>peccatum</strong></span> <span class='ocrx_word' id='word_1_695' title='bbox 1180 1649 1239 1677; x_wconf 89' lang='lat' dir='ltr'><strong>est;</strong></span> <span class='ocrx_word' id='word_1_696' title='bbox 1266 1645 1312 1671; x_wconf 82' lang='lat' dir='ltr'><strong>sed</strong></span> <span class='ocrx_word' id='word_1_697' title='bbox 1338 1645 1409 1679; x_wconf 86' lang='lat' dir='ltr'><strong>quod</strong></span> <span class='ocrx_word' id='word_1_698' title='bbox 1425 1651 1488 1673; x_wconf 87' lang='lat' dir='ltr'><strong>tunc</strong></span> <span class='ocrx_word' id='word_1_699' title='bbox 1513 1647 1641 1681; x_wconf 81' lang='lat' dir='ltr'><strong>agebatur</strong></span> <span class='ocrx_word' id='word_1_700' title='bbox 1655 1648 1706 1675; x_wconf 85' lang='lat' dir='ltr'><strong>suh</strong></span> 
     </span>
     <span class='ocr_line' id='line_1_99' title="bbox 906 1690 1706 1725; baseline 0.008 -9"><span class='ocrx_word' id='word_1_701' title='bbox 906 1695 1040 1724; x_wconf 65' lang='lat' dir='ltr'><strong>praecepto</strong></span> <span class='ocrx_word' id='word_1_702' title='bbox 1055 1690 1180 1724; x_wconf 82' lang='lat' dir='ltr'><strong>figurato,</strong></span> <span class='ocrx_word' id='word_1_703' title='bbox 1194 1690 1273 1725; x_wconf 71' lang='lat'><strong>431</strong></span> <span class='ocrx_word' id='word_1_704' title='bbox 1287 1698 1358 1718; x_wconf 86' lang='lat' dir='ltr'><strong>nunc</strong></span> <span class='ocrx_word' id='word_1_705' title='bbox 1371 1692 1470 1725; x_wconf 83' lang='lat' dir='ltr'><strong>legitur</strong></span> <span class='ocrx_word' id='word_1_706' title='bbox 1496 1693 1522 1719; x_wconf 91' lang='lat' dir='ltr'><strong>in</strong></span> <span class='ocrx_word' id='word_1_707' title='bbox 1551 1694 1706 1723; x_wconf 82' lang='lat' dir='ltr'><strong>testimonio</strong></span> 
     </span>
     <span class='ocr_line' id='line_1_100' title="bbox 907 1737 1707 1774; baseline 0.008 -11"><span class='ocrx_word' id='word_1_708' title='bbox 907 1737 1038 1764; x_wconf 83' lang='lat' dir='ltr'><strong>revelato.</strong></span> <span class='ocrx_word' id='word_1_709' title='bbox 1056 1737 1122 1763; x_wconf 84' lang='lat' dir='ltr'><strong>Nam</strong></span> <span class='ocrx_word' id='word_1_710' title='bbox 1137 1743 1164 1764; x_wconf 91' lang='lat' dir='ltr'><strong>et</strong></span> <span class='ocrx_word' id='word_1_711' title='bbox 1179 1737 1255 1770; x_wconf 87' lang='lat' dir='ltr'><strong>illud,</strong></span> <span class='ocrx_word' id='word_1_712' title='bbox 1271 1737 1343 1772; x_wconf 88' lang='lat' dir='ltr'><strong>quod</strong></span> <span class='ocrx_word' id='word_1_713' title='bbox 1370 1743 1433 1765; x_wconf 89' lang='lat' dir='ltr'><strong>tunc</strong></span> <span class='ocrx_word' id='word_1_714' title='bbox 1463 1739 1561 1766; x_wconf 79' lang='lat' dir='ltr'><strong>iactum</strong></span> <span class='ocrx_word' id='word_1_715' title='bbox 1587 1745 1638 1774; x_wconf 82' lang='lat' dir='ltr'><strong>est,</strong></span> <span class='ocrx_word' id='word_1_716' title='bbox 1651 1748 1707 1769; x_wconf 88' lang='lat' dir='ltr'><strong>non</strong></span> 
     </span>
     <span class='ocr_line' id='line_1_101' title="bbox 906 1783 1704 1819; baseline 0.004 -9"><span class='ocrx_word' id='word_1_717' title='bbox 906 1783 1040 1810; x_wconf 90' lang='lat' dir='ltr'><strong>diceretur</strong></span> <span class='ocrx_word' id='word_1_718' title='bbox 1051 1783 1253 1810; x_wconf 83' lang='lat' dir='ltr'><strong>tabernaculum</strong></span> <span class='ocrx_word' id='word_1_719' title='bbox 1265 1783 1421 1815; x_wconf 84' lang='lat' dir='ltr'><strong>testimonii,</strong></span> <span class='ocrx_word' id='word_1_720' title='bbox 1435 1784 1486 1810; x_wconf 89' lang='lat' dir='ltr'><strong>nisi</strong></span> <span class='ocrx_word' id='word_1_721' title='bbox 1498 1785 1576 1812; x_wconf 87' lang='lat' dir='ltr'><strong>alicui</strong></span> <span class='ocrx_word' id='word_1_722' title='bbox 1587 1786 1704 1819; x_wconf 86' lang='lat' dir='ltr'><strong>veritati,</strong></span> 
     </span>
     <span class='ocr_line' id='line_1_102' title="bbox 906 1831 1707 1868; baseline 0.006 -11"><span class='ocrx_word' id='word_1_723' title='bbox 906 1838 966 1865; x_wconf 84' lang='lat' dir='ltr'><strong>quae</strong></span> <span class='ocrx_word' id='word_1_724' title='bbox 982 1838 1031 1858; x_wconf 89' lang='lat' dir='ltr'><strong>suo</strong></span> <span class='ocrx_word' id='word_1_725' title='bbox 1046 1836 1169 1864; x_wconf 85' lang='lat' dir='ltr'><strong>tempore</strong></span> <span class='ocrx_word' id='word_1_726' title='bbox 1193 1831 1355 1859; x_wconf 83' lang='lat' dir='ltr'><strong>declaranda</strong></span> <span class='ocrx_word' id='word_1_727' title='bbox 1382 1837 1449 1865; x_wconf 88' lang='lat' dir='ltr'><strong>erat,</strong></span> <span class='ocrx_word' id='word_1_728' title='bbox 1466 1833 1610 1868; x_wconf 89' lang='lat' dir='ltr'><strong>quamdam</strong></span> <span class='ocrx_word' id='word_1_729' title='bbox 1636 1842 1707 1862; x_wconf 86' lang='lat' dir='ltr'><strong>con-</strong></span> 
     </span>
     <span class='ocr_line' id='line_1_103' title="bbox 906 1876 1256 1910; baseline 0 -7"><span class='ocrx_word' id='word_1_730' title='bbox 906 1876 1059 1910; x_wconf 76' lang='lat' dir='ltr'><strong>gruentium</strong></span> <span class='ocrx_word' id='word_1_731' title='bbox 1074 1881 1256 1903; x_wconf 82' lang='lat' dir='ltr'><strong>attestaretur.</strong></span> 
     </span>
    </p>

    <p class='ocr_par' dir='ltr' id='par_1_22' title="bbox 907 1921 1708 2186">
     <span class='ocr_line' id='line_1_104' title="bbox 944 1921 1706 1958; baseline 0.005 -11"><span class='ocrx_word' id='word_1_732' title='bbox 944 1921 989 1948; x_wconf 72' lang='lat'><strong>12.</strong></span> <span class='ocrx_word' id='word_1_733' title='bbox 1003 1922 1070 1948; x_wconf 88' lang='lat' dir='ltr'><strong>Cum</strong></span> <span class='ocrx_word' id='word_1_734' title='bbox 1087 1923 1214 1956; x_wconf 57' lang='lat' dir='ltr'><strong>quaeritur</strong></span> <span class='ocrx_word' id='word_1_735' title='bbox 1238 1929 1298 1956; x_wconf 83' lang='lat' dir='ltr'><strong>quae</strong></span> <span class='ocrx_word' id='word_1_736' title='bbox 1326 1929 1414 1950; x_wconf 84' lang='lat' dir='ltr'><strong>causae</strong></span> <span class='ocrx_word' id='word_1_737' title='bbox 1442 1928 1534 1951; x_wconf 87' lang='lat' dir='ltr'><strong>essent</strong></span> <span class='ocrx_word' id='word_1_738' title='bbox 1562 1925 1706 1958; x_wconf 87' lang='lat' dir='ltr'><strong>septimum</strong></span> 
     </span>
     <span class='ocr_line' id='line_1_105' title="bbox 907 1968 1706 2003; baseline 0.003 -8"><span class='ocrx_word' id='word_1_739' title='bbox 907 1976 1007 1995; x_wconf 86' lang='lat' dir='ltr'><strong>annum</strong></span> <span class='ocrx_word' id='word_1_740' title='bbox 1024 1968 1204 2000; x_wconf 79' lang='lat' dir='ltr'><strong>remissionis,</strong></span> <span class='ocrx_word' id='word_1_741' title='bbox 1221 1969 1277 1995; x_wconf 88' lang='lat' dir='ltr'><strong>sive</strong></span> <span class='ocrx_word' id='word_1_742' title='bbox 1289 1968 1427 2002; x_wconf 83' lang='lat' dir='ltr'><strong>jubitaeum</strong></span> <span class='ocrx_word' id='word_1_743' title='bbox 1444 1977 1496 1996; x_wconf 90' lang='lat' dir='ltr'><strong>non</strong></span> <span class='ocrx_word' id='word_1_744' title='bbox 1512 1969 1666 2003; x_wconf 82' lang='lat' dir='ltr'><strong>observari,</strong></span> <span class='ocrx_word' id='word_1_745' title='bbox 1680 1971 1706 1997; x_wconf 89' lang='lat' dir='ltr'><strong>in</strong></span> 
     </span>
     <span class='ocr_line' id='line_1_106' title="bbox 909 2014 1707 2048; baseline 0.006 -9"><span class='ocrx_word' id='word_1_746' title='bbox 909 2022 960 2048; x_wconf 81' lang='lat' dir='ltr'><strong>quo</strong></span> <span class='ocrx_word' id='word_1_747' title='bbox 975 2014 1106 2040; x_wconf 86' lang='lat' dir='ltr'><strong>canebant</strong></span> <span class='ocrx_word' id='word_1_748' title='bbox 1123 2014 1203 2046; x_wconf 82' lang='lat' dir='ltr'><strong>tubae,</strong></span> <span class='ocrx_word' id='word_1_749' title='bbox 1215 2018 1243 2041; x_wconf 94' lang='lat' dir='ltr'><strong>et</strong></span> <span class='ocrx_word' id='word_1_750' title='bbox 1256 2015 1461 2041; x_wconf 85' lang='lat' dir='ltr'><strong>revertebantur</strong></span> <span class='ocrx_word' id='word_1_751' title='bbox 1481 2023 1576 2043; x_wconf 84' lang='lat' dir='ltr'><strong>omnes</strong></span> <span class='ocrx_word' id='word_1_752' title='bbox 1589 2017 1621 2043; x_wconf 86' lang='lat' dir='ltr'><strong>ad</strong></span> <span class='ocrx_word' id='word_1_753' title='bbox 1637 2017 1707 2044; x_wconf 90' lang='lat' dir='ltr'><strong>anti-</strong></span> 
     </span>
     <span class='ocr_line' id='line_1_107' title="bbox 908 2059 1708 2097; baseline 0.005 -11"><span class='ocrx_word' id='word_1_754' title='bbox 908 2066 988 2094; x_wconf 89' lang='lat' dir='ltr'><strong>quam</strong></span> <span class='ocrx_word' id='word_1_755' title='bbox 1016 2060 1230 2093; x_wconf 88' lang='lat' dir='ltr'><strong>possessionem,</strong></span> <span class='ocrx_word' id='word_1_756' title='bbox 1261 2059 1441 2094; x_wconf 87' lang='lat' dir='ltr'><strong>respondetur</strong></span> <span class='ocrx_word' id='word_1_757' title='bbox 1465 2061 1567 2095; x_wconf 76' lang='lat' dir='ltr'><strong>jubilaei</strong></span> <span class='ocrx_word' id='word_1_758' title='bbox 1594 2062 1708 2097; x_wconf 80' lang='lat' dir='ltr'><strong>figuram</strong></span> 
     </span>
     <span class='ocr_line' id='line_1_108' title="bbox 909 2105 1707 2140; baseline 0.004 -8"><span class='ocrx_word' id='word_1_759' title='bbox 909 2109 1016 2132; x_wconf 78' lang='lat' dir='ltr'><strong>aetertiae</strong></span> <span class='ocrx_word' id='word_1_760' title='bbox 1031 2105 1202 2132; x_wconf 90' lang='lat' dir='ltr'><strong>beatitudinis</strong></span> <span class='ocrx_word' id='word_1_761' title='bbox 1215 2106 1336 2139; x_wconf 84' lang='lat' dir='ltr'><strong>requiem</strong></span> <span class='ocrx_word' id='word_1_762' title='bbox 1353 2106 1517 2140; x_wconf 78' lang='lat' dir='ltr'><strong>significare.</strong></span> <span class='ocrx_word' id='word_1_763' title='bbox 1534 2106 1609 2134; x_wconf 88' lang='lat' dir='ltr'><strong>Sicut</strong></span> <span class='ocrx_word' id='word_1_764' title='bbox 1634 2108 1707 2136; x_wconf 84' lang='lat' dir='ltr'><strong>enim</strong></span> 
     </span>
     <span class='ocr_line' id='line_1_109' title="bbox 908 2151 1707 2186; baseline 0.004 -8"><span class='ocrx_word' id='word_1_765' title='bbox 908 2151 965 2178; x_wconf 82' lang='lat' dir='ltr'><strong>dies</strong></span> <span class='ocrx_word' id='word_1_766' title='bbox 978 2151 1107 2185; x_wconf 88' lang='lat' dir='ltr'><strong>septimus</strong></span> <span class='ocrx_word' id='word_1_767' title='bbox 1135 2151 1243 2178; x_wconf 77' lang='lat' dir='ltr'><strong>feriatus</strong></span> <span class='ocrx_word' id='word_1_768' title='bbox 1272 2158 1332 2179; x_wconf 90' lang='lat' dir='ltr'><strong>esse</strong></span> <span class='ocrx_word' id='word_1_769' title='bbox 1356 2153 1520 2186; x_wconf 63' lang='lat' dir='ltr'><strong>praecipitur,</strong></span> <span class='ocrx_word' id='word_1_770' title='bbox 1550 2157 1579 2180; x_wconf 92' lang='lat' dir='ltr'><strong>ut</strong></span> <span class='ocrx_word' id='word_1_771' title='bbox 1603 2158 1707 2181; x_wconf 75' lang='lat' dir='ltr'><strong>aeterna</strong></span> 
     </span>
    </p>
   </div>
   <div class='ocr_carea' id='block_1_15' title="bbox 904 2231 1707 2858">
    <p class='ocr_par' dir='ltr' id='par_1_23' title="bbox 904 2231 1705 2330">
     <span class='ocr_line' id='line_1_110' title="bbox 904 2231 1705 2266; baseline 0 -6"><span class='ocrx_word' id='word_1_772' title='bbox 904 2232 964 2260; x_wconf 89' lang='lat' dir='ltr'><strong>dice</strong></span> <span class='ocrx_word' id='word_1_773' title='bbox 988 2231 1067 2259; x_wconf 90' lang='lat' dir='ltr'><strong>obelo</strong></span> <span class='ocrx_word' id='word_1_774' title='bbox 1090 2235 1179 2259; x_wconf 85' lang='lat' dir='ltr'><strong>notata</strong></span> <span class='ocrx_word' id='word_1_775' title='bbox 1202 2234 1275 2265; x_wconf 86' lang='lat' dir='ltr'><strong>sunt,</strong></span> <span class='ocrx_word' id='word_1_776' title='bbox 1301 2235 1328 2258; x_wconf 84' lang='lat' dir='ltr'><strong>et</strong></span> <span class='ocrx_word' id='word_1_777' title='bbox 1360 2231 1394 2258; x_wconf 91' lang='lat' dir='ltr'><strong>ad</strong></span> <span class='ocrx_word' id='word_1_778' title='bbox 1423 2232 1572 2266; x_wconf 85' lang='lat' dir='ltr'><strong>marginem</strong></span> <span class='ocrx_word' id='word_1_779' title='bbox 1599 2232 1705 2266; x_wconf 87' lang='lat' dir='ltr'><strong>appicta</strong></span> 
     </span>
     <span class='ocr_line' id='line_1_111' title="bbox 906 2263 1702 2302; baseline 0 -8"><span class='ocrx_word' id='word_1_780' title='bbox 906 2268 985 2294; x_wconf 87' lang='lat' dir='ltr'><strong>lectio</strong></span> <span class='ocrx_word' id='word_1_781' title='bbox 1000 2274 1078 2301; x_wconf 88' lang='lat' dir='ltr'><strong>quam</strong></span> <span class='ocrx_word' id='word_1_782' title='bbox 1094 2267 1178 2299; x_wconf 88' lang='lat' dir='ltr'><strong>tenui,</strong></span> <span class='ocrx_word' id='word_1_783' title='bbox 1193 2267 1243 2294; x_wconf 89' lang='lat' dir='ltr'><strong>nisi</strong></span> <span class='ocrx_word' id='word_1_784' title='bbox 1256 2266 1328 2301; x_wconf 73' lang='lat' dir='ltr'><strong>quod</strong></span> <span class='ocrx_word' id='word_1_785' title='bbox 1342 2270 1384 2293; x_wconf 89' lang='lat' dir='ltr'><strong>est</strong></span> <span class='ocrx_word' id='word_1_786' title='bbox 1407 2263 1519 2294; x_wconf 73' lang='lat' dir='ltr'><strong>veritatis</strong></span> <span class='ocrx_word' id='word_1_787' title='bbox 1538 2275 1585 2302; x_wconf 87' lang='lat' dir='ltr'><strong>pro</strong></span> <span class='ocrx_word' id='word_1_788' title='bbox 1598 2268 1702 2295; x_wconf 61' lang='lat' dir='ltr'><strong>veritae.</strong></span> 
     </span>
     <span class='ocr_line' id='line_1_112' title="bbox 905 2303 991 2330; baseline -0.012 0"><span class='ocrx_word' id='word_1_789' title='bbox 905 2303 991 2330; x_wconf 70' lang='lat' dir='ltr'><strong>Ansv.</strong></span> 
     </span>
    </p>

    <p class='ocr_par' dir='ltr' id='par_1_24' title="bbox 906 2336 1707 2509">
     <span class='ocr_line' id='line_1_113' title="bbox 942 2336 1707 2368; baseline 0 -4"><span class='ocrx_word' id='word_1_790' title='bbox 942 2340 967 2365; x_wconf 79' lang='lat'><strong>8.</strong></span> <span class='ocrx_word' id='word_1_791' title='bbox 983 2339 1021 2364; x_wconf 92' lang='lat' dir='ltr'><strong>ln.</strong></span> <span class='ocrx_word' id='word_1_792' title='bbox 1037 2338 1095 2364; x_wconf 87' lang='lat' dir='ltr'><strong>Alb.</strong></span> <span class='ocrx_word' id='word_1_793' title='bbox 1111 2342 1137 2365; x_wconf 91' lang='lat' dir='ltr'><strong>et</strong></span> <span class='ocrx_word' id='word_1_794' title='bbox 1151 2341 1224 2364; x_wconf 81' lang='lat' dir='ltr'><strong>textu</strong></span> <span class='ocrx_word' id='word_1_795' title='bbox 1250 2337 1382 2364; x_wconf 78' lang='lat' dir='ltr'><strong>Editionis</strong></span> <span class='ocrx_word' id='word_1_796' title='bbox 1411 2336 1505 2368; x_wconf 67' lang='lat' dir='ltr'><strong>Ulloae,</strong></span> <span class='ocrx_word' id='word_1_797' title='bbox 1521 2337 1634 2364; x_wconf 82' lang='lat' dir='ltr'><strong>animam</strong></span> <span class='ocrx_word' id='word_1_798' title='bbox 1658 2338 1707 2364; x_wconf 80' lang='lat' dir='ltr'><strong>itr-</strong></span> 
     </span>
     <span class='ocr_line' id='line_1_114' title="bbox 906 2371 1705 2407; baseline -0.001 -7"><span class='ocrx_word' id='word_1_799' title='bbox 906 2374 987 2400; x_wconf 74' lang='lat' dir='ltr'><strong>duem</strong></span> <span class='ocrx_word' id='word_1_800' title='bbox 998 2374 1144 2407; x_wconf 61' lang='lat' dir='ltr'><strong>Justitianu</strong></span> <span class='ocrx_word' id='word_1_801' title='bbox 1160 2372 1282 2406; x_wconf 66' lang='lat' dir='ltr'><strong>suppleti</strong></span> <span class='ocrx_word' id='word_1_802' title='bbox 1296 2376 1411 2398; x_wconf 74' lang='lat' dir='ltr'><strong>nostram</strong></span> <span class='ocrx_word' id='word_1_803' title='bbox 1425 2379 1458 2398; x_wconf 88' lang='lat' dir='ltr'><strong>ex</strong></span> <span class='ocrx_word' id='word_1_804' title='bbox 1475 2371 1578 2406; x_wconf 82' lang='lat' dir='ltr'><strong>Origin.</strong></span> <span class='ocrx_word' id='word_1_805' title='bbox 1594 2372 1705 2405; x_wconf 83' lang='lat' dir='ltr'><strong>isidori,</strong></span> 
     </span>
     <span class='ocr_line' id='line_1_115' title="bbox 907 2407 1706 2442; baseline -0.001 -7"><span class='ocrx_word' id='word_1_806' title='bbox 907 2414 934 2436; x_wconf 91' lang='lat' dir='ltr'><strong>et</strong></span> <span class='ocrx_word' id='word_1_807' title='bbox 947 2408 1044 2442; x_wconf 80' lang='lat' dir='ltr'><strong>scripsi</strong></span> <span class='ocrx_word' id='word_1_808' title='bbox 1055 2408 1157 2440; x_wconf 71' lang='lat' dir='ltr'><strong>jttstitia</strong></span> <span class='ocrx_word' id='word_1_809' title='bbox 1184 2415 1218 2433; x_wconf 80' lang='lat' dir='ltr'><strong>ex</strong></span> <span class='ocrx_word' id='word_1_810' title='bbox 1244 2407 1355 2437; x_wconf 88' lang='lat' dir='ltr'><strong>eodem,</strong></span> <span class='ocrx_word' id='word_1_811' title='bbox 1370 2407 1408 2432; x_wconf 82' lang='lat' dir='ltr'><strong>uti</strong></span> <span class='ocrx_word' id='word_1_812' title='bbox 1435 2407 1516 2432; x_wconf 84' lang='lat' dir='ltr'><strong>etiam</strong></span> <span class='ocrx_word' id='word_1_813' title='bbox 1543 2407 1621 2440; x_wconf 84' lang='lat' dir='ltr'><strong>paulo</strong></span> <span class='ocrx_word' id='word_1_814' title='bbox 1644 2413 1706 2441; x_wconf 85' lang='lat' dir='ltr'><strong>post</strong></span> 
     </span>
     <span class='ocr_line' id='line_1_116' title="bbox 909 2441 1707 2478; baseline 0 -9"><span class='ocrx_word' id='word_1_815' title='bbox 909 2444 1045 2478; x_wconf 82' lang='lat' dir='ltr'><strong>Scriptum</strong></span> <span class='ocrx_word' id='word_1_816' title='bbox 1061 2443 1127 2475; x_wconf 71' lang='lat' dir='ltr'><strong>ipsu,</strong></span> <span class='ocrx_word' id='word_1_817' title='bbox 1142 2441 1238 2468; x_wconf 87' lang='lat' dir='ltr'><strong>cumin</strong></span> <span class='ocrx_word' id='word_1_818' title='bbox 1252 2446 1324 2468; x_wconf 79' lang='lat' dir='ltr'><strong>textu</strong></span> <span class='ocrx_word' id='word_1_819' title='bbox 1338 2441 1446 2468; x_wconf 83' lang='lat' dir='ltr'><strong>codicis</strong></span> <span class='ocrx_word' id='word_1_820' title='bbox 1455 2446 1483 2468; x_wconf 88' lang='lat' dir='ltr'><strong>et</strong></span> <span class='ocrx_word' id='word_1_821' title='bbox 1497 2442 1587 2469; x_wconf 79' lang='lat' dir='ltr'><strong>eitatae</strong></span> <span class='ocrx_word' id='word_1_822' title='bbox 1599 2442 1707 2470; x_wconf 80' lang='lat' dir='ltr'><strong>Editio-</strong></span> 
     </span>
     <span class='ocr_line' id='line_1_117' title="bbox 910 2478 1214 2509; baseline -0.01 -4"><span class='ocrx_word' id='word_1_823' title='bbox 910 2480 950 2506; x_wconf 90' lang='lat' dir='ltr'><strong>nis</strong></span> <span class='ocrx_word' id='word_1_824' title='bbox 965 2478 1036 2504; x_wconf 84' lang='lat' dir='ltr'><strong>desit</strong></span> <span class='ocrx_word' id='word_1_825' title='bbox 1048 2478 1113 2509; x_wconf 76' lang='lat' dir='ltr'><strong>ipsa.</strong></span> <span class='ocrx_word' id='word_1_826' title='bbox 1130 2480 1214 2503; x_wconf 74' lang='lat' dir='ltr'><strong>Ausv.</strong></span> 
     </span>
    </p>

    <p class='ocr_par' dir='ltr' id='par_1_25' title="bbox 906 2510 1706 2611">
     <span class='ocr_line' id='line_1_118' title="bbox 940 2510 1703 2545; baseline 0 -5"><span class='ocrx_word' id='word_1_827' title='bbox 940 2513 967 2540; x_wconf 85' lang='grc'><strong>9.</strong></span> <span class='ocrx_word' id='word_1_828' title='bbox 983 2512 1035 2539; x_wconf 80' lang='lat' dir='ltr'><strong>Cur</strong></span> <span class='ocrx_word' id='word_1_829' title='bbox 1047 2512 1078 2538; x_wconf 81' lang='lat' dir='ltr'><strong>de</strong></span> <span class='ocrx_word' id='word_1_830' title='bbox 1091 2519 1182 2544; x_wconf 82' lang='lat' dir='ltr'><strong>carne,</strong></span> <span class='ocrx_word' id='word_1_831' title='bbox 1197 2514 1251 2538; x_wconf 88' lang='lat' dir='ltr'><strong>etc.</strong></span> <span class='ocrx_word' id='word_1_832' title='bbox 1276 2510 1314 2537; x_wconf 84' lang='lat' dir='ltr'><strong>lta</strong></span> <span class='ocrx_word' id='word_1_833' title='bbox 1338 2517 1372 2538; x_wconf 78' lang='lat' dir='ltr'><strong>ex</strong></span> <span class='ocrx_word' id='word_1_834' title='bbox 1396 2510 1498 2545; x_wconf 89' lang='lat' dir='ltr'><strong>Origin.</strong></span> <span class='ocrx_word' id='word_1_835' title='bbox 1513 2510 1620 2540; x_wconf 80' lang='lat' dir='ltr'><strong>lsidori.</strong></span> <span class='ocrx_word' id='word_1_836' title='bbox 1635 2512 1703 2540; x_wconf 74' lang='lat' dir='ltr'><strong>(lod.</strong></span> 
     </span>
     <span class='ocr_line' id='line_1_119' title="bbox 906 2545 1706 2582; baseline -0.001 -7"><span class='ocrx_word' id='word_1_837' title='bbox 906 2548 980 2579; x_wconf 79' lang='lat' dir='ltr'><strong>Alb..</strong></span> <span class='ocrx_word' id='word_1_838' title='bbox 994 2556 1039 2574; x_wconf 81' lang='lat' dir='ltr'><strong>cur</strong></span> <span class='ocrx_word' id='word_1_839' title='bbox 1053 2548 1084 2573; x_wconf 79' lang='lat' dir='ltr'><strong>de</strong></span> <span class='ocrx_word' id='word_1_840' title='bbox 1096 2547 1221 2582; x_wconf 71' lang='lat' dir='ltr'><strong>sanquine</strong></span> <span class='ocrx_word' id='word_1_841' title='bbox 1232 2545 1293 2581; x_wconf 68' lang='lat' dir='ltr'><strong>agni</strong></span> <span class='ocrx_word' id='word_1_842' title='bbox 1309 2545 1469 2573; x_wconf 69' lang='lat' dir='ltr'><strong>Christianus</strong></span> <span class='ocrx_word' id='word_1_843' title='bbox 1490 2547 1587 2581; x_wconf 76' lang='lat' dir='ltr'><strong>pmlta</strong></span> <span class='ocrx_word' id='word_1_844' title='bbox 1600 2555 1651 2574; x_wconf 77' lang='lat' dir='ltr'><strong>non</strong></span> <span class='ocrx_word' id='word_1_845' title='bbox 1665 2555 1706 2574; x_wconf 83' lang='lat' dir='ltr'><strong>ce-</strong></span> 
     </span>
     <span class='ocr_line' id='line_1_120' title="bbox 907 2583 1098 2611; baseline -0.016 0"><span class='ocrx_word' id='word_1_846' title='bbox 907 2583 997 2611; x_wconf 78' lang='lat' dir='ltr'><strong>lebrat.</strong></span> <span class='ocrx_word' id='word_1_847' title='bbox 1014 2584 1098 2610; x_wconf 81' lang='lat' dir='ltr'><strong>Aut-:v-</strong></span> 
     </span>
    </p>

    <p class='ocr_par' dir='ltr' id='par_1_26' title="bbox 907 2615 1707 2725">
     <span class='ocr_line' id='line_1_121' title="bbox 944 2615 1707 2651; baseline -0.003 -5"><span class='ocrx_word' id='word_1_848' title='bbox 944 2619 988 2646; x_wconf 84' lang='lat' dir='ltr'><strong>ll.</strong></span> <span class='ocrx_word' id='word_1_849' title='bbox 1005 2616 1232 2651; x_wconf 80' lang='lat' dir='ltr'><strong>Quodammodo...</strong></span> <span class='ocrx_word' id='word_1_850' title='bbox 1277 2615 1436 2650; x_wconf 67' lang='lat' dir='ltr'><strong>raphaniae...</strong></span> <span class='ocrx_word' id='word_1_851' title='bbox 1461 2616 1606 2651; x_wconf 73' lang='lat' dir='ltr'><strong>fiqurato...</strong></span> <span class='ocrx_word' id='word_1_852' title='bbox 1627 2617 1707 2645; x_wconf 71' lang='lat' dir='ltr'><strong>alicui</strong></span> 
     </span>
     <span class='ocr_line' id='line_1_122' title="bbox 907 2652 1703 2686; baseline 0 -6"><span class='ocrx_word' id='word_1_853' title='bbox 907 2654 1016 2681; x_wconf 78' lang='lat' dir='ltr'><strong>veritati.</strong></span> <span class='ocrx_word' id='word_1_854' title='bbox 1031 2653 1068 2680; x_wconf 88' lang='lat' dir='ltr'><strong>lta</strong></span> <span class='ocrx_word' id='word_1_855' title='bbox 1091 2652 1216 2679; x_wconf 86' lang='lat' dir='ltr'><strong>lsidorus.</strong></span> <span class='ocrx_word' id='word_1_856' title='bbox 1268 2652 1313 2679; x_wconf 86' lang='lat' dir='ltr'><strong>od.</strong></span> <span class='ocrx_word' id='word_1_857' title='bbox 1342 2652 1413 2685; x_wconf 70' lang='lat' dir='ltr'><strong>Mo..</strong></span> <span class='ocrx_word' id='word_1_858' title='bbox 1439 2652 1703 2686; x_wconf 69' lang='lat' dir='ltr'><strong>quemadmodum...-</strong></span> 
     </span>
     <span class='ocr_line' id='line_1_123' title="bbox 910 2687 1664 2725; baseline -0.001 -9"><span class='ocrx_word' id='word_1_859' title='bbox 910 2689 1105 2725; x_wconf 60' lang='lat' dir='ltr'><strong>prophetam...</strong></span> <span class='ocrx_word' id='word_1_860' title='bbox 1120 2687 1310 2722; x_wconf 57' lang='lat' dir='ltr'><strong>figurantem...</strong></span> <span class='ocrx_word' id='word_1_861' title='bbox 1324 2687 1436 2722; x_wconf 69' lang='lat' dir='ltr'><strong>alicujus</strong></span> <span class='ocrx_word' id='word_1_862' title='bbox 1446 2687 1564 2719; x_wconf 67' lang='lat' dir='ltr'><strong>civitatis.</strong></span> <span class='ocrx_word' id='word_1_863' title='bbox 1577 2687 1664 2716; x_wconf 73' lang='lat' dir='ltr'><strong>Ansv.</strong></span> 
     </span>
    </p>

    <p class='ocr_par' dir='ltr' id='par_1_27' title="bbox 913 2721 1704 2858">
     <span class='ocr_line' id='line_1_124' title="bbox 949 2721 1704 2756; baseline -0.001 -5"><span class='ocrx_word' id='word_1_864' title='bbox 949 2724 992 2751; x_wconf 70' lang='lat'><strong>12.</strong></span> <span class='ocrx_word' id='word_1_865' title='bbox 1010 2723 1037 2750; x_wconf 88' lang='lat' dir='ltr'><strong>ln</strong></span> <span class='ocrx_word' id='word_1_866' title='bbox 1053 2723 1116 2749; x_wconf 79' lang='lat' dir='ltr'><strong>lllss.</strong></span> <span class='ocrx_word' id='word_1_867' title='bbox 1127 2722 1252 2750; x_wconf 83' lang='lat' dir='ltr'><strong>scribitur</strong></span> <span class='ocrx_word' id='word_1_868' title='bbox 1262 2721 1402 2756; x_wconf 72' lang='lat' dir='ltr'><strong>joteteum.</strong></span> <span class='ocrx_word' id='word_1_869' title='bbox 1428 2721 1456 2748; x_wconf 89' lang='lat' dir='ltr'><strong>ln</strong></span> <span class='ocrx_word' id='word_1_870' title='bbox 1479 2721 1604 2751; x_wconf 80' lang='lat' dir='ltr'><strong>Editione</strong></span> <span class='ocrx_word' id='word_1_871' title='bbox 1618 2722 1704 2752; x_wconf 69' lang='lat' dir='ltr'><strong>uuoae</strong></span> 
     </span>
     <span class='ocr_line' id='line_1_125' title="bbox 913 2756 1702 2791; baseline -0.001 -4"><span class='ocrx_word' id='word_1_872' title='bbox 913 2759 946 2787; x_wconf 81' lang='lat' dir='ltr'><strong>ad</strong></span> <span class='ocrx_word' id='word_1_873' title='bbox 959 2758 1039 2786; x_wconf 83' lang='lat' dir='ltr'><strong>verba</strong></span> <span class='ocrx_word' id='word_1_874' title='bbox 1056 2757 1208 2785; x_wconf 74' lang='lat' dir='ltr'><strong>sicutenim</strong></span> <span class='ocrx_word' id='word_1_875' title='bbox 1227 2757 1280 2784; x_wconf 75' lang='lat' dir='ltr'><strong>diu</strong></span> <span class='ocrx_word' id='word_1_876' title='bbox 1292 2756 1427 2791; x_wconf 61' lang='lat' dir='ltr'><strong>antimus,</strong></span> <span class='ocrx_word' id='word_1_877' title='bbox 1440 2760 1506 2791; x_wconf 65' lang='lat' dir='ltr'><strong>etc„</strong></span> <span class='ocrx_word' id='word_1_878' title='bbox 1522 2762 1629 2787; x_wconf 81' lang='lat' dir='ltr'><strong>notatur</strong></span> <span class='ocrx_word' id='word_1_879' title='bbox 1644 2759 1702 2786; x_wconf 67' lang='lat' dir='ltr'><strong>hnc</strong></span> 
     </span>
     <span class='ocr_line' id='line_1_126' title="bbox 913 2788 1701 2856; baseline -0.003 -33"><span class='ocrx_word' id='word_1_880' title='bbox 913 2801 1033 2856; x_wconf 58' lang='lat' dir='ltr'><strong>eesesserA</strong></span> <span class='ocrx_word' id='word_1_881' title='bbox 1052 2798 1145 2820; x_wconf 83' lang='lat' dir='ltr'><strong>sancto</strong></span> <span class='ocrx_word' id='word_1_882' title='bbox 1167 2788 1307 2827; x_wconf 70' lang='lat' dir='ltr'><strong>Gregorio.</strong></span> <span class='ocrx_word' id='word_1_883' title='bbox 1331 2790 1425 2820; x_wconf 68' lang='lat' dir='ltr'><strong>ssot-al.</strong></span> <span class='ocrx_word' id='word_1_884' title='bbox 1438 2791 1486 2820; x_wconf 75' lang='lat' dir='ltr'><strong>tn».</strong></span> <span class='ocrx_word' id='word_1_885' title='bbox 1502 2800 1586 2826; x_wconf 76' lang='lat' dir='ltr'><strong>xxxv,</strong></span> <span class='ocrx_word' id='word_1_886' title='bbox 1597 2799 1657 2828; x_wconf 64' lang='lat' dir='ltr'><strong>up.</strong></span> <span class='ocrx_word' id='word_1_887' title='bbox 1672 2793 1701 2826; x_wconf 91' lang='lat'><strong>8,</strong></span> 
     </span>
     <span class='ocr_line' id='line_1_127' title="bbox 914 2831 1097 2858; baseline -0.016 0"><span class='ocrx_word' id='word_1_888' title='bbox 914 2837 943 2858; x_wconf 81' lang='lat' dir='ltr'><strong>n.</strong></span> <span class='ocrx_word' id='word_1_889' title='bbox 955 2831 969 2858; x_wconf 79' lang='lat'>¹</span> <span class='ocrx_word' id='word_1_890' title='bbox 993 2847 999 2856; x_wconf 85' lang='lat'><strong>.</strong></span> <span class='ocrx_word' id='word_1_891' title='bbox 1036 2835 1097 2856; x_wconf 72' lang='lat' dir='ltr'><strong>nv.</strong></span> 
     </span>
    </p>
   </div>
  </div>
 </body>
</html>
