1832 3016
60 115 136 151 ⁸2⁷7

496 123 640 154 APPENo.
662 126 708 155 lX.
729 143 763 150 —·
782 129 1046 164 SENTEN'rtAttutt
1067 138 1168 168 Lttttttt
1188 141 1231 171 lV.

1621 153 1686 182 ti78

145 180 219 204 erant
228 185 305 212 :uper
327 183 418 214 taciem
432 181 488 215 ejus
511 182 601 216 spina».
618 187 640 208 el
652 185 762 212 maceria
781 187 846 221 lapi·
861 189 882 217 Α
899 195 1010 222 quatuor
1026 193 1122 222 ictibus
1137 196 1227 230 negiu
1247 207 1307 227 nain
1328 208 1438 235 serpens
1450 204 1545 237 suasit,
1561 205 1614 234 Eva
1637 209 1686 236 de-

64 185 127 277 ειιω
153 213 281 240 destructa
296 219 350 240 erae
375 214 510 249 (Proverb.
526 224 598 249 xxiv,
614 217 672 250 30).
691 219 741 246 Per
755 228 845 254 agrum

59 252 65 279 g
86 247 181 275 ominis
193 248 258 281 pigri
272 253 352 282 atque
368 257 415 283 per
430 250 533 277 vineam
558 253 604 279 viri
629 254 702 281 stulti
727 258 849 291 transire,

65 289 107 311 nst
131 283 271 315 cujuslibet
291 284 370 311 vitam
397 286 554 319 negligentis
574 287 718 322 inspicere,
742 291 851 327 ejusque

65 325 146 351 opera
161 317 342 352 considerare,
354 327 432 352 quain
447 321 552 353 iirticae,
578 324 620 349 vet
637 325 719 357 spina:
734 328 848 361 replent,

84 353 125 379 uia
154 353 180 380 in
192 353 272 380 corde
285 355 474 388 negligentium
490 357 635 390 prurientia
652 364 756 387 terrena
780 363 849 389 desi-

47 402 50 406 ·
65 359 137 415 :laria
151 393 178 415 et
193 388 348 421 punctiones
373 390 503 423 pullulant
529 393 664 420 vitiorum.
681 395 747 421 Cum
764 397 850 424 disci-

64 423 143 458 ptinae
158 423 233 456 vigor
256 424 281 450 in
304 425 385 451 coi-de
413 427 603 460 reproborum,
635 429 739 463 pigritia
762 431 849 458 domi--

63 464 153 490 nante,
169 458 336 491 dissolvitur,
351 465 414 488 ante
427 469 520 488 eorum
540 464 633 489 oculos
647 470 741 490 cuncta
770 467 849 493 bono-

63 499 121 520 rum
136 501 215 528 opera
242 494 379 528 despectui
405 496 547 531 habentur,
565 498 682 533 nihilque
698 506 758 527 esse
773 502 849 528 :rsti-

60 533 134 561 ,uiaiit
172 529 297 563 quidquid
325 531 359 558 de
395 532 536 559 virtutibus
573 534 722 561 electorum
758 537 848 564 vident

62 561 160 598 (Teio,
180 572 215 594 iv,
231 565 282 597 «Ὦς
305 565 394 601 Greq„
409 567 473 602 Ray.
490 573 555 602 past.
572 578 599 603 p.
620 577 660 604 ιιι,
677 578 700 597 c.
723 571 770 604 15;
788 572 846 599 Μο-

61 598 121 629 ral..
137 607 180 630 xx.
195 599 239 628 25.
256 608 281 626 n.
299 600 354 635 54).

95 634 159 660 Car.
185 643 284 662 xxxvii.
310 636 348 663 De
373 639 581 666 murmuratione.
610 655 645 661 —
669 643 694 669 l.
718 643 844 672 Perverse

59 675 153 699 mons.
177 671 283 703 quando
307 679 353 706 per
374 674 583 707 increpationem
607 678 769 711 corripitur,
800 686 845 706 aiit

58 704 253 738 praedicationis
268 706 410 734 dulcedine
433 709 466 734 ad
494 711 560 736 boiiii
576 712 712 744 suadetur,
729 714 762 740 de
789 722 845 741 cor-

57 740 175 766 rectione
191 741 364 774 fitdeterior;
381 747 408 769 et
426 744 488 770 inde
505 744 531 770 iii
552 750 771 775 murmurationis
792 751 843 776 ini-

57 774 156 808 quitate
169 777 350 809 succenditur,
367 778 435 805 unde
450 779 543 806 debuit
558 782 590 807 ab
617 782 755 816 iniquitate
771 793 843 812 cnm-

57 810 138 843 pesci.
151 810 275 846 Quisquis
291 820 338 846 pro
355 818 464 846 peccato
479 817 635 848 percutitur,
654 818 704 844 nisi
722 827 840 847 murmii—

54 845 139 871 rando
154 848 294 878 renitatur,
312 855 344 874 eo
369 849 426 881 ipso
448 849 503 883 jam
525 858 584 877 esse
607 852 692 885 justiis
719 855 837 889 inchoat,

54 879 232 911 quoserientis
246 882 373 913 justitiam
387 891 437 909 noii
449 890 556 912 accusat
568 885 667 922 (Gre9.,
679 895 686 913 ι
696 890 721 915 in
732 889 839 923 Ezecli„

54 913 122 942 hom.
138 916 165 947 9,
182 924 208 942 n.
226 916 274 948 5-2;
290 917 363 950 Toio,
380 926 415 949 iv,
428 918 483 952 55).

89 949 154 978 CAP.
171 959 281 978 xxxvni.
308 952 347 979 De
373 955 602 983 mereamim—t.
628 957 707 985 Plana
731 962 839 988 omnino

53 990 94 1013 est
108 987 229 1014 veritatis
246 988 298 1019 via,
329 993 355 1015 et
376 997 458 1022 grave
477 989 527 1017 iter
541 996 581 1018 est
607 995 746 1027 mendacii,
772 997 840 1024 sicut

53 1020 181 1055 scriptum
195 1026 254 1049 est:
271 1022 421 1050 Docuerinit
437 1025 549 1059 linquam
563 1035 635 1053 snam
653 1029 723 1063 loqui
735 1033 839 1058 menda-

53 1056 138 1087 ciwm
153 1061 178 1083 itt
194 1057 282 1092 iniqua
305 1064 418 1093 aqerent,
436 1060 609 1088 laboraverunt
626 1063 734 1096 (Jercm.
747 1074 783 1099 ix,
800 1067 835 1101 5).

54 1090 188 1125 Quisquis,
210 1094 301 1120 relicta
319 1095 438 1126 veritate,
464 1097 569 1123 mentiri
591 1099 731 1132 deliberat,
749 1108 775 1127 ut
793 1111 838 1129 au-

52 1127 180 1154 dientium
194 1129 310 1155 animum
336 1130 425 1162 fallat,
448 1136 562 1164 quantus
585 1133 608 1159 ei
631 1134 705 1161 labor
730 1142 769 1162 est
784 1139 838 1163 sol-

51 1160 122 1188 licite
147 1163 282 1190 custodire
314 1172 346 1191 ne
374 1165 429 1198 ipsa
455 1165 514 1199 ejus
544 1167 646 1195 fallacia
674 1170 836 1204 deprehendi

52 1197 148 1230 queat?
163 1197 240 1225 Ponit
254 1200 350 1234 quippe
373 1205 434 1227 ante
449 1202 539 1228 oculos
560 1204 622 1236 qnid
639 1204 687 1231 sibi
708 1214 721 1231 a
739 1207 836 1233 verita-

52 1235 104 1258 tem
124 1233 270 1260 scientibus
285 1235 440 1269 responderi
453 1237 545 1270 possit,
563 1242 589 1264 et
610 1246 669 1265 cuni
685 1248 780 1274 niagno
792 1250 837 1268 cn-

50 1266 136 1300 gitatu
157 1274 301 1302 pertractat
316 1271 449 1304 quomodo
471 1278 518 1305 per
537 1280 692 1305 argumenta
716 1277 836 1304 talsitaiis

50 1302 209 1330 documenta
239 1306 358 1332 veritatis
383 1312 532 1340 exsuperet.
555 1308 640 1335 Omne
670 1311 835 1339 mendacium

49 1336 175 1371 iniquitas
187 1343 237 1371 est,
254 1345 280 1366 et
304 1341 391 1367 onmis
418 1342 541 1376 iniquitas
558 1345 726 1372 mendacium
742 1366 749 1377 ,
775 1349 835 1381 quia

48 1373 169 1405 prolecto
189 1374 223 1400 ab
245 1376 369 1409 aequitate
389 1375 523 1410 discrepat
542 1378 668 1412 quidquid
688 1387 702 1406 a
722 1382 835 1409 veritate

49 1407 192 1436 discordat.
206 1409 401 1444 Nonnunquam
427 1412 595 1439 mendacium
622 1415 697 1448 pejus
717 1420 758 1442 est
781 1424 837 1443 me-

48 1441 125 1469 ditari
142 1451 219 1477 quam
236 1445 317 1479 loqui.
342 1445 407 1472 Nam
430 1446 500 1480 loqui
516 1448 672 1483 plerumque
688 1453 836 1484 praecipita-

48 1478 128 1504 tionis
139 1483 190 1511 est,
204 1479 325 1506 meditari
341 1488 405 1507 vero
425 1482 552 1508 studiosae
566 1486 713 1517 pravitatis.
730 1487 762 1512 Et
777 1487 835 1520 quis

47 1512 152 1546 ignoret
166 1514 192 1541 in
209 1520 305 1548 quanta
322 1516 447 1543 distantia
463 1518 543 1552 260
562 1520 638 1553 culpa
651 1520 834 1554 distinguitur,

47 1552 135 1575 utrum
166 1551 376 1584 praecipitatione
396 1552 491 1586 aliquis
504 1573 511 1584 ,
532 1554 654 1582 studiove
674 1558 835 1584 mentiatur?

46 1582 220 1619 summopere
235 1592 276 1612 est
291 1586 437 1613 cavendum
453 1595 532 1615 omne
548 1590 725 1623 mendacium,
742 1599 835 1625 quarn-

45 1618 86 1644 vis
108 1627 298 1654 nonnunquam
315 1622 349 1648 sit
362 1623 468 1656 aliquod
489 1624 621 1651 int-ndacii
640 1633 722 1659 genus
749 1628 834 1661 ciilpoe

46 1652 164 1687 levioris,
181 1655 204 1682 si
218 1657 357 1691 quisquam
370 1658 519 1690 praestando
535 1660 688 1687 mentiatur.
701 1662 832 1696 scriptum

45 1693 87 1716 est
99 1689 182 1725 (Sap.
199 1698 222 1723 i,
237 1692 264 1718 1¹
276 1700 284 1724 ;
297 1691 370 1719 Psal.
386 1700 411 1725 v,
426 1693 453 1727 7)
471 1702 478 1721 ;
496 1693 531 1721 Os
545 1697 613 1728 quod
628 1697 747 1722 mentitur
762 1698 832 1724 occi-

45 1723 82 1750 dt't
107 1726 227 1752 animam.
253 1726 349 1754 Perdes
376 1736 418 1754 eos
445 1730 489 1763 qui
516 1731 654 1765 loquuntur
673 1732 832 1759 mendacium

46 1758 131 1794 (Teio,
144 1768 180 1790 iv,
191 1760 242 1793 54;
264 1761 354 1797 Greq„
369 1763 464 1790 Moral.
477 1772 523 1796 xii,
535 1766 580 1798 42,
597 1774 622 1793 n.
641 1767 698 1801 47).

81 1795 107 1822 2.
123 1796 177 1822 ltoc
188 1804 294 1831 quoque
318 1798 448 1826 mendacii
463 1807 546 1834 genus
562 1801 670 1834 perlecti
685 1802 733 1829 viri
759 1811 832 1830 sum-

44 1836 153 1864 mopere
165 1831 281 1865 lugiunt,
298 1837 325 1860 ut
348 1841 398 1860 nec
420 1834 471 1861 vita
496 1836 638 1869 cujuslibet
665 1845 712 1871 per
738 1845 830 1865 eorum

45 1865 176 1893 fallaciam
200 1867 361 1900 offendatur,
378 1877 426 1896 nec
442 1878 496 1897 suae
520 1872 615 1898 animae
631 1878 742 1906 noceat,
766 1874 829 1901 dum

44 1905 171 1934 praestare
196 1903 271 1930 carni
305 1905 425 1931 nituntur
453 1906 568 1938 atienae,
605 1915 755 1942 quanquam
780 1909 830 1936 lioe

43 1935 130 1968 ipsum
146 1938 171 1963 in
188 1938 288 1971 peceati
303 1947 386 1973 genus
405 1940 530 1968 facillime
544 1942 678 1969 credimus
705 1944 827 1971 relaxari.

43 1969 110 1997 Nam
122 1971 143 1998 si
158 1973 372 2008 ‹1uaelibetculpa
398 1977 518 2010 sequenti
534 1977 602 2003 solet
618 1978 658 2010 pia
674 1981 828 2012 operatione

43 2006 159 2040 purgari,
179 2013 278 2042 quanto
294 2011 379 2043 magis
399 2010 456 2038 liaee
469 2011 546 2038 facile
561 2012 732 2047 abstergitur,
749 2022 827 2046 qnam

43 2048 128 2068 maier
142 2042 203 2068 boni
219 2044 309 2078 operis
325 2046 409 2078 pietas
432 2045 487 2079 ipsa
508 2047 668 2074 comitatur?
694 2049 721 2074 ln
744 2048 828 2075 obste-

43 2075 148 2102 tririum
170 2077 355 2113 AEgyptiaruni
382 2081 628 2114 recompensatione
656 2085 827 2117 cognoscitur

42 2111 105 2144 quid
131 2114 263 2140 mendacii
287 2115 363 2149 culpa
391 2120 534 2143 mereatur.
563 2117 630 2143 Nam
655 2119 826 2152 benignitatis

42 2152 133 2172 earum
156 2155 271 2180 merces,
286 2157 345 2184 qua:
361 2155 447 2184 potuit
461 2152 499 2178 eis
515 2153 541 2178 in
556 2158 654 2179 aeteriia
670 2154 721 2179 vita
748 2154 826 2180 retri-

42 2181 97 2212 bui,
114 2189 161 2215 pro
172 2184 283 2210 admista
298 2185 375 2219 culpa
391 2187 520 2212 mendacii
537 2188 562 2213 in
578 2193 682 2214 terrena
695 2192 736 2215 est
749 2196 826 2216 com-

43 2217 198 2248 pensatione
212 2219 353 2251 declinata,
375 2225 403 2247 ut
421 2221 447 2248 in
475 2222 526 2248 vita
553 2230 611 2254 sun,
624 2231 701 2256 quam
717 2225 828 2251 menda·
842 2207 869 2237 D

42 2250 84 2277 cio
108 2254 175 2280 tueri
190 2254 341 2287 valuerunt,
357 2263 387 2283 ea
403 2264 461 2290 quie
478 2257 597 2284 fecerunt
625 2258 694 2284 bona
725 2259 827 2294 recipe-

42 2290 113 2320 rent,
127 2293 154 2314 et
181 2290 292 2317 ulterius
313 2291 383 2324 quod
405 2297 589 2325 exspectarent
614 2294 746 2320 mercedis
773 2302 828 2322 stiae

42 2322 179 2356 praemium
195 2332 247 2351 uon
263 2325 402 2353 haberent.
419 2328 515 2353 Beatus
528 2327 576 2353 lob
590 2329 682 2355 amicis
697 2330 752 2355 suis
774 2338 826 2356 non

42 2362 115 2384 reete
126 2359 301 2387 sentientibus
315 2360 378 2388 dicit
395 2370 402 2388 ς
419 2361 543 2396 Nunqiii’d
559 2362 627 2389 Deus
642 2364 736 2398 indiget
749 2369 828 2392 vestro

41 2394 183 2426 nteitdact'o,
199 2399 227 2420 tit
243 2403 288 2429 pro
311 2396 357 2423 illo
379 2397 517 2432 loquamini
534 2397 607 2424 clolos
620 2399 690 2433 (lob.
705 2407 761 2433 xiii,
773 2400 804 2435 7)
817 2402 828 2427 l

42 2425 112 2454 Deus
126 2429 266 2457 mendacio
287 2438 340 2458 non
361 2437 434 2467 eget,
451 2434 511 2466 quia
539 2433 642 2460 Veritas
671 2434 756 2461 t'uleiri
773 2443 826 2463 non

41 2463 137 2533 qussgi
162 2466 262 2493 auxilio
286 2466 408 2495 falsitatis
434 2467 533 2504 (Greq.
547 2488 555 2502 ,
582 2467 680 2496 Moral.
705 2477 747 2502 xi,
773 2470 826 2504 25,

42 2503 69 2524 ii.
141 2519 148 2527 .

54 2555 58 2558 .
76 2532 141 2560 Cn>-
156 2543 246 2564 xxxix.
261 2537 357 2570 Quibus
371 2539 453 2566 modi·
466 2543 595 2574 peccatum
610 2544 779 2575 perpetratur.
791 2556 827 2562 -

19 2563 73 2594 Ἰ·
94 2569 212 2602 Quaiuor
240 2574 326 2600 modis
347 2579 483 2607 peccatum
499 2579 667 2608 perpetratur
681 2576 707 2602 in
732 2577 824 2609 corilo,

41 2607 157 2636 quatuor
175 2613 375 2636 consummatur
399 2610 426 2635 in
446 2616 538 2643 opere.
562 2609 591 2636 ln
606 2610 692 2645 *eorde
711 2618 826 2652 namque

41 2641 222 2676 mggestiouc,
239 2643 432 2677 delectatione,
458 2651 590 2671 consensu
612 2649 639 2671 et
662 2645 825 2674 defensionis

38 2675 150 2709 §adacta
167 2683 342 2712 perpetratur.
354 2679 397 2706 Fit
411 2680 481 2706 enim
492 2679 626 2714 suggestio
639 2687 686 2713 per
697 2681 821 2708 adversar

65 2739 70 2742 .
83 2715 120 2742 Β),
132 2711 272 2741 delectatio
284 2721 332 2747 pei·
344 2721 464 2746 earnem,
474 2721 621 2741 consensus
632 2722 680 2748 per
688 2716 823 2749 spiritum,

85 2745 203 2775 susionis
212 2749 322 2776 audacia
336 2757 384 2785 pet·
394 2750 547 2776 elationem.
563 2749 669 2776 Plernm
689 2757 722 2776 ue
736 2751 824 2784 culpa,

77 2783 216 2811 mterrere
229 2789 345 2812 mentem
359 2783 460 2815 debuit,
487 2783 590 2810 extollit
601 2803 608 2816 ,
625 2789 652 2810 et
671 2757 823 2818 ilejieieiidn

66 2815 208 2848 “theod
227 2821 338 2854 gravius
361 2818 491 2847 elevando
513 2818 678 2853 supplantat.
707 2819 783 2860 Unde
797 2825 826 2847 et

125 2851 207 2886 primi
218 2853 335 2886 bominis
348 2853 536 2883 rectitudinem
546 2854 671 2889 antiquus
681 2853 768 2883 liutius
781 2855 823 2884 his

902 224 995 252 lectata
1010 234 1061 267 est,
1077 235 1104 257 ct
1126 231 1210 259 Adam
1222 238 1373 270 consensit;
1388 240 1432 271 qui
1446 241 1526 267 etiam
1540 243 1686 276 requisitus

900 261 1020 288 confiteri
1033 265 1149 299 culpam,
1158 275 1204 300 per
1214 271 1349 298 andaciam
1359 274 1453 300 noluit.
1465 276 1518 301 lloc
1530 274 1555 302 ii‘i
1567 277 1683 306 lium-‘iiio

899 301 997 327 genere
1008 300 1125 331 qnotidie
1134 303 1231 336 agitur,
1248 307 1316 338 qiioil
1332 313 1418 335 actum
1431 310 1456 336 iii
1472 311 1556 341 primo
1571 319 1683 345 pai-ente

899 333 981 356 nostri
997 337 1102 365 generis
1118 344 1170 363 non
1194 339 1338 372 ignoratur.
1368 342 1484 376 Serpens
1510 348 1603 380 suasit,
1620 350 1682 382 qnia

900 365 1018 403 occultus
1033 368 1116 396 nostis
1130 373 1196 398 mala
1207 375 1332 402 cordibus
1344 376 1480 405 bominum
1494 380 1608 409 latenter
1627 391 1686 418 sng-

899 403 978 429 gerit.
1000 400 1054 427 Eva
1081 404 1211 442 delectata
1239 415 1289 440 est,
1316 413 1375 444 quia
1399 414 1513 439 eni-natis
1538 423 1633 443 sensns
1652 419 1685 445 ad

900 433 978 458 verba
990 441 1121 468 serpentis
1145 447 1205 466 mox
1223 450 1251 468 se
1270 444 1436 473 delectationi
1462 449 1616 477 substernit.
1633 453 1684 479 As-

899 473 1006 495 sensum
1021 476 1084 509 vero
1100 474 1206 500 mulieri
1232 477 1288 508 ipse
1304 482 1461 512 praepositus
1476 483 1598 515 pra1buit,
1622 488 1683 519 qnia

898 501 961 543 dnm
976 511 1037 530 caro
1049 512 1074 530 in
1089 506 1292 538 delectationem
1304 514 1415 547 rapitur,
1430 517 1508 542 etiam
1525 525 1538 543 a
1550 525 1595 544 sua
1607 522 1685 546 recti-

899 538 990 564 tudine
1002 540 1110 571 spiritus
1132 542 1279 572 inlirniatus
1307 547 1448 576 inclinatur
1464 551 1549 584 (Teio,
1568 561 1606 585 tv,
1630 554 1682 587 35;

898 570 985 606 Greci..
1003 573 1097 602 Mami.
1113 584 1147 607 iv.
1159 577 1203 609 2⁷,
1220 587 1246 605 u.
1263 580 1318 615 49).

932 607 959 634 2.
984 609 1058 636 Sient
1082 617 1196 643 quatuor
1211 615 1295 641 modis
1319 622 1456 650 peceatum
1472 626 1640 655 perpetratur
1654 625 1680 652 in

897 644 990 675 corde:
1010 646 1132 673 videlieet
1147 651 1326 682 suggestione,
1341 653 1528 688 deteciaiione,
1541 664 1682 694 consensu,

897 681 923 703 ct
934 678 1098 706 defensionis
1113 683 1232 714 andacia.
1251 686 1283 711 ita
1295 688 1374 714 etiam
1390 694 1502 722 quatuor
1517 692 1603 719 modis
1620 701 1683 726 pec-

896 718 983 739 catum
1004 722 1204 746 consummatur
1220 721 1244 745 in
1258 729 1350 755 opere.
1365 723 1440 750 Prius
1457 734 1570 759 namque
1597 728 1683 756 latens

895 748 971 787 culpa
988 750 1082 783 agitur,
1101 754 1268 785 postmodum
1286 764 1347 783 vero
1358 759 1437 784 etiam
1453 766 1514 787 :inte
1525 763 1617 789 oculos
1632 764 1681 790 bo·

895 790 994 821 inmuni
1015 786 1242 815 Sitte.conl'tlsiontt
1271 797 1363 819 reatus
1388 796 1518 827 aperitur;
1535 797 1631 825 deliine
1651 803 1680 826 et

895 822 1152 857 inconsuetudinem
1169 824 1289 858 diicitur;
1305 828 1336 853 ad
1353 834 1503 857 extremum
1516 839 1621 866 quoque
1637 834 1678 860 vel

896 852 968 879 tatsae
997 856 1053 887 spei
1082 858 1290 892 seductionibus,
1309 863 1347 889 vel
1369 864 1548 893 obstinatione
1573 869 1678 895 iniserae

892 888 1086 927 desperationis
1107 895 1248 922 enutritur.
1267 896 1293 922 lii
1311 898 1396 930 primo
1412 901 1679 932 parentedidicimus

891 930 951 956 quii
970 926 1053 951 tribus
1069 927 1154 954 modis
1168 930 1254 956 omnis
1269 932 1354 965 culpae
1369 935 1484 967 nequitia
1501 942 1678 970 perpetratur,

891 960 1062 999 suggestione
1085 963 1198 996 scilicet,
1215 965 1403 1000 delectatione,
1428 973 1454 995 et
1469 977 1610 998 consensu.
1629 973 1681 999 l’ri-

891 1000 961 1019 mum
979 999 1066 1029 itaque
1078 1004 1124 1030 pei·
1140 998 1251 1031 bostem,
1265 1002 1410 1034 secundnm
1421 1011 1484 1031 vero
1497 1013 1543 1037 per
1558 1014 1677 1038 carnem,

891 1029 994 1056 tertium
1020 1038 1066 1063 per
1092 1033 1212 1064 ερίιιιιιιιι
1241 1042 1419 1071 perpetratur.
1442 1039 1584 1067 insidiator
1605 1043 1676 1068 enim

891 1070 968 1096 prava
992 1066 1119 1099 suggerit,
1149 1076 1210 1095 caro
1240 1079 1268 1097 se
1294 1072 1463 1100 delectationi
1490 1076 1616 1109 subjicit,
1645 1078 1677 1104 ad

889 1105 1035 1126 extremum
1063 1102 1172 1135 spiritus
1200 1105 1284 1132 vietus
1319 1107 1496 1135 delectatione
1533 1113 1676 1138 consentit.

889 1134 1065 1167 suggestione
1094 1138 1192 1164 diaboli
1217 1141 1295 1175 261
1319 1150 1507 1178 nonuunquam
1542 1151 1677 1178 peccatum

889 1171 1072 1206 agnoseiiiiuffi
1091 1172 1265 1201 delectatione
1279 1177 1426 1209 vincimur,
1443 1187 1574 1206 consensu
1595 1182 1676 1208 eiiam

890 1204 1010 1235 ligamur.
1030 1206 1103 1233 Unde
1128 1209 1330 1238 exclamandum
1357 1213 1434 1239 nobis
1458 1221 1518 1240 cnm
1549 1215 1678 1250 Apostolo

888 1244 928 1264 est
941 1247 947 1264 :
961 1238 1058 1273 InfeliJ:
1084 1249 1130 1276 eqo
1159 1243 1243 1276 Ιιοηιο,
1260 1247 1316 1279 quis
1344 1256 1382 1274 me
1399 1248 1515 1275 liberabit
1528 1251 1559 1276 de
1572 1259 1678 1284 corpore

889 1275 978 1300 mortis
992 1275 1089 1310 liujus?
1106 1277 1138 1304 Ut
1165 1281 1303 1307 audiamus
1323 1289 1529 1316 consequentem
1557 1286 1678 1312 consola-

889 1308 987 1335 tionem
1006 1319 1011 1336 :
1033 1310 1120 1337 Gratia
1148 1313 1194 1339 Dei
1209 1322 1252 1347 per
1275 1315 1365 1342 lesum
1394 1318 1522 1345 Christum
1539 1318 1677 1347 Dominum

889 1345 1164 1380 ηοιινιιηι(1ἰοηι.νιι,
1187 1348 1245 1383 ai).
1269 1351 1428 1385 Plerumque
1447 1362 1527 1380 unum
1554 1355 1677 1389 idemque

871 1382 1026 1411 *peccatum
1042 1386 1069 1407 et
1084 1389 1161 1414 poena
1182 1389 1232 1416 est,
1249 1390 1275 1411 et
1299 1392 1377 1412 caiisa
1394 1389 1514 1421 peccati;
1540 1390 1609 1422 quod
1623 1398 1679 1417 me-

849 1528 871 1559 C

888 1413 938 1439 lius
951 1415 1126 1448 ostendimus,
1141 1418 1162 1443 si
1178 1425 1220 1444 res
1234 1420 1305 1453 ipsas
1318 1420 1351 1446 ad
1377 1422 1493 1449 inedium
1509 1423 1676 1452 deducimus.

888 1447 1021 1475 Ess'reuata
1035 1451 1106 1477 enim
1121 1452 1221 1478 ventris
1236 1455 1364 1488 ingluvies
1375 1456 1401 1482 iu
1417 1457 1547 1485 servorem
1565 1459 1674 1486 luxuriae

889 1483 1075 1521 plenitudinem
1088 1487 1176 1512 carnis
1188 1488 1306 1523 instigat.
1328 1490 1482 1524 Perpetrata
1494 1498 1582 1520 autem
1599 1495 1670 1521 luxti-

888 1525 926 1544 rttt
944 1526 1015 1553 §.cpe
1034 1524 1080 1546 ant
1093 1521 1220 1556 perjurio,
1238 1530 1282 1550 aut
1301 1525 1445 1553 homicidio
1459 1529 1564 1561 tegitur,
1582 1537 1614 1555 ne
1629 1531 1678 1556 bu-

890 1560 1027 1580 manarum
1044 1556 1130 1590 legum
1146 1558 1245 1585 ultione
1262 1559 1394 1593 puniatur.
1409 1562 1506 1588 Beatus
1520 1563 1569 1590 lob
1586 1570 1676 1599 typum

890 1590 1055 1622 peccantium
1071 1593 1138 1617 iutra
1156 1592 1303 1620 Ecclesiam
1324 1596 1466 1629 designans
1486 1598 1523 1624 ait
1540 1607 1546 1625 :
1562 1598 1677 1625 Concidit

888 1632 927 1650 me
940 1626 1040 1651 vulnere
1056 1633 1132 1658 super
1154 1628 1243 1655 vulnus
1258 1629 1330 1661 (Job.
1345 1637 1400 1664 xvi,
1422 1631 1475 1666 Μ).
1492 1632 1607 1660 liilirmis
1621 1634 1676 1660 suis

888 1665 978 1686 saneta
1006 1660 1122 1687 Ecclesia
1153 1664 1262 1690 vulnere
1286 1671 1366 1697 super
1389 1666 1485 1693 vulnus
1510 1669 1672 1702 conciditur,

887 1695 993 1728 quando
1009 1701 1145 1729 peccatum
1172 1703 1284 1731 peccato
1313 1699 1429 1732 additur,
1446 1707 1472 1727 ut
1496 1702 1572 1736 culpa
1587 1704 1674 1735 velie-

887 1731 1004 1756 meiitius
1027 1736 1211 1765 exaggeretur.
1235 1735 1318 1766 Quem
1334 1736 1404 1761 enim
1420 1737 1528 1763 avaritia
1545 1738 1675 1771 pertrabit

885 1765 918 1790 ad
934 1767 1065 1799 rapinam,
1082 1767 1173 1800 rapina
1188 1769 1263 1795 ducit
1274 1769 1306 1795 ad
1323 1770 1461 1803 laliaciam,
1479 1778 1507 1798 ut
1522 1777 1672 1805 perpetrata

886 1801 961 1835 culpa
976 1808 1008 1827 ex
1024 1801 1139 1828 falsitate
1160 1803 1238 1829 etiam
1266 1804 1434 1832 defendatur.
1458 1806 1526 1839 Quid
1542 1808 1602 1839 iste,
1622 1808 1672 1835 nisi

885 1842 965 1869 super
984 1836 1079 1862 vulnus
1104 1839 1226 1863 concisus
1255 1845 1294 1865 est
1315 1840 1442 1867 vuluere‘l
1466 1841 1578 1877 (Gi-eq„
1608 1843 1672 1878 Req-

885 1876 951 1904 past.
967 1880 993 1905 p.
1006 1878 1044 1902 ιιι,
1057 1879 1080 1897 c.
1096 1871 1144 1903 29;
1162 1872 1256 1900 Moral.
1273 1881 1333 1906 xiii,
1351 1875 1394 1908 t7,
1406 1884 1432 1902 ri.
1449 1876 1513 1910 20.)

921 1906 983 1932 Cn».
1002 1914 1045 1932 xi..
1061 1906 1097 1932 De
1111 1911 1166 1933 octo
1182 1908 1363 1942 principalibus
1387 1911 1464 1942 viliis,·
1485 1912 1591 1946 qualiter
1611 1921 1671 1947 por-

883 1949 964 1967 sessas
982 1946 1076 1967 mentes
1088 1942 1229 1969 exhortent.
1256 1958 1290 1963 —
1303 1945 1327 1971 l.
1345 1946 1410 1972 Octo
1434 1953 1495 1973 sunt
1517 1948 1670 1981 principalia

884 1977 945 2002 vitia
960 1983 1019 2010 quie
1043 1978 1187 2003 bumanum
1205 1978 1469 2012 iiisestaiitauinium,
1482 1989 1592 2015 quorum
1609 1990 1671 2017 sug-

882 2012 1016 2045 gestiones
1036 2011 1103 2038 bene
1129 2017 1257 2040 contuens
1281 2015 1401 2048 egregins
1418 2016 1510 2043 doctor
1525 2017 1670 2051 Gregorius

884 2047 1015 2076 insinuat,
1034 2049 1190 2073 sententiam
1209 2049 1278 2075 illam
1299 2052 1375 2076 beato
1396 2049 1446 2077 Job
1469 2059 1483 2077 a
1501 2052 1612 2078 Domino
1630 2053 1672 2078 di-

882 2086 951 2108 ctam
963 2089 1108 2114 exponens,
1126 2083 1168 2108 nbi
1179 2083 1214 2108 ait
1229 2091 1234 2108 :
1252 2083 1448 2111 Exliortoti'ones
1461 2086 1565 2120 ducum,
1575 2092 1598 2113 et
1611 2087 1670 2113 iilu-

882 2117 961 2142 latum
974 2117 1106 2142 exercitus.
1127 2118 1266 2144 'l'eiitaiitia
1286 2119 1382 2153 quippe
1395 2121 1458 2147 vitia
1469 2142 1477 2154 ‚
1494 2130 1552 2155 qino
1576 2122 1669 2148 invisi-

881 2152 942 2178 bilia
958 2156 1051 2178 eontra
1071 2159 1118 2178 nos
1134 2154 1256 2186 praeliant
1268 2173 1275 2185 ,
1302 2155 1421 2188 regnanti
1434 2163 1514 2189 super
1527 2163 1556 2182 se
1573 2164 1667 2190 super-

882 2187 932 2213 biie
947 2187 1070 2213 militant.
1086 2186 1142 2213 Alia
1157 2195 1231 2215 more
1245 2194 1378 2215 exereitus
1393 2191 1600 2224 subsequuntur.
1616 2191 1666 2218 Ne-

881 2229 933 2256 que
948 2229 1019 2248 enim
1033 2223 1118 2255 culpa:
1133 2230 1226 2249 omues
1242 2225 1297 2257 pari
1318 2231 1426 2251 accessu
1440 2230 1646 2258 corrumpuntur
1656 2245 1663 2253 .

878 2257 925 2283 sed
939 2257 1001 2283 dum
1017 2257 1131 2291 majores
1145 2263 1172 2284 et
1188 2265 1278 2291 paueoe
1293 2259 1440 2293 neglectam
1462 2265 1578 2287 mentem
1594 2266 1662 2299 pra}-

879 2292 997 2323 veniunt,
1013 2292 1130 2319 minores
1141 2297 1167 2319 et
1183 2295 1326 2320 innumerae
1339 2295 1371 2320 ad
1387 2296 1456 2321 iiiam
1469 2302 1498 2321 se
1508 2299 1660 2332 catervatim

879 2326 1000 2353 tundunt.
1017 2327 1073 2360 lpszi
1087 2335 1201 2361 namque
1217 2329 1305 2362 regina
1320 2330 1444 2355 vitiorum
1458 2330 1582 2362 superbia
1599 2335 1660 2368 cum

878 2362 1010 2390 devictum
1026 2369 1091 2396 pene
1103 2370 1150 2389 cor
1164 2362 1253 2396 cepit,
1281 2370 1343 2389 mox
1367 2364 1429 2389 illud
1448 2368 1550 2396 septem
1566 2370 1665 2397 princi-

879 2398 981 2431 palibus
1003 2399 1073 2423 vitiis
1088 2397 1161 2431 quasi
1186 2398 1341 2430 quibusdam
1370 2398 1425 2424 suis
1452 2398 1562 2424 ducibus
1582 2398 1663 2424 deva-

878 2433 999 2459 standum
1017 2432 1104 2458 iradit.
1121 2433 1191 2464 Quos
1214 2432 1335 2458 videlicet
1355 2432 1436 2459 duces
1458 2434 1592 2459 exercitus
1616 2440 1661 2459 se·

877 2469 976 2502 quitur,
992 2466 1051 2500 quia
1067 2473 1099 2492 ex
1112 2473 1151 2492 eis
1163 2468 1251 2499 procui
1267 2466 1347 2493 dubio
1363 2467 1520 2501 importunae
1537 2467 1660 2494 vitiorum

878 2502 1059 2529 multitudines
1075 2500 1206 2527 oriuntur.
1229 2502 1315 2533 Quare
1330 2501 1423 2528 melius
1435 2502 1624 2534 ostendemus,
1639 2510 1660 2528 si

878 2539 948 2571 ipsos
962 2536 1044 2562 duces
1066 2539 1145 2568 atque
1167 2534 1311 2562 exercitum
1331 2537 1417 2569 ipsum
1439 2537 1609 2571 specialiter.
1632 2541 1662 2563 ut

877 2578 1028 2607 possumus,
1045 2571 1226 2596 enumerando
1241 2572 1415 2604 proteramus.
1546 2596 1553 2600 ,

910 2607 937 2633 2.
949 2605 1034 2632 Radix
1047 2606 1144 2638 quippe
1157 2608 1244 2632 cuncti
1260 2605 1320 2632 inali
1337 2607 1459 2639 superbia
1472 2611 1532 2638 est,
1544 2606 1579 2633 de
1593 2613 1655 2640 qua,

876 2642 1011 2675 Scriptura
1027 2645 1180 2671 attestante,
1197 2639 1307 2666 dicitur:
1330 2639 1438 2668 Initium
1459 2649 1540 2668 entim
1563 2643 1660 2681 percuti

875 2676 999 2712 superbia.
1013 2675 1109 2702 Primie
1130 2681 1218 2701 autem
1233 2674 1291 2708 ejus
1317 2676 1432 2707 soboles.
1458 2683 1559 2710 sepiem
1578 2683 1656 2703 mint·

875 2712 933 2740 runi
945 2711 1007 2738 vitia
1021 2710 1184 2744 principalia,
1206 2709 1239 2736 de
1254 2713 1303 2736 bac
1317 2711 1445 2738 virulenti
1462 2711 1655 2751 radice-profe-

875 2753 978 2774 runtur.
997 2745 1102 2772 Scilicet
1116 2745 1203 2771 inanis
1214 2744 1297 2779 gioria
1306 2765 1314 2777 ,
1325 2745 1437 2778 invidia,
1455 2746 1494 2772 ira
1505 2767 1512 2779 ,
1528 2750 1662 2786 tristitie,

874 2782 994 2814 avaritia,
1011 2781 1110 2806 ventris
1126 2780 1266 2813 ingluvies,
1290 2784 1318 2806 et
1338 2780 1450 2807 luxuria.
1466 2780 1531 2808 Nam
1543 2780 1603 2815 quia
1619 2783 1661 2808 tii!

874 2823 975 2852 septeni
990 2809 1204 2848 superbiae'vitiis
1218 2821 1268 2841 uos
1279 2819 1371 2849 eaptus
1381 2815 1478 2849 doluit,
1492 2815 1592 2843 idcireo
1604 2814 1660 2856 lt·-

873 2853 995 2886 deiiiptoi·
1019 2854 1109 2878 nostor
1132 2849 1167 2877 ad
1187 2848 1326 2884 spirituale
1350 2850 1515 2880 tiber-tionis
1537 2849 1658 2886 pralium
