1832 3016
170 125 237 154 1185

166 219 253 246 detur.

203 253 267 281 Car.
279 261 369 281 xm'ni.
384 254 424 281 De
435 254 587 282 multimoda
599 256 722 290 croyandi
733 256 877 290 larqitt'one.
886 257 954 284 -ἱ,

166 289 214 322 Qui
235 289 361 322 indigenti
386 291 507 323 proximo
522 290 681 317 exteriorem
697 291 872 318 substantiam
888 298 954 325 prae-

165 324 220 354 bet,
236 323 281 349 sed
308 324 387 350 vitam
412 332 487 351 suam
512 333 527 352 a
553 326 668 358 nequitia
685 334 738 352 non
753 327 879 360 custodit,
899 334 954 354 rem

165 365 240 385 suani
258 359 312 385 Deo
326 359 428 392 tribuit,
447 365 473 387 et
499 367 528 387 se
549 366 669 394 peccato.
696 361 752 388 tine
774 362 844 395 quod
869 362 955 389 minus

165 397 207 419 est
221 392 316 420 obtulit
330 394 449 427 Auctori,
465 399 492 422 et
516 396 565 422 boc
587 396 657 430 quod
682 396 766 430 majus
786 401 827 423 est
839 397 956 423 servavit

165 427 307 462 iniquitati.
327 430 436 461 Quoties
462 434 521 464 post
545 431 649 464 culpant
677 432 862 466 eleemosynas
892 432 957 459 taci-

164 470 234 493 mus,
250 464 324 497 quasi
348 472 395 498 pro
412 466 500 498 pravis
515 466 618 492 actibus
633 467 744 499 pretium
760 467 862 493 damus.
880 467 955 494 Unde.

166 505 214 531 per
228 497 387 532 Prophetam
400 500 433 526 de
444 508 476 527 eo
488 501 531 534 qui
548 501 604 527 lizi—c
618 509 670 527 tion
682 502 746 534 agit,
759 502 855 528 dicitur
872 510 879 528 t
896 502 956 529 Non

165 533 234 558 datm
256 535 462 567 propitiationem
478 544 561 568 sitinii,
578 543 623 562 nec
647 537 754 568 pretium
775 537 956 568 redemptionis

165 568 258 594 animoe
277 577 329 595 nuae
349 569 434 604 (Paul.
451 578 543 602 ιιιιίιι,
560 572 599 605 8).
616 571 689 597 Tunc
704 572 881 606 eli-eiiiosyna»
897 580 956 606 prc-

164 603 229 629 tium
246 610 294 630 nos
313 612 327 630 a
342 606 425 639 culpis
438 606 530 632 liberat
544 627 550 638 ,
567 614 626 632 cum
644 611 791 639 perpetrata
809 608 956 641 plangimus

164 642 190 664 et
213 638 377 667 abdicamus.
404 641 469 667 Nam
491 642 534 674 qui
550 645 576 667 et
591 648 696 674 semper
716 649 826 675 peccare
848 643 914 674 vult,
930 647 957 669 et

164 674 239 706 quasi
260 681 366 708 semper
387 676 584 710 eleemosynam
609 676 708 709 largiri,
734 676 832 703 frustra
853 677 954 709 tribuit,

164 716 224 740 quia
250 716 300 735 non
322 711 429 737 redimit
453 712 580 742 animam,
595 718 673 743 quam
695 719 709 737 a
725 712 794 738 vitiis
810 719 860 738 nou
884 719 957 739 com-

164 744 247 803 ροεοὲι
264 744 338 778 (Teio
359 753 396 777 iti,
418 746 469 779 5t;
497 746 584 781 Greq„
611 746 707 772 Moral.
728 754 786 779 xix,
800 746 846 778 25,
862 755 889 773 ii.
909 747 955 780 58,

164 785 212 809 xii,
238 778 255 804 'l
276 799 283 806 .

200 814 227 839 ⁶2.
243 779 425 851 Eieemosynae
443 817 573 851 impensio
595 817 737 848 superbum
761 816 871 844 divitem
887 817 957 844 redi-

165 855 237 875 mere
262 858 313 877 non
330 852 411 884 valet,
425 860 502 885 quam
527 857 674 886 perpetrata
696 853 772 879 simul
786 854 875 886 rapina
891 861 954 884 pau·
970 862 994 890 B
1008 852 1099 885 largiri
1125 855 1292 888 negligimus,
1313 859 1471 891 quandoque
1494 859 1586 893 inopes
1612 861 1720 888 erimus.
1744 861 1805 894 Qui>

166 883 236 916 peris
252 891 312 912 ante
328 886 372 912 Dei
388 889 479 913 oculos
493 889 636 914 ascendere
660 895 711 913 non
725 887 861 921 perzztiztit.
880 888 953 914 Unde

164 925 212 951 pcr
225 919 334 953 Elipliaz
346 922 442 948 dicitur
459 930 465 949 :
484 922 543 948 Non
562 924 648 948 credat
663 924 757 955 frustra
773 931 856 949 errore
878 924 955 949 ‹lecc-

164 957 223 986 ptiu
237 956 303 988 qaod
318 956 403 990 aliquo
421 958 501 991 pretio
522 958 685 983 redimendus
699 959 730 983 sil
747 957 816 991 (Job.
839 966 882 989 xv,
897 958 953 992 5t).

165 988 242 1021 Sat-pe
265 992 372 1023 superbi
398 992 504 1024 divites,
524 1000 583 1019 cuin
606 994 803 1027 eleemosynam
825 994 953 1024 tribuunt,

165 1029 218 1049 tion
236 1023 302 1051 banc
315 1034 362 1059 pro
377 1030 485 1053 aeternae
501 1027 562 1054 vitm
575 1028 720 1059 desiderio,
733 1028 778 1054 sed
796 1035 842 1061 pro
858 1033 953 1054 exten-

164 1058 249 1084 denda
267 1061 318 1086 vita
336 1062 474 1094 temporali
503 1063 659 1095 largiuntur.
685 1062 796 1088 Mortem
822 1070 850 1088 sc
876 1070 954 1097 posse

164 1092 272 1120 differre
294 1095 444 1122 dationibus
462 1096 526 1131 [Al.,
542 1097 742 1132 donationibus]
759 1098 891 1130 ci·cdunt;
907 1098 953 1124 sed

164 1134 329 1162 nequaquam
351 1131 473 1158 obtinere
487 1140 518 1158 ex
544 1135 664 1166 impenso
678 1140 788 1159 munere
804 1134 903 1164 valent,
928 1138 955 1159 ut

163 1161 243 1188 finem
267 1165 383 1192 debitum
406 1168 529 1194 evadant.
549 1168 576 1194 Ιιι
602 1168 746 1201 Evangelio
765 1168 867 1194 Veritas
888 1168 925 1194 ait
947 1177 952 1194 :

164 1195 270 1224 Nesciat
284 1200 388 1227 sinistra
403 1207 446 1228 lua
458 1202 519 1236 quid
533 1203 610 1237 saciat
625 1203 727 1229 dextera
743 1207 785 1229 tua
797 1202 903 1238 (Metili.
918 1211 953 1235 vt,

164 1230 203 1265 5).
221 1234 247 1259 ld
272 1241 323 1266 est,
341 1238 390 1269 piae
414 1238 605 1271 dispensationi
632 1246 797 1272 nequaquam
822 1246 851 1264 se
870 1239 954 1272 gloria

163 1270 303 1301 praesentis
317 1272 377 1298 vitae
391 1273 548 1304 admisceat,
574 1273 620 1300 sed
640 1281 706 1308 opus
722 1273 889 1300 rectitudinis
912 1281 955 1308 ap-

165 1304 258 1372 Ρθῑὲῑίς)
285 1306 387 1339 ignoret
412 1308 510 1334 l'avoris
531 1308 626 1343 (Greq.
637 1329 644 1341 ,
668 1309 732 1343 neq.
758 1314 822 1343 past.
851 1318 877 1342 p.
909 1317 953 1341 ιιι,

163 1346 186 1364 c.
202 1341 210 1353 ⁴
220 1341 236 1366 0
254 1359 260 1365 .

197 1374 222 1399 5.
240 1374 399 1410 Plerumque
413 1379 493 1405 mulia
518 1379 640 1406 homines
661 1379 822 1413 pauperibus
838 1379 954 1414 largiun-

161 1411 214 1439 lllr.
232 1417 284 1439 lion
310 1414 369 1446 quia
393 1414 500 1440 eosdem
517 1415 596 1448 267
612 1421 743 1448 pauperes
762 1414 888 1447 diliguni,
905 1416 952 1442 sed

162 1450 221 1479 qnia
235 1451 256 1474 sl
279 1447 388 1476 iniuiltic
404 1449 529 1484 tribuant,
547 1458 610 1479 iram
632 1450 738 1484 superni
752 1449 845 1485 judicil
863 1451 954 1477 lormi-

162 1486 240 1516 dant;
258 1485 301 1518 qni
321 1487 342 1511 si
360 1486 442 1513 Deum
462 1495 514 1513 non
530 1492 689 1516 metuerent,
706 1494 764 1520 quae
778 1486 874 1512 babent
889 1486 953 1513 dare

162 1518 319 1547 noluissent.
341 1521 509 1548 Admonendi
534 1526 594 1548 sunt
610 1522 654 1555 qui
676 1529 722 1547 sua
745 1521 952 1560 misericorditer

164 1554 290 1587 tribuunt,
304 1563 336 1582 ne
350 1558 510 1590 cogitatione
526 1557 624 1583 tumida
640 1563 718 1590 supet·
730 1563 776 1582 cos
789 1556 885 1589 quibus
901 1561 952 1583 ter-

162 1590 226 1614 rena
242 1590 390 1623 largiuntur
404 1599 432 1618 se
447 1593 592 1624 extollant;
608 1596 634 1617 ct
651 1599 683 1617 tic
698 1590 797 1617 idcirco
811 1598 840 1617 se
860 1592 954 1618 melio-

162 1630 206 1649 res
221 1625 363 1657 aestiment,
378 1627 439 1659 quia
455 1627 583 1654 contineri
611 1634 656 1659 pei·
676 1634 705 1652 se
723 1631 835 1652 caeteros
851 1626 950 1653 vident.

162 1658 212 1690 Qui
235 1666 355 1692 possessa
380 1662 587 1688 misericorditer
604 1662 731 1693 tribuunt,
746 1669 759 1687 a
780 1661 882 1687 coelesti
904 1663 954 1688 Do-

162 1692 235 1720 tiiino
247 1695 446 1728 dispensatores
459 1706 487 1723 sc
512 1697 611 1731 positos
626 1696 805 1723 subsidiorum
821 1700 953 1730 tempora-

163 1728 227 1755 lium
241 1736 395 1763 agnoscant,
413 1737 438 1758 et
455 1737 529 1758 tanto
544 1732 680 1758 humiliter
694 1732 839 1765 praebeaut,
855 1738 953 1765 quanto

163 1768 189 1790 et
202 1764 287 1791 aliena
309 1774 369 1793 esse
393 1767 541 1801 intelligant
554 1775 612 1802 qua:
632 1769 797 1800 dispensant.
812 1766 850 1792 Ne
863 1769 888 1792 in
907 1768 952 1794 be-

164 1800 276 1827 nefactis
301 1802 432 1835 largitoris
458 1803 656 1829 immoderatius
682 1802 824 1836 gaudeant,
845 1802 953 1829 audiant

162 1836 233 1867 quod
249 1836 376 1869 scriptum
389 1843 428 1864 est
442 1846 448 1864 ι
464 1838 527 1864 Cum
539 1838 648 1872 feceritis
661 1837 747 1863 omitia
758 1844 815 1871 qiioe
826 1842 953 1872 proecepta

162 1874 221 1895 sitiit
237 1871 314 1901 robis.
330 1871 406 1898 dicite
420 1880 430 1899 .·
443 1873 515 1899 servi
527 1874 630 1899 inutiles
646 1880 743 1902 sumus,
755 1880 811 1906 quw
822 1873 953 1899 debuimus

163 1904 255 1939 facere,
272 1914 321 1932 non
338 1907 397 1942 (sic)
413 1909 518 1942 [ecimus
535 1908 609 1942 ilaue.
623 1915 685 1940 xvii,
703 1908 757 1941 10).
898 1943 903 1948 ⁸

198 1941 276 1968 4.Αο
299 1949 331 1968 ne
357 1943 503 1976 largitatem
531 1943 637 1970 tristitia
660 1946 823 1976 corrumpat,
844 1943 954 1971 audiant

163 1975 258 2002 iterum
272 1977 341 2010 quod
361 1980 487 2012 scriptum
508 1983 549 2005 cst
569 1988 576 2005 ι
598 1978 715 2004 Hilarem
737 1979 852 2004 datorem
868 1978 952 2013 diliqit

163 2010 232 2037 Deus
248 2011 291 2046 (ΙΙ
308 2011 366 2039 Cor.
384 2021 421 2046 ix,
444 2014 481 2049 7).
506 2014 543 2040 Ne
565 2015 702 2048 largitores
721 2014 951 2048 eleemosynarum

164 2046 293 2080 inipeiisae
319 2050 410 2081 gratiae
436 2049 644 2076 vicissitudinem
669 2050 815 2081 requirant,
845 2050 953 2076 audiant

163 2083 233 2114 quod
254 2082 381 2116 scriptum
394 2089 453 2111 est:
469 2086 531 2110 Cum
552 2085 614 2118 sacis
627 2084 771 2118 prandium,
788 2088 831 2110 aut
846 2092 951 2118 coenam,

163 2116 215 2142 noli
230 2124 319 2143 vocare
342 2120 437 2146 amicos
460 2124 528 2151 titos,
543 2124 617 2153 atque
637 2124 770 2154 coqiiatos,
791 2127 836 2145 nei:
858 2121 952 2146 vicinos

163 2150 264 2183 divites,
280 2161 311 2178 ne
325 2155 390 2187 sorte
403 2158 426 2179 el
441 2155 491 2188 ipsi
506 2160 528 2180 te
542 2156 658 2186 invitent,
675 2159 697 2180 et
710 2155 806 2189 saciant
820 2154 864 2180 libi
877 2155 952 2181 retri-

164 2184 307 2218 butionem5
329 2190 373 2213 sed
393 2196 450 2214 cum
468 2190 532 2223 sacis
550 2190 689 2215 convivium
702 2209 709 2221 ,
736 2196 797 2215 voca
816 2198 950 2223 pauperes,

163 2220 268 2253 debiles,
284 2223 398 2254 claudet,
413 2231 502 2255 coecoe,
520 2228 543 2250 et
557 2225 643 2250 beatus
655 2226 714 2257 eris,
728 2225 788 2257 quia
800 2232 849 2250 nori
861 2225 951 2252 liabent

163 2255 231 2282 unde
244 2257 383 2283 retribuant
401 2258 474 2291 (Luc.
499 2266 552 2290 xiv,
573 2258 623 2292 t2).
646 2261 684 2285 Ne
706 2259 756 2285 sub
769 2259 878 2286 obtentu
899 2262 952 2287 lar-

164 2291 254 2325 gitatis
266 2299 297 2318 ea
317 2299 376 2326 quae
392 2293 528 2326 possident
547 2294 674 2320 inutiliter
687 2298 813 2327 spargant
824 2295 951 2321 distribu-

165 2329 246 2357 tores,
260 2327 367 2354 audiant
381 2329 451 2362 quod
463 2329 589 2362 scriptum
604 2333 644 2354 est
659 2336 665 2354 :
682 2327 762 2355 Sudet
776 2328 802 2367 iii
818 2336 894 2354 nianu
908 2334 951 2355 tua

164 2361 332 2396 eleemosyna.
359 2363 391 2389 Et
413 2371 457 2397 ne,
478 2370 538 2390 cum
562 2364 643 2389 multa
659 2370 768 2390 necesse
781 2368 850 2395 suit,
868 2371 950 2396 pauca

164 2396 320 2430 largiantur,
334 2398 443 2424 audiant
456 2400 525 2433 quod
540 2399 719 2432 scriptumest
733 2407 739 2424 :
755 2397 805 2431 Qui
820 2405 895 2431 parce
909 2406 950 2425 se-

164 2432 261 2464 minat,
278 2441 353 2466 parce
367 2438 390 2460 et
404 2438 487 2460 metet.

200 2467 227 2493 ⁵.
252 2468 299 2501 Ne,
319 2475 378 2495 curn
395 2476 476 2503 pauca
488 2472 603 2503 oportet.
622 2468 733 2502 plurima
747 2467 881 2502 praebeant
897 2468 951 2496 lat·-

163 2501 273 2534 ignores,
284 2507 311 2530 et
326 2503 375 2537 ipsi
388 2508 557 2538 postmodum
573 2505 682 2530 mininie
701 2503 817 2538 inopiam
834 2504 951 2531 toleran-

165 2541 217 2570 tes,
240 2539 273 2564 ad
295 2537 487 2572 impatientiam
510 2544 660 2573 erumpant,
677 2540 784 2566 audiant
804 2539 872 2572 quod
887 2540 952 2567 scri-

163 2576 236 2604 ptum
260 2577 301 2600 est
320 2582 326 2600 :
349 2573 410 2600 Non
428 2574 496 2609 quod
515 2574 572 2600 aliis
591 2578 624 2600 sit
645 2575 771 2607 remissio.
783 2575 852 2600 volvi·
866 2578 951 2601 autum

163 2606 302 2641 tribulatio,
316 2610 360 2635 sed
379 2617 409 2636 ex
422 2610 566 2644 aequalitate
580 2614 662 2636 vestra
676 2609 833 2636 abundantia
846 2608 951 2636 illorum

163 2642 276 2676 inopiam
289 2643 416 2679 cuppleat,
430 2649 457 2671 ut
471 2650 493 2672 et
507 2644 612 2672 illorum
626 2644 782 2671 abundantia
794 2649 881 2672 vestroe
894 2645 951 2672 ιἠο-

162 2677 211 2710 piae
232 2679 264 2704 sit
284 2678 486 2713 supplementum
510 2679 554 2715 (11
569 2680 629 2707 Cor.
643 2687 699 2712 vni,
721 2679 776 2719 ἰᾷ).
791 2679 879 2720 (ξιιιιιί
900 2679 952 2708 itur

163 2711 251 2739 dantis
274 2721 351 2742 niens
374 2715 489 2749 inopiam
510 2717 580 2743 terre
604 2717 700 2748 nescit,
723 2722 745 2741 st
770 2714 861 2742 illicita
895 2714 949 2748 At„

165 2747 259 2787 multa]
273 2749 325 2776 sibi
347 2750 492 2783 subtrabit,
515 2751 567 2778 boc
587 2757 758 2778 occasionem
771 2754 863 2777 contra
882 2749 951 2778 sein

163 2785 316 2813 patientiam
329 2785 455 2818 exquirit.

199 2815 226 2842 8.
248 2817 287 2845 Ne
308 2820 418 2847 omnino
447 2819 635 2849 distributores
659 2819 727 2848 nibil
750 2820 790 2848 eis
831 2817 952 2858 ragbeattt

163 2849 260 2881 ouibus
272 2852 394 2890 conterre
404 2854 506 2890 ,aliquid
520 2863 612 2891 parunt
626 2854 693 2892 [At.
705 2862 816 2892 parvum
839 2852 950 2895 ἅψοιιι,

553 126 599 155 AD
618 127 646 154 S.
665 126 788 156 isinonl
807 127 1023 158 ttlSPALENSls
1041 129 1156 159 OPERA
1175 131 1395 163 APPENDICES.

167 190 216 211 nec
239 191 300 212 eum
331 184 462 219 despicit,
485 184 530 219 qui
561 184 673 219 amplius
700 185 887 219 despiciendus
914 186 954 213 vi·
966 187 1113 217 Aaudiant
1127 189 1196 224 quod
1210 190 1338 224 scriptum
1353 194 1395 219 est
1411 199 1417 218 t
1434 192 1511 219 Omni
1532 193 1654 227 petentia
1668 197 1692 222 te
1709 195 1804 224 tribue»

1720 138 1802 167 {¹845

1007 221 1082 263 (Lite.
1103 231 1139 257 vt,
1163 223 1221 260 50).
1245 226 1334 259 Quare
1356 234 1388 254 ne
1411 228 1503 254 saltem
1526 228 1624 263 aliquid
1643 229 1804 267 praebeant„

1006 257 1102 290 quibus
1114 261 1238 288 conterre
1252 261 1318 288 nibil
1332 262 1440 295 debent,
1455 263 1564 290 audiant
1578 265 1647 297 quod
1662 265 1809 299 scriptumt,

1006 296 1048 318 est
1063 300 1071 319 ι
1086 293 1127 320 Da
1146 294 1219 327 hotto,
1242 301 1266 323 et
1287 305 1336 323 non
1357 299 1478 333 receperis
1492 303 1664 332 peccatorem
1689 301 1806 335 benefeci

1007 326 1107 359 humili,
1120 333 1143 355 et
1156 338 1207 356 mm
1221 331 1319 358 dederis
1334 333 1411 366 impio
1425 334 1519 367 (Eccli.
1540 342 1586 367 xit,
1611 335 1649 369 4).
1667 335 1804 365 Nonnullii

1007 362 1086 396 hujus
1110 365 1200 391 mundi
1221 365 1326 399 diviteS,
1350 375 1410 395 cum
1435 370 1502 395 tarne
1525 369 1676 398 crucientur
1693 370 1803 400 Chitsttt

1007 403 1136 438 pauperes
1149 419 1157 431 ,
1179 399 1271 428 effusis
1298 402 1461 437 largitatibus
1489 406 1607 431 nutriunt
1636 405 1790 435 histriones.

1007 432 1056 465 Qui
1072 440 1135 459 vero
1150 435 1276 469 indigenti
1292 439 1422 471 peccatori
1443 446 1537 472 panem
1561 447 1647 472 suuni,
1664 448 1716 467 nou
1731 442 1810 475 quint

1008 472 1140 501 peccator,
1158 469 1203 496 sed
1219 471 1280 505 quia
1305 472 1385 500 bomo
1408 479 1458 506 est,
1483 475 1583 507 tribuit,
1599 476 1723 503 nimirum
1739 483 1804 506 noni

1008 507 1184 536 peccatorem,
1201 506 1248 532 sed
1262 506 1361 539 justum
1378 510 1471 542 nutrit,
1484 510 1543 544 quia
1565 511 1592 537 in
1609 511 1654 542 illo
1668 519 1721 538 non
1736 511 1804 539 cui--

1007 544 1080 570 pam,
1096 539 1141 565 sed
1158 544 1279 567 naturam
1294 541 1388 576 diligit.

1042 571 1069 598 7.
1086 572 1135 605 Qui
1150 582 1196 600 sua
1213 575 1420 604 misericorditer
1436 579 1592 613 largiuntur,
1610 581 1723 609 sollicite
1745 588 1802 609 eu·-

1008 608 1109 634 stodire
1133 609 1258 637 studeant
1279 619 1312 637 nc
1327 619 1386 638 cum
1401 615 1541 641 commissa
1556 621 1661 648 peccata
1678 618 1802 644 eleeuto-·

1007 642 1081 676 syriis
1105 644 1250 678 redimunt,
1274 646 1361 674 adbuc
1385 648 1538 675 redimenda
1561 653 1736 684 committant,
1760 659 1803 680 nei

1007 678 1128 704 venalem
1145 679 1189 706 Dei
1211 681 1339 714 justitiam
1354 683 1496 715 aestiment,
1513 685 1534 710 si
1554 692 1613 712 cum
1636 692 1728 713 curant
1745 694 1804 720 proi

1009 715 1123 744 peccatis
1151 722 1283 741 nummos·
1304 718 1420 744 tribuere
1433 739 1439 750 ,
1468 719 1631 746 arbitrantur
1660 729 1689 748 sc
1716 729 1804 755 posse·

1009 747 1091 774 inulte
1106 756 1225 782 peecare.
1251 751 1370 779 Sollicite
1388 754 1541 780 studeamus
1556 756 1719 789 perpendere
1733 757 1803 791 quia·

1008 785 1034 808 et
1047 790 1093 808 cos
1107 791 1173 817 quos
1190 793 1259 812 nunc
1273 787 1364 820 inopes
1379 788 1522 820 cernimus,
1535 789 1699 818 abundantes
1710 799 1793 825 quan-

1008 817 1095 850 doque
1116 819 1278 852 videbimus;
1304 827 1331 848 et
1353 823 1395 855 qui
1417 824 1583 851 abundantes
1602 825 1756 859 aspicimur,
1771 826 1804 854 sii

1008 894 1077 913 nunc
1092 891 1233 922 temporale
1247 891 1392 918 subsidium
1406 894 1621 927 pauperitribuit,
1633 896 1666 922 ab
1679 904 1712 923 eo
1723 900 1795 930 post-

1006 922 1113 948 tnnduni
1138 930 1262 957 perpetua
1290 933 1461 961 recepturus,
1492 933 1519 955 ut
1543 930 1576 956 ita
1591 930 1695 963 dicam,
1718 933 1794 965 quasi

1008 957 1039 983 ad
1056 958 1157 996 l'rugem
1173 961 1254 994 268
1268 965 1364 988 terram
1379 963 1487 997 excolit,
1505 972 1563 997 quae
1577 966 1647 999 quod
1662 968 1794 998 acc==perit

1006 993 1114 1018 uberius
1130 996 1224 1020 reddit.
1243 996 1376 1023 tlonorate
1399 1005 1464 1031 quos
1481 1006 1610 1033 pauperes
1635 1001 1754 1034 cernitis,
1768 1007 1795 1029 et

1006 1034 1073 1060 quos
1097 1029 1161 1054 l'oris
1185 1031 1338 1064 conspicitis
1362 1032 1501 1066 despectos
1515 1035 1615 1067 saeculi,
1632 1035 1702 1063 intus
1725 1037 1796 1063 arbi-

1007 1062 1112 1088 tramitti
1144 1065 1243 1091 amicos
1268 1066 1323 1092 Dei.
1346 1067 1410 1093 Cum
1439 1067 1477 1094 eis
1501 1070 1695 1104 participamini
1720 1071 1794 1106 [Al.,

1006 1098 1172 1132 participate}
1199 1101 1270 1133 quod
1295 1101 1407 1133 habetis,
1433 1108 1460 1129 ut
1474 1105 1633 1139 quandoque
1655 1106 1796 1139 dignentur

1006 1132 1140 1158 vobiscum
1164 1136 1378 1170 comparticipari
1393 1137 1457 1172 [Ar.
1478 1141 1699 1174 comparticipare
1726 1143 1795 1175 quoti

1007 1166 1103 1193 babent
1116 1168 1124 1202 (
1137 1167 1225 1204 Greq.,
1252 1170 1346 1198 Moral-
1362 1180 1418 1205 xxi,
1441 1173 1484 1207 19,
1502 1183 1529 1202 n.
1545 1176 1594 1208 50;
1610 1183 1627 1202 ιι
1642 1176 1668 1202 in
1697 1185 1795 1212 .i>aiiy.,

1005 1202 1073 1227 Ιιοηι.
1090 1202 1134 1236 40,
1152 1212 1178 1230 n.
1198 1205 1250 1240 1⁹2).

1041 1238 1103 1264 Cir.
1128 1246 1203 1266 xcix.
1228 1241 1267 1268 De
1287 1250 1330 1277 spe
1354 1247 1376 1269 et
1400 1243 1536 1276 formidine
1557 1246 1703 1272 electorum.
1720 1261 1755 1266 —-
1771 1247 1796 1274 Ι.

1005 1271 1163 1312 Plerumque
1178 1283 1252 1314 inens
1263 1277 1329 1311 justi
1351 1277 1405 1312 jam
1422 1280 1527 1314 quidem
1543 1281 1613 1315 quod
1628 1288 1752 1315 perverse
1767 1289 1796 1311 se

1005 1314 1091 1341 egisse
1106 1311 1228 1337 meminit
1251 1313 1381 1347 deplorat.
1395 1314 1452 1341 Jam
1468 1323 1548 1349 prava
1568 1320 1626 1343 acta
1642 1323 1695 1343 uon
1710 1318 1796 1345 solum

1005 1343 1114 1376 deserit,
1131 1345 1178 1371 sed
1201 1349 1376 1375 amarissimis
1402 1349 1526 1377 lamentis
1541 1351 1624 1384 punit.
1641 1351 1692 1378 Sed
1708 1357 1796 1380 tanien

1004 1377 1065 1404 dnm
1091 1386 1183 1406 eorum
1208 1389 1266 1415 quae
1280 1384 1333 1416 egit
1353 1385 1542 1418 reminiscitur,
1563 1386 1636 1420 gravi
1651 1387 1683 1413 de
1696 1387 1796 1420 judicio

1005 1419 1102 1446 pavore
1115 1419 1253 1453 serretur.
1280 1418 1387 1445 Electus
1410 1420 1522 1453 quisque
1543 1429 1598 1454 Jam
1624 1428 1653 1448 se
1680 1422 1796 1455 perfecte

1003 1453 1143 1487 conigertit,
1170 1451 1216 1477 sed
1241 1452 1327 1480 adbuc
1350 1461 1379 1480 se
1405 1455 1519 1487 perfecte
1535 1457 1560 1482 in
1582 1455 1724 1483 securitate
1744 1465 1796 1484 non

1003 1487 1090 1517 erigit,
1106 1487 1167 1518 quia
1181 1486 1243 1512 duni
1258 1494 1355 1521 quanta
1369 1489 1404 1515 sit
1422 1489 1553 1517 districtio
1565 1492 1676 1518 extremi
1693 1492 1796 1519 exami-

1005 1518 1045 1544 nis
1061 1524 1165 1558 pensat,
1182 1522 1252 1548 intus
1276 1523 1326 1550 bac
1349 1523 1492 1551 formidine
1513 1525 1642 1552 sollicitus
1667 1528 1795 1560 trepidat;

1005 1561 1130 1586 quomam
1150 1554 1238 1588 justus
1258 1557 1340 1590 judex
1366 1560 1477 1586 veniens
1493 1560 1555 1594 quid
1580 1561 1613 1588 de
1640 1562 1797 1595 perpetratis

1006 1594 1121 1628 reputet,
1136 1591 1198 1624 quid
1214 1593 1324 1625 relaxet,
1341 1594 1453 1628 ignorat.
1472 1595 1549 1628 Saepe
1565 1602 1640 1622 mens
1662 1597 1796 1630 poeniten-

1006 1628 1049 1662 tis,
1065 1632 1145 1657 quani
1163 1633 1240 1658 prava
1256 1630 1420 1656 commiserit
1433 1631 1565 1663 meminit,
1588 1631 1635 1658 sed
1650 1630 1708 1658 brec
1721 1639 1796 1660 com-

1005 1666 1096 1692 missa,
1114 1660 1137 1686 si
1151 1661 1230 1696 digne
1245 1663 1357 1696 lleverit,
1374 1665 1468 1691 nescit.
1483 1665 1522 1692 Ac
1545 1674 1578 1692 ne
1600 1666 1684 1700 culpae
1704 1666 1797 1695 imma·

1005 1694 1076 1721 nitas
1101 1695 1206 1722 modum
1233 1699 1394 1731 poenitentiae
1411 1705 1536 1732 transeat,
1554 1701 1658 1728 metuit.
1684 1701 1796 1730 Sanctus

1004 1730 1117 1763 quisque
1131 1732 1171 1757 vir
1195 1733 1273 1759 etiam
1299 1734 1341 1761 bic
1368 1734 1580 1762 misericordiam
1594 1737 1743 1770 suscepisse
1766 1745 1796 1765 se

1004 1766 1098 1803 nescit,
1116 1766 1177 1799 quia
1193 1772 1330 1800 peccatum
1353 1776 1431 1796 suum
1456 1770 1535 1797 bomo
1552 1771 1607 1805 Jam
1627 1771 1795 1806 corrigendo,

1002 1806 1056 1832 Jani
1075 1801 1228 1833 poeniteudo
1241 1805 1350 1836 deserit,
1366 1805 1411 1832 sed
1428 1805 1514 1832 adbuc
1539 1810 1627 1833 tamen
1646 1806 1796 1835 districtum

1002 1834 1119 1868 judicem
1134 1837 1167 1863 de
1181 1838 1238 1871 eius
1250 1840 1425 1867 retributione
1439 1840 1602 1873 pertimescit
1621 1840 1722 1876 (Creta,
1738 1841 1797 1870 Ho-

1004 1870 1054 1896 rat.
1071 1877 1105 1902 iv,
1119 1870 1162 1904 515,
1179 1880 1205 1898 rt.
1219 1874 1249 1900 tit
1262 1882 1269 1906 ;
1287 1873 1349 1901 Taio
1365 1882 1403 1907 ιιι,
1418 1875 1474 1910 46).

1038 1906 1065 1931 2.
1089 1906 1143 1932 lllic
1168 1910 1239 1935 tutus
1264 1909 1330 1945 [Al.‚
1356 1909 1450 1946 'ustus]
1465 1910 1576 1944 quilibet
1597 1911 1655 1939 sine
1669 1911 1722 1939 ulla
1741 1912 1815 1940 for-⁷

1003 1940 1102 1967 midine
1127 1941 1324 1971 misericordias
1373 1946 1454 1972 omini
1479 1946 1564 1973 libere
1591 1946 1618 1973 in
1647 1947 1796 1976 aeternitate
1812 1967 1816 1969 >

1003 1979 1102 2009 cantat,
1119 1976 1161 2003 ubi
1183 1978 1239 2012 jam
1262 1979 1294 2006 de
1316 1980 1419 2014 peccati
1434 1982 1510 2008 venia
1529 1981 1649 2008 dubietas
1665 1989 1718 2009 non
1733 1983 1795 2016 erit,

1003 2011 1048 2037 ubi
1071 2011 1124 2045 jam
1135 2019 1261 2047 ⁴securam
1287 2021 1403 2042 mentem
1420 2016 1505 2050 culpae
1520 2023 1575 2043 suae
1590 2019 1718 2044 memoria
1741 2025 1795 2045 non
1814 2034 1820 2037 -

1003 2045 1102 2080 adjecit
1117 2046 1181 2082 [Al.‚
1197 2049 1318 2085 addicit]‚
1335 2051 1379 2077 ubi
1399 2058 1452 2077 non
1467 2051 1517 2078 sub
1528 2054 1604 2079 reatu
1619 2052 1723 2079 animus
1738 2058 1794 2080 tre·

1003 2081 1085 2114 pidat‚
1102 2083 1148 2109 sed
1164 2085 1197 2111 de
1220 2085 1278 2118 ejus
1298 2085 1460 2119 indulgentia
1473 2086 1555 2113 libere
1569 2086 1693 2115 exsultat.
1710 2087 1794 2115 David
1811 2090 1822 2123 ,ἶ

1003 2117 1132 2150 propbeta
1148 2125 1207 2145 cum
1231 2125 1346 2154 peteret,
1360 2121 1452 2148 dicens
1473 2129 1480 2147 :
1500 2123 1589 2148 Averte
1608 2121 1694 2148 oculos
1709 2127 1764 2148 tuos
1778 2129 1796 2149 a
1818 2123 1825 2130 ⁴·

1004 2154 1113 2184 peccatis
1126 2154 1198 2186 ineis,
1215 2156 1294 2189 paulo
1307 2156 1431 2189 superius
1448 2157 1535 2183 intulit
1550 2165 1556 2183 :
1571 2156 1700 2183 Delictum
1711 2164 1795 2184 meum
1818 2192 1822 2193 ⁷

1003 2194 1089 2214 coram
1101 2196 1140 2214 me
1152 2194 1186 2215 cst
1199 2198 1296 2224 semper
1310 2190 1395 2226 (Psal.
1409 2199 1434 2225 t.‚
1447 2191 1508 2226 tt);
1522 2198 1553 2218 ac
1563 2191 1586 2218 si
1600 2191 1699 2219 diceret
1710 2199 1717 2217 ε
1729 2191 1795 2219 Pec-

1003 2227 1091 2248 catum
1115 2231 1203 2251 meum
1222 2233 1255 2252 ne
1281 2226 1417 2260 respicias.
1432 2226 1547 2260 postulo,
1561 2226 1621 2260 quia
1636 2233 1686 2260 ego
1706 2227 1793 2260 respi-

1002 2264 1065 2284 cere
1081 2259 1166 2291 ipsum
1183 2266 1236 2286 ιιοιι
1252 2267 1340 2287 cesso.
1353 2260 1428 2288 Unde
1440 2265 1466 2287 et
1481 2267 1528 2294 per
1540 2260 1621 2286 alium
1635 2260 1792 2294 prophetam
1815 2289 1821 2295 ,

1003 2292 1131 2322 Dominus
1152 2293 1219 2321 dicit
1244 2303 1250 2320 z
1273 2294 1308 2321 Et
1327 2299 1488 2329 peccatorum
1506 2300 1610 2321 luorum
1632 2302 1726 2321 vitemur
1741 2304 1792 2324 nim

1002 2334 1055 2359 ero,
1069 2332 1096 2353 tu
1110 2333 1194 2356 autem
1207 2337 1302 2356 memor
1316 2334 1368 2356 esto
1383 2328 1458 2364 (lsai.
1474 2336 1547 2361 xtttt,
1566 2329 1625 2363 25).
1646 2329 1794 2358 Providen-
1815 2332 1820 2340 “

1002 2362 1064 2388 dum
1079 2368 1122 2389 est
1135 2364 1176 2390 bis
1189 2363 1235 2398 qui
1247 2368 1355 2396 peccata
1369 2371 1416 2391 sua
1430 2362 1541 2398 deflent,
1554 2369 1583 2391 ut
1601 2364 1703 2398 singula
1717 2365 1808 2409 quat-q¹

1001 2403 1053 2430 que
1067 2398 1182 2425 admissa
1197 2398 1378 2432 considerent,
1393 2403 1421 2426 et
1433 2398 1496 2426 dum
1517 2406 1567 2434 per
1586 2401 1799 2436 unumquodque
1827 2436 1829 2439 Ι

1001 2435 1102 2459 erroris
1115 2434 1156 2459 sui
1177 2433 1342 2468 iniquitatem
1357 2440 1384 2460 et.
1396 2434 1607 2468 inquinationem
1626 2435 1736 2469 deflent.
1750 2435 1801 2463 si-

1001 2466 1057 2492 mul
1072 2473 1102 2493 se
1125 2474 1157 2495 ac
1177 2471 1248 2495 totos
1270 2468 1396 2504 lacrymis
1419 2469 1556 2496 mundent.
1573 2469 1624 2497 Per
1645 2469 1780 2498 Jeremia
1830 2476 1832 2484 ¹

1001 2501 1098 2527 dicitur
1114 2509 1121 2528 :
1138 2500 1202 2529 Cum
1220 2502 1321 2530 Judoeoe
1335 2504 1436 2539 :inquio
1450 2504 1541 2531 delicta
1558 2509 1734 2540 pensarentur,
1755 2518 1758 2525 ν

1001 2535 1108 2563 visiones
1118 2545 1190 2571 aquoe
1202 2539 1360 2566 deduxerunt
1367 2538 1435 2566 oculi
1446 2540 1494 2566 mei
1501 2538 1606 2575 (Thi-en.
1620 2546 1661 2573 tlt,
1674 2538 1733 2576 48).
1766 2552 1768 2556 v
1829 2565 1832 2568 ι

1001 2571 1071 2598 visas
1084 2573 1181 2607 quippe
1195 2581 1227 2601 eii
1239 2574 1323 2602 oculis
1333 2581 1416 2610 aquas
1427 2573 1592 2607 deducimus,
1610 2575 1612 2578 ’
1626 2575 1714 2603 nando
1735 2586 1738 2598 i
1752 2581 1783 2601 --t
1827 2575 1829 2581 ’

1001 2608 1068 2633 catis
1081 2607 1192 2642 singulis
1202 2609 1354 2672 diget-titas
1364 2609 1496 2644 laci-ymas
1507 2610 1603 2638 damus
1627 2609 1706 2646 Greq.

1019 2646 1069 2670 aet.
1104 2661 1111 2669 .
1125 2650 1155 2670 ιιι
1181 2652 1204 2672 c.
1269 2664 1277 2672 .

1002 2649 1018 2676 p
1037 2677 1063 2704 3.
1080 2651 1170 2712 Reque
1184 2646 1322 2708 enimjuuo
1334 2678 1483 2715 eodemque
1491 2683 1614 2716 tempore
1621 2686 1700 2716 aque

1001 2712 1035 2740 de
1047 2713 1170 2741 omnibus
1184 2715 1268 2748 dolet,
1283 2714 1332 2742 sed
1345 2715 1410 2742 dum
1431 2721 1502 2743 nunc
1520 2714 1538 2742 ιι
1559 2714 1610 2749 '¹1⁸-
1623 2720 1695 2752 utine
1710 2747 1712 2750 v
1744 2715 1759 2751 ι’,

1001 2748 1086 2782 cutpae
1099 2751 1227 2776 memoria
1240 2749 1330 2778 terius
1342 2749 1471 2786 tangitur.
1485 2749 1555 2779 simu
1578 2749 1679 2784 depini
1694 2755 1710 2774 i·
1734 2751 1757 2782 ‘2ss

1002 2783 1112 2818 singulis
1131 2789 1264 2813 commota
1278 2790 1414 2820 purgatur.
1434 2783 1678 2822 Adinuuendi‘nuut
1720 2796 1764 2824 vg,

1002 2818 1152 2847 formidinis
1173 2821 1307 2855 oppressi.
1329 2819 1418 2860 ut‘dey
1436 2819 1631 2859 utiseriwpdin.
1658 2832 1660 2843 ι
1678 2832 1680 2841 ›
1701 2806 1744 2859 Ἓξ

1001 2854 1111 2886 stultiut.
1135 2858 1308 2891 prasumat,
1329 2862 1366 2898 ue
1387 2855 1416 2897 vt
1436 2852 1722 2902 tnmkioitmoeq
1738 2876 1744 2887 .
1762 2865 1775 2894 3.
