1832 3016
18 120 79 162 im

16 225 130 254 seilicet
143 224 308 259 Synagoga.
329 222 369 249 vel
389 220 592 252 baereticormn,
608 226 680 246 vera:
706 218 815 252 ilustris,

18 274 80 301 dioc
91 276 144 304 est,
161 271 297 302 Ecclesiae.
321 267 405 296 titium
427 267 591 302 appetebat,
619 273 698 301 quem
719 273 772 293 non
788 270 816 293 ut

21 323 190 351 *efferitatem
205 316 252 345 sed
267 322 370 349 revera,
387 318 416 341 ιιι
441 314 617 345 interimeret,
643 312 777 347 cupiebat.

62 363 90 390 2.
113 363 165 391 Sed
177 363 254 395 sicut,
267 361 355 396 gladio
370 359 521 387 Salomonis
533 358 686 391 dirimente,
699 358 816 392 propriae

17 409 120 437 »matris
132 408 232 444 gemitu
246 411 314 434 teste
326 413 407 433 verus
422 410 547 440 repertus
563 409 604 431 est
619 409 720 439 partus,
734 404 770 432 ita
788 409 816 431 et

17 454 123 488 ispiritu
146 452 208 481 Jesu
230 451 330 478 Christi
345 451 475 483 docente,
502 451 661 485 plerumque
683 449 710 477 hi
732 450 776 484 qui
799 458 814 477 a

16 503 112 527 matre
121 496 224 526 seducti
235 501 262 524 et
273 497 345 532 capti
355 500 418 524 sunt
429 503 521 524 errore
534 496 733 529 haet'elicoruut,
749 504 815 523 non-

16 550 159 578 ununquam
174 548 311 570 merentur
325 550 373 577 pro
386 542 538 576 semetipsis
560 547 714 576 gementem
738 549 814 569 reco-

15 594 152 622 gnoscere
168 587 320 614 Ecclesiam
332 592 455 614 matrem.
480 587 554 614 Unde
569 587 634 614 satis
649 588 814 614 convenien-

15 641 115 669 terque
129 638 239 668 apparet
254 633 322 661 hanc
334 634 474 661 mulierem
489 634 688 665 haereticorum.
706 634 746 661 vel
763 634 814 668 Sy-

15 686 132 715 nagogae
147 680 277 714 ligurasse
301 680 476 714 impietatem,
501 681 587 714 quiet
611 687 675 707 suos
690 679 814 714 nequiter

29 725 165 753 tutriendo
179 725 350 760 interimunt,
365 731 393 754 ct
407 726 511 754 alienos
528 733 665 761 quousque
681 725 811 761 perdant,

16 771 159 801 alliciendo
172 772 349 807 persuadent.

334 827 447 856 CAPUT
469 828 499 855 V.

291 883 330 912 De
344 885 431 920 regina
443 884 542 912 Austri.

58 942 85 970 t.
106 941 205 976 Regina
221 945 311 969 autem
337 941 440 974 Austri,
465 949 525 976 quae
539 942 574 969 ab
588 941 735 969 intervallis
751 942 813 968 ulti-

15 989 73 1016 mis
83 989 196 1016 excitata
211 989 323 1015 veniens
334 1009 341 1021 ,
370 988 522 1016 Salomonis
549 988 642 1015 audire
656 989 814 1022 sapientiam

16 1035 184 1069 moncupivtt,
195 1034 250 1068 jam
264 1039 324 1061 tunc
337 1042 382 1068 per
397 1035 470 1061 illam
484 1034 563 1069 541
580 1039 689 1061 ventura
705 1034 738 1061 de
752 1042 815 1069 gen-

16 1080 93 1106 nibus
118 1080 210 1113 regina
232 1079 390 1106 desiderans
405 1079 541 1106 Christum
562 1079 734 1114 figurabatur,
757 1087 815 1114 qua:

16 1125 96 1154 ..uita
110 1124 268 1158 Prophetam
278 1129 316 1151 est
325 1125 523 1151 circumamicta
534 1125 663 1151 varietate
675 1125 700 1151 in
719 1125 814 1151 vestitu

16 1169 245 1205 ‹deauratoffsah
262 1169 347 1202 thv),
360 1174 385 1197 et
395 1170 483 1204 populi
498 1170 538 1197 sui
549 1175 577 1197 et
589 1175 705 1204 paternae
720 1172 815 1198 domus

18 1215 255 1247 ·1)blita,currebat
267 1223 327 1243 cum
337 1216 449 1243 barbara
463 1221 551 1250 gente,
568 1224 621 1243 non
635 1217 743 1249 animo;
756 1224 815 1250 quae

17 1269 51 1288 nn
65 1265 158 1296 aperto
175 1262 313 1296 peregrina
329 1282 336 1295 ‚
365 1262 411 1288 sed
427 1261 453 1288 in
468 1262 574 1289 occulto
589 1267 741 1289 sanctorum
756 1262 814 1289 lieri

29 1308 89 1335 nivis
104 1309 223 1343 optabat.

57 1354 84 1380 2.
99 1354 174 1382 Unde
186 1362 239 1381 non
260 1354 346 1381 solum
372 1355 483 1389 praemio
507 1355 613 1383 coelesti
638 1357 815 1383 resurrectio-

31 1400 64 1427 tis
80 1400 167 1432 beata,
181 1400 228 1427 sed
240 1400 320 1427 ctiam
336 1404 466 1434 potestate
481 1401 628 1435 apostolica
654 1402 688 1429 de
712 1400 813 1429 Judaeis

29 1446 150 1474 ndulteris
175 1446 327 1481 judicandis
352 1447 435 1481 ipsius
447 1454 494 1475 ore
506 1447 606 1482 judicis
621 1448 699 1484 digna
715 1457 812 1477 cense-

51 1499 75 1523 ι’,
89 1492 151 1526 quia
160 1491 298 1519 Christum
312 1491 338 1519 in
353 1492 498 1520 Salomone
519 1493 625 1526 mirata,
651 1502 746 1521 verum
770 1502 812 1522 re-

41 1586 192 1614 raevidentis
203 1586 369 1621 impleverat.

330 1641 442 1670 CAPUT
465 1641 507 1669 Vl.

191 1697 230 1724 De
240 1699 337 1725 coeteris
353 1698 471 1733 operibus
487 1698 647 1727 Salomonis.

59 1753 85 1780 ἱ.
97 1752 155 1780 Jam
167 1760 247 1788 porro
261 1754 294 1782 de
315 1754 420 1782 caeteris
437 1755 564 1789 operibus
583 1755 735 1783 Salomonis
748 1756 812 1791 quid

36 1796 108 1824 'icam
118 1817 126 1829 ,
141 1805 219 1832 quem
245 1799 420 1827 veliementer
445 1801 534 1835 arguit
559 1806 651 1828 sancta
675 1801 812 1836 Scriptura

42 1847 103 1878 tque
117 1843 289 1879 condemnat,
303 1849 331 1872 et
345 1845 412 1873 nihil
423 1845 457 1873 de
469 1847 626 1881 poenitentia
649 1848 707 1881 eius
729 1848 771 1875 vel
786 1848 812 1875 in

30 1896 83 1916 tum
111 1889 274 1925 indulgentia
305 1890 352 1918 Dei
382 1892 492 1918 omnino
518 1894 731 1920 commemorat?
759 1894 813 1922 Nec

42 1942 132 1963 rorsus
147 1937 265 1963 occurrit
279 1937 341 1972 quid
356 1938 449 1964 saitem
465 1939 491 1965 in
506 1939 632 1973 allegoria
644 1940 707 1967 boni
729 1940 812 1974 signi-

37 1982 86 2009 'cet
97 1981 154 2009 haec
168 1982 225 2016 eius
240 1983 327 2011 flenda
341 1985 503 2012 submersio.
524 1986 579 2013 Nisi
591 1986 660 2014 lortc
672 1987 730 2021 quis
744 1987 814 2014 dicat

54 2028 151 2056 utieres
164 2028 337 2064 alienigenas,
349 2039 459 2065 quarum
473 2039 566 2060 amore
576 2038 723 2067 exarserat,
733 2034 815 2068 signi-

38 2074 104 2100 'care
126 2073 262 2102 Ecclesias
284 2076 382 2104 electas
397 2078 430 2104 de
445 2078 580 2112 gentibus.

59 2116 86 2144 2.
102 2118 197 2146 Posset
221 2120 272 2147 ltoc
292 2120 406 2149 sortasse
426 2130 478 2150 non
501 2124 618 2151 absurde
643 2124 766 2159 intelligi,
792 2125 815 2152 si

33 2162 78 2191 lla:
97 2171 206 2199 propter
221 2165 393 2194 Salomonem
408 2169 564 2196 desererent
587 2169 652 2197 deos
680 2177 744 2197 suos
756 2191 764 2202 ‚
789 2176 816 2197 et

41 2209 143 2238 olerent
157 2211 241 2239 Deum
256 2212 323 2247 ejus.
337 2212 403 2241 Cum
419 2223 482 2242 vero
495 2215 552 2250 ipse
572 2223 680 2251 propter
702 2218 760 2245 ilias
775 2217 815 2245 os-

69 2255 107 2283 dit
117 2256 200 2285 Deum
214 2266 303 2293 suum,
318 2265 346 2287 et
358 2261 443 2288 coluit
463 2262 530 2290 deos
554 2270 647 2291 earum
661 2283 668 2296 ,
700 2271 752 2291 non
771 2268 813 2291 est

45 2301 88 2328 uid
107 2302 168 2330 inde
180 2303 242 2331 boni
254 2305 398 2341 conjectari
416 2309 509 2341 possit.

60 2346 88 2375 5.
103 2343 158 2375 Nec
173 2353 262 2383 tamen
275 2351 340 2379 ttiltil
351 2353 470 2380 arbitror
485 2354 639 2389 significare
653 2374 660 2387 ,
690 2354 738 2382 scd
756 2361 812 2382 ma·

39 2400 82 2419 um
95 2412 103 2426 ,
116 2393 186 2422 sicut
199 2396 234 2423 de
247 2404 330 2425 uxore
341 2398 500 2434 filiabusque
518 2400 568 2428 Lot
582 2400 710 2428 diximus.
727 2402 813 2436 Appa-

30 2441 71 2465 ··et
89 2438 160 2466 enim
181 2439 206 2466 in
228 2448 339 2475 persona
358 2443 436 2479 liujus
450 2446 604 2474 Salomonis
626 2447 695 2473 mira
721 2447 812 2474 excel-

55 2483 120 2518 ntia,
132 2489 160 2512 et
171 2485 239 2513 mira
250 2487 409 2518 submersio.
422 2491 497 2524 Quod
511 2491 592 2526 igitur
604 2491 632 2519 in
647 2491 693 2520 illo
703 2492 815 2521 diversis

63 2583 130 2613 Cn.
143 2591 180 2612 vt.
193 2584 226 2612 N.
239 2585 264 2612 t.
277 2585 340 2614 Jom
349 2595 436 2621 porro.
442 2589 539 2618 Totum
549 2595 630 2626 caput
640 2599 674 2620 ex
685 2591 812 2628 August..

32 2627 84 2650 uu
97 2624 182 2647 contr.
199 2619 303 2652 Faust..
314 2628 372 2656 cap.
384 2622 533 2653 88.Grtm..

65 2653 131 2683 Cu».
146 2662 193 2683 vn.
205 2654 238 2683 N.
251 2655 278 2684 l.
293 2654 336 2684 Ex
347 2657 472 2694 August..
486 2667 524 2691 ιιι
533 2665 620 2691 contr.
633 2661 737 2697 Fame,
751 2669 811 2698 cap.

51 2697 126 2719 mn.
141 2689 238 2719 Gnm..

417 115 642 151 QuAEsrtomts
661 114 695 143 ΙΝ
715 114 794 142 VET.
815 114 965 143 TESTAM.
985 129 1020 135 —
1039 114 1074 143 ΙΝ
1090 114 1211 144 REGUM
1233 116 1278 144 ill.

17 176 128 206 mhi-isti
153 176 234 211 ligura
251 176 314 209 i'uit.
328 175 372 203 ubi
396 173 494 201 mulier
513 173 558 200 illa
582 173 721 207 improba,
741 172 816 206 plebs
830 175 856 204 Α
869 173 1036 207 temporibus
1049 174 1152 201 exstitit
1169 173 1242 208 prius
1264 174 1378 210 bonum,
1400 180 1428 204 et
1449 175 1584 211 posterius
1605 184 1657 203 rna-

29 1540 90 1571 tinae
103 1540 219 1568 coeiestis
230 1540 354 1568 affectum
367 1541 392 1568 in
405 1542 520 1576 imagine
538 1542 650 1577 mystica
664 1542 811 1570 Ecclesiam
828 1552 850 1583 C

1606 119 1660 149 tts

867 218 935 251 lum,
947 217 998 245 boc
1014 219 1040 246 in
1061 218 1180 246 Ecclesia
1200 220 1227 246 in
1250 220 1303 247 isto
1316 221 1416 249 saeculo
1431 221 1518 250 adhue
1531 221 1610 249 simul
1634 225 1661 249 et

867 272 921 293 uno
937 270 1059 300 tempore
1071 266 1234 294 ostenditur.

902 311 930 338 ⁴.
945 311 1011 338 Nam
1028 311 1100 339 bono
1115 311 1186 339 illius
1200 313 1285 341 bonos
1301 313 1442 346 Ecclesiae,
1469 314 1542 341 malo
1569 319 1660 342 autem

866 357 936 385 illius
951 359 1037 386 malos
1053 359 1185 386 Ecclesiae
1199 360 1364 394 significatos
1386 364 1451 394 puto
1467 369 1475 388 :
1491 364 1619 396 tanquam
1635 361 1662 388 in

866 404 968 431 unitate
982 404 1055 431 illius
1070 412 1150 439 arere,
1165 405 1204 432 sic
1218 406 1245 432 in
1261 414 1314 433 uno
1327 406 1374 433 illo
1393 406 1512 437 homine,
1536 407 1621 435 bonos
1635 409 1662 436 in

866 449 966 485 granis,
983 449 1068 477 malos
1085 450 1112 477 in
1131 450 1215 484 paleis
1227 471 1235 484 ,
1254 455 1300 478 aut
1315 456 1389 479 certe
1412 453 1438 479 in
1463 452 1565 482 unitate
1583 453 1662 482 unius

865 496 974 532 segetis,
990 495 1077 524 bonos
1092 497 1118 524 in
1136 497 1238 530 tritico,
1255 497 1340 524 malos
1353 498 1380 525 in
1395 498 1517 526 zizaniis.

1117 564 1197 600 542
1218 564 1332 593 CAPUT
1353 565 1409 594 vn.

1062 619 1101 647 De
1111 620 1237 647 divisione
1248 621 1334 648 decem
1350 622 1472 650 tribuum.

902 665 929 692 l.
941 664 1007 692 illud
1021 673 1098 699 vero,
1113 666 1185 701 quod
1201 672 1261 700 post
1276 672 1390 695 mortem
1402 668 1556 696 Salomonis
1566 668 1661 698 decem

868 711 954 738 tribus
971 719 985 737 a
1002 711 1102 746 templo
1117 717 1248 746 separata:
1263 717 1336 746 sunt,
1353 718 1379 740 et
1392 713 1452 740 duae
1468 714 1582 749 relictae,
1593 715 1660 744 satis

866 756 967 784 indicat
979 756 1050 791 quod
1065 757 1099 784 de
1115 762 1169 784 tota
1191 757 1235 785 illa
1259 762 1341 793 gente
1362 760 1507 793 Apostolus
1523 761 1578 788 ait:
1593 760 1663 789 Reti-

865 811 923 837 quae
937 811 982 838 per
997 803 1144 830 electionem
1159 805 1250 839 qratioe
1262 805 1342 832 satvoe
1357 806 1434 841 [αι-[ω
1446 811 1517 833 sunt.

1164 870 1279 899 CAPUT
1300 871 1366 899 Vlll.

1081 916 1119 944 De
1132 916 1192 943 Elia
1207 923 1230 944 ει
1248 918 1384 945 uirtutibus
1396 919 1462 954 ejus.

903 974 929 1000 l.
945 973 1015 1007 Quid
1030 978 1119 1000 autem
1137 974 1354 1008 significaverunt
1378 976 1468 1012 magni
1493 976 1531 1004 illi
1551 984 1582 1004 ac
1598 977 1663 1005 insi·

866 1027 931 1053 gnes
948 1018 1096 1053 prophetae,
1116 1020 1161 1053 qui
1175 1020 1254 1047 etiam
1276 1021 1410 1057 mirabilia
1429 1023 1513 1049 multa
1529 1023 1660 1058 l'ecerunt,

866 1064 949 1097 Elias,
965 1069 991 1091 et
1007 1064 1112 1091 Eliseus
1122 1064 1269 1099 discipulus
1283 1066 1340 1100 ejus
1348 1066 1493 1095 Y‘Pascitur
1503 1069 1574 1096 enim
1590 1069 1662 1096 Elias

867 1115 987 1144 tempore
1003 1110 1081 1137 samis
1100 1118 1114 1136 ει
1139 1112 1229 1138 corvis
1249 1120 1328 1140 mane
1347 1113 1523 1141 afferentibus
1548 1123 1662 1149 panem,

866 1162 894 1184 et
908 1157 940 1184 ad
958 1165 1100 1192 vesperum
1118 1166 1226 1192 carnes,
1243 1164 1272 1186 ut
1291 1160 1422 1195 intelligas
1439 1161 1493 1188 illic
1512 1160 1660 1189 Christum.

901 1202 928 1229 2.
955 1203 1002 1230 Cui
1023 1204 1222 1238 quodammodo
1249 1206 1363 1233 salutem
1389 1211 1508 1234 nostram
1532 1207 1663 1235 esurienti

866 1248 1030 1276 confitentur
1042 1255 1206 1284 peccatores,
1222 1250 1301 1278 tidem
1324 1251 1454 1284 primitias
1468 1251 1579 1284 spiritus
1591 1259 1662 1279 nunc

866 1293 1016 1326 habentes;
1037 1295 1063 1321 in
1079 1295 1131 1322 fine
1155 1299 1243 1322 autem
1267 1295 1340 1322 velut
1357 1296 1390 1321 ad
1410 1302 1550 1329 vesperam
1565 1297 1658 1324 saeculi

865 1339 954 1366 carnis
969 1340 1205 1367 resurrectionem.
1222 1339 1334 1366 Mittitur
1357 1339 1430 1367 Elias
1450 1341 1600 1374 pascendus
1624 1342 1658 1369 ad

865 1385 1043 1420 alienigenam
1061 1386 1179 1419 viduam,
1193 1394 1251 1419 quae
1262 1386 1371 1413 volebat
1385 1386 1438 1414 duo
1452 1386 1523 1422 ligna
1535 1387 1662 1421 colligere

865 1433 1020 1467 priusquam
1036 1436 1198 1460 moreretur.
1213 1431 1271 1459 Non
1295 1432 1338 1460 hic
1362 1433 1420 1460 solo
1443 1432 1506 1468 ligni
1530 1434 1638 1461 nomine
1653 1454 1661 1467 ‚

865 1478 912 1505 sed
928 1479 1009 1505 etiam
1035 1486 1148 1506 numero
1172 1478 1307 1513 lignorum
1331 1479 1438 1514 signum
1462 1479 1551 1507 erucis
1571 1479 1662 1514 expri-

866 1525 956 1551 mitur.

903 1571 930 1598 5.
944 1571 1117 1598 Benedicitur
1132 1571 1219 1598 farina
1235 1571 1294 1606 ejus
1318 1577 1346 1599 et
1370 1572 1458 1599 oleum
1471 1593 1479 1606 ‚
1510 1573 1612 1600 fructus
1635 1577 1663 1600 et

864 1617 986 1645 hilaritas
997 1617 1135 1645 charitatis
1148 1639 1157 1651 ,
1177 1626 1237 1652 quae
1250 1625 1313 1645 cum
1324 1618 1500 1653 impenditur,
1517 1627 1569 1646 non
1585 1619 1662 1647 dese-

865 1664 933 1692 cisse
956 1664 1053 1691 dicitur
1083 1673 1089 1690 ε
1117 1663 1236 1690 Hilarem
1261 1665 1329 1691 enim
1354 1664 1471 1692 datorem
1491 1665 1578 1701 diliyit
1593 1665 1663 1693 Deus

865 1709 907 1745 (11
923 1709 983 1737 Cor.
1001 1709 1053 1744 tx).
1067 1709 1153 1736 Vidua
1168 1715 1256 1738 autem
1279 1710 1330 1737 ista
1341 1730 1348 1742 ‚
1366 1715 1394 1737 ut
1409 1711 1506 1744 opinor
1518 1732 1526 1745 ,
1542 1711 1662 1739 Ecclesia

864 1755 1031 1790 significatur
1043 1774 1051 1787 ,
1066 1763 1145 1790 quam
1159 1754 1282 1782 Christus
1298 1763 1352 1782 non
1369 1755 1513 1788 frumenti,
1525 1757 1572 1784 sed
1587 1757 1662 1785 verbi

866 1808 934 1836 pane
954 1801 1090 1835 pascebat.
1120 1801 1158 1828 De
1184 1809 1235 1835 qua
1263 1801 1326 1828 dicit
1355 1802 1436 1829 David
1454 1811 1461 1828 t
1480 1802 1592 1829 Viduam
1605 1805 1662 1839 ejm

866 1846 1013 1873 benedicens
1028 1846 1176 1873 benedicam
1190 1845 1278 1880 (psat.
1295 1846 1397 1881 cxxxi).
1414 1847 1490 1875 illam
1502 1848 1607 1876 scilicet
1618 1849 1661 1876 vi·

865 1894 946 1921 duam
963 1901 1043 1927 «inam
1059 1893 1205 1927 Apostolus
1215 1893 1264 1926 ait,
1280 1899 1387 1922 mortuo
1400 1895 1468 1928 viro,
1487 1895 1584 1929 quibus
1597 1895 1661 1923 velit

866 1939 967 1972 nuptiis
983 1938 1094 1966 liberant
1106 1938 1334 1974 essefflomwtt),
1347 1940 1421 1974 quia.
1437 1940 1577 1968 desinente
1591 1940 1660 1975 tege,

866 1985 907 2010 cui
925 1983 985 2010 sinis
1005 1987 1047 2010 est
1061 1982 1183 2010 Christus
1195 2005 1202 2017 ‚
1226 1983 1258 2010 ad
1281 1984 1374 2018 gratia:
1392 1984 1542 2012 libertatem
1563 1985 1661 2013 transi-

867 2034 922 2057 tum
937 2030 1038 2057 saciens
1052 2030 1183 2063 Ecclesia,
1199 2030 1317 2065 Christo,
1334 2031 1410 2066 quasi
1426 2030 1506 2058 vidua
1521 2031 1598 2066 legis,
1610 2039 1660 2059 nu-

868 2077 930 2110 psit.
944 2075 1101 2110 llujusnunc
1116 2075 1229 2103 invasis
1241 2076 1330 2103 oleum
1345 2077 1438 2112 gratioe
1451 2081 1478 2104 et
1495 2077 1662 2104 benedictio-

868 2122 910 2149 nis
935 2122 1019 2148 sarina
1042 2129 1095 2149 non
1123 2121 1229 2155 delicit,
1253 2122 1280 2149 in
1304 2123 1427 2150 omnibus
1452 2123 1518 2150 ioris
1535 2122 1659 2157 gentibus

868 2167 944 2194 latitat
970 2172 1106 2195 manente.

904 2213 984 2249 543
999 2213 1025 2240 4.
1042 2214 1160 2247 Quarum
1172 2213 1224 2241 cibi
1240 2213 1302 2241 vitae
1316 2214 1433 2242 esuriem
1456 2219 1484 2242 et
1495 2214 1558 2242 lidei
1571 2214 1661 2242 Trini-

829 2249 854 2279 D
867 2261 928 2287 tatis
940 2260 1054 2287 inediam
1069 2267 1187 2295 congrue
1197 2260 1377 2295 praefiguravit
1391 2260 1437 2287 illa
1449 2260 1565 2295 quodam
1580 2260 1659 2287 trien-

866 2305 911 2332 nio
925 2306 1018 2333 tames.
1033 2305 1108 2339 Quod
1120 2313 1184 2333 vero
1196 2313 1243 2340 per
1256 2306 1339 2333 Etiam
1355 2305 1381 2332 in
1398 2310 1520 2340 tempore
1531 2305 1661 2332 siccitatis

866 2353 953 2380 nubes
965 2352 1010 2380 iila
1025 2352 1159 2387 apparuit,
1182 2357 1209 2379 et
1223 2356 1315 2387 postea
1328 2350 1426 2379 suturae
1447 2352 1543 2386 pluvioe
1555 2351 1662 2385 signum

867 2399 894 2426 in
910 2399 1023 2434 vestigio
1039 2398 1155 2426 ltontinis
1174 2403 1310 2426 ostensum
1326 2403 1378 2432 est,
1395 2398 1563 2432 significabat
1577 2397 1661 2432 quod,

867 2450 994 2473 nascente
1007 2444 1114 2472 Christo
1125 2444 1152 2471 in
1167 2444 1280 2479 vestigio
1290 2444 1416 2476 bominis,
1428 2443 1461 2470 sd
1477 2447 1562 2471 terras
1577 2443 1663 2471 imber

868 2493 903 2521 de
913 2493 984 2520 coelo
997 2490 1185 2524 descenderet,
1196 2491 1242 2525 qui
1258 2498 1308 2518 nos
1323 2499 1338 2518 a
1354 2494 1463 2526 peccato
1474 2489 1626 2518 mundaret.

904 2591 970 2632 Car.
990 2598 1050 2618 vni.
1068 2589 1101 2618 N.
1116 2589 1144 2617 ὅ.
1161 2589 1223 2617 Non
1251 2589 1373 2624 defecisse
1396 2589 1502 2622 dicitur,
1529 2589 1584 2624 Al..
1612 2598 1663 2619 tion

868 2626 1086 2695 deqfudffizta'a
1098 2665 1201 2696 peccato
1215 2659 1360 2688 mundaret.
1375 2660 1431 2695 At„
1450 2660 1496 2696 qui
1511 2659 1562 2696 fide
1574 2660 1675 2690 sitim*

871 2703 908 2726 tes
921 2698 1020 2724 animas
1034 2697 1162 2731 irrigaret.
1187 2696 1273 2724 Ansv.
