1832 3016
58 134 110 166 873

58 200 125 227 sunt,
137 199 162 221 ut
174 203 203 221 ea
215 202 271 229 qttoe
286 199 344 222 sunt
359 194 440 230 530
454 196 598 225 evacuaret,
609 196 638 219 tat
659 200 709 219 mm
724 192 850 228 qlorietttr
866 195 887 222 Λ

57 243 138 269 atmiis
158 250 216 268 caro
240 241 386 269 committo
405 239 440 275 (Ι
463 240 556 272 Com,
578 239 636 274 27).
656 239 706 273 Qui
727 247 760 267 ex
785 248 851 273 pau-

58 292 161 322 pertate
180 287 212 315 ad
229 286 418 315 monasterium
436 286 560 318 vcniant,
577 293 630 313 non
645 286 810 313 extollantur
825 286 851 314 in

57 335 220 368 superbiam,
243 333 304 368 quia
320 340 349 360 se
362 332 396 359 ibi
413 332 529 367 aequales
547 332 681 366 aspiciunt
694 333 726 360 iis
741 333 789 368 qui
801 333 852 361 ali—

57 380 120 415 quid
136 380 162 407 in
177 379 275 408 saecuto
287 378 466 410 videbantnr;
493 385 580 413 neque
599 378 670 406 enim
686 379 794 414 dignum
811 384 852 406 est

57 431 86 453 ut
99 426 144 454 ubi
155 426 252 453 divites
267 425 426 452 celsitudine
441 424 561 459 deposita
577 425 699 452 saeculari
716 426 748 452 ad
765 426 851 452 hunti-

56 471 157 498 litatom
178 470 364 502 descendunt,
393 470 427 497 ibi
451 477 583 504 pauperes
607 470 725 498 elatione
754 471 851 498 mentis

55 516 162 551 superbi
186 515 351 548 eliiciantur;
368 516 412 550 qui
441 521 546 550 oportet
563 520 600 549 ut,
628 516 750 550 deposita
776 523 851 543 arro-

54 563 151 598 gantia,
169 562 303 590 humiliter
314 562 427 596 sapiant,
443 569 552 597 suaeque
569 565 735 597 paupertatis
749 567 777 590 et
793 564 850 591 ino-

55 607 104 643 piae
119 616 252 636 memores
268 616 376 643 semper
387 609 512 636 existant.

363 654 477 682 CAPUT
504 655 534 681 V.

271 699 311 727 De
332 708 406 735 opere
428 701 612 727 monachorum

88 746 115 774 ¹.
132 745 277 773 Monachus
296 754 403 780 semper
426 751 552 781 operetur
576 746 701 775 manibus
724 747 780 775 suis
802 749 849 783 ita,

54 797 82 820 ut
105 792 269 827 quibuslibet
285 793 366 820 variis
389 793 514 827 opificum
543 794 645 820 artibus
660 794 850 829 laboribusque

54 839 168 867 studium
197 847 273 867 suum
299 839 438 873 impendat
451 861 458 873 ,
484 848 602 875 sequens
617 842 787 876 Apostolum,
806 842 850 877 qui

665 133 804 162 REGULA
824 130 1076 164 nomenoium.

1645 135 1699 166 87⁴

902 193 1005 221 viribus
1021 193 1143 228 corporis
1158 196 1185 221 et
1209 193 1363 230 integritate
1378 193 1473 222 salutis
1496 194 1661 228 consistunt,
1676 196 1699 223 si

904 240 930 265 iu
946 246 1029 273 opere
1056 239 1136 267 otiosi
1150 244 1223 271 sunt,
1237 239 1380 274 dupliciter
1402 247 1513 275 peccare
1538 245 1696 271 noscuntur,

903 286 961 320 quia
978 293 1031 314 non
1043 287 1128 314 solum
1143 294 1197 314 non
1209 286 1341 320 laborant,
1355 287 1402 314 sed
1415 287 1495 314 etiam
1509 287 1577 314 alios
1593 286 1697 321 vitiant,

902 334 930 358 et
944 331 978 358 ad
1004 331 1180 359 imitationem
1206 338 1282 359 suam
1312 332 1435 358 invitant.
1468 332 1610 366 Propterea
1626 332 1698 359 enirn

902 376 1016 411 quisque
1030 377 1209 410 convertitur,
1225 382 1254 404 ut
1268 377 1323 404 Deo
1347 378 1468 405 serviens
1483 378 1583 405 laboris
1603 378 1699 406 habeat

902 428 994 448 curant
1005 442 1014 454 ,
1042 430 1093 449 non
1123 427 1162 454 ut,
1192 422 1248 450 otio
1274 423 1380 451 deditus
1391 442 1399 456 ,
1425 423 1520 450 inertia
1541 423 1700 459 pigritiaque

902 471 1038 501 pascatur.

938 511 964 539 t.
980 512 1030 545 Qui
1043 512 1064 539 si
1081 513 1173 539 volunt
1188 512 1296 540 lectioni
1312 520 1417 546 vacare,
1431 518 1458 540 ut
1473 521 1526 541 non
1542 519 1698 549 operentur,

902 560 952 595 ipsi
974 561 1082 588 lectioni
1104 566 1277 589 contumaces
1298 561 1429 594 existunt,
1445 562 1507 596 quia
1531 569 1584 589 non
1601 561 1701 589 faciunt

902 607 1025 642 quodibi
1050 608 1157 642 legunt3
1174 609 1209 635 ibi
1232 609 1303 635 enim
1319 608 1446 643 scriptum
1468 613 1510 636 est
1533 616 1540 635 ε
1558 608 1700 642 Operantes
1725 599 1728 602 ¹

904 661 977 680 suum
990 662 1081 686 partem
1095 654 1249 681 manducent
1256 657 1306 685 ;et
1330 654 1425 682 iterum
1441 663 1447 681 :
1464 653 1520 689 Ipsi
1542 654 1610 681 enim
1631 655 1701 682 scitia

902 700 1029 734 quomodo
1038 705 1136 734 oportet
1150 701 1246 727 imitari
1258 709 1314 734 nos,
1336 701 1397 735 quia
1411 708 1462 727 nort
1477 701 1584 735 inquieti
1605 701 1701 736 suimus

902 746 969 773 inter
981 755 1035 781 vos,
1047 755 1127 782 neque
1139 755 1231 782 panem
1237 748 1317 782 gyratis
1327 747 1359 774 ab
1371 746 1459 778 aliquo
1475 747 1701 780 manducavimus,

902 795 946 820 sed
959 794 985 820 in
999 794 1086 821 labore
1099 798 1122 820 et
1134 794 1284 829 fatigatione
1299 793 1340 820 die
1363 802 1393 820 ac
1414 798 1486 820 nocte
1500 797 1644 828 operantes,
1670 802 1702 821 ne

902 848 975 875 quem
990 844 1099 867 vestrum
1114 849 1277 875 gravaremus
1294 839 1342 875 (11
1357 840 1445 866 Thess.
1461 840 1518 874 ιιι).
1532 839 1582 872 Qui
1598 847 1645 874 pet·
1659 840 1701 866 in-

54 885 116 913 dicit
131 894 138 912 :
158 885 249 919 Neque
264 894 354 920 panem
374 887 452 921 qratia
468 887 692 921 manducavimus,
705 889 749 915 sed
771 889 799 915 ιἰι
814 889 852 916 la-
867 883 890 912 Β
906 889 1057 916 firmitatem
1078 889 1200 924 corporis
1216 889 1323 923 operari
1338 896 1391 915 non
1410 891 1538 923 possunt,
1556 886 1699 914 humanius

53 931 111 959 bore
126 938 150 959 et
173 933 323 968 fatigatione
337 939 410 960 nocte
423 938 446 960 et
462 934 503 960 die
517 940 670 968 operantes,·
692 942 719 963 et
732 936 828 964 iterum
845 947 850 964 :

53 978 104 1010 Qui
118 987 168 1005 non
184 979 236 1006 vult
251 980 384 1012 laborare,
401 989 452 1007 non
467 982 602 1008 manducet
625 977 772 1018 (11'theu.
798 987 851 1021 ιιι).

53 1025 103 1053 Per
118 1026 200 1053 otium
218 1027 289 1053 enim
314 1027 439 1054 libidines
454 1032 482 1054 et
506 1029 646 1056 noxiarum
661 1030 851 1064 cogitationum

53 1072 216 1097 nutrimenta
231 1075 420 1104 concrescunt,
437 1080 484 1106 per
497 1073 598 1100 laboris
614 1082 676 1101 vero
691 1077 850 1103 exercitium

54 1116 116 1143 vitia
135 1117 308 1144 nibilominus
323 1119 465 1145 elabuntur

88 1163 115 1190 ⁹2.
128 1164 298 1198 Nequaquam
327 1164 408 1191 debet
431 1164 578 1192 monachus
593 1165 734 1202 dedignari
750 1169 852 1196 versari

53 1207 79 1235 in
97 1215 178 1242 opere
194 1210 283 1243 aliquo
307 1209 464 1236 monasterii
481 1210 570 1238 usibus
591 1214 756 1240 necessario.
784 1214 851 1242 Nam

53 1256 211 1289 patriarchae
225 1264 320 1291 greges
348 1263 489 1291 paverunt,
518 1263 545 1286 et
566 1261 680 1294 gentiles
696 1262 852 1297 philosophi

52 1306 157 1329 sutores
172 1308 199 1329 et
223 1308 341 1330 sartores
365 1303 490 1336 fuerunt,
508 1309 535 1331 et
553 1304 652 1339 Joseplt
679 1306 777 1341 justus,
808 1308 851 1336 cui

53 1347 129 1381 virgo
145 1348 226 1376 Maria
242 1349 403 1383 desponsata
423 1351 536 1383 exstitit,
555 1351 630 1379 taber
646 1352 776 1382 serrarius
791 1357 848 1383 [uit.

52 1395 130 1430 531
159 1396 186 1423 Si
214 1396 322 1429 quidem
344 1402 371 1424 et
391 1397 484 1424 Petrus
513 1399 639 1432 princeps
664 1403 849 1435 apostulorum

52 1442 192 1476 piscatoris
205 1443 322 1470 officiunt
336 1444 429 1478 gessit.
446 1449 474 1471 et
497 1451 591 1472 omnes
607 1447 723 1480 apostoli
750 1455 849 1484 corpo-

51 1488 105 1515 rale
119 1495 186 1522 opus
205 1488 349 1521 faciebant,
374 1489 445 1517 unde
461 1490 543 1518 vitam
564 1493 684 1526 corporis
713 1500 848 1523 sustenta-

51 1532 123 1560 bant.

86 1577 112 1606 3.
128 1578 156 1605 Si
183 1579 263 1614 igitur
278 1584 360 1607 tantae
374 1581 543 1610 auctoritatis
568 1582 693 1612 homines
709 1584 847 1614 laboribus
860 1575 884 1607 c

50 1627 77 1650 et
102 1624 229 1657 operibus
256 1625 337 1652 etiam
357 1627 501 1654 rusticanis
529 1627 723 1663 inservierunt,
745 1638 848 1666 quanto

51 1669 136 1704 magis
153 1670 287 1704 monachi,
312 1679 380 1707 quos
405 1678 511 1707 oportet
535 1682 588 1701 non
605 1676 691 1703 solunt
717 1678 778 1704 vitae
792 1685 847 1706 suae

51 1719 202 1746 necessaria
231 1721 346 1755 propriis
369 1722 491 1750 manibus
516 1723 645 1751 exhibere
659 1745 666 1756 ,
696 1724 744 1751 sed
764 1726 846 1754 etiam

51 1764 224 1800 indigentiam
248 1766 362 1795 aliorum
390 1768 525 1797 laboribus
552 1769 608 1797 suis
635 1769 766 1798 reliceret
796 1773 847 1806 Qui

89 1843 159 1873 Ibid.
177 1845 232 1872 Huc
247 1845 342 1873 referri
364 1852 452 1882 potest
475 1849 544 1881 quod
561 1856 593 1876 ex
614 1849 762 1885 Smaragdo
775 1851 846 1879 Con-

51 1882 183 1907 stantinus
211 1881 371 1914 Cajetantts,
400 1890 458 1918 pag.
486 1884 531 1917 71,
549 1885 715 1918 descripsit:
741 1896 751 1912 ι
781 1887 847 1915 Hinc

50 1914 166 1944 Isidorus
178 1917 230 1943 ait:
245 1917 401 1952 Quicunque
417 1924 506 1945 autem
523 1921 715 1948 monasterium
740 1923 844 1956 primus

51 1950 208 1984 ingreditur,
227 1953 327 1986 primus
349 1953 436 1986 sedet,
458 1954 559 1988 primus
575 1955 714 1989 ambulat,
743 1959 844 1992 primus

52 1988 182 2026 psalmum
199 1988 273 2021 dicit,
287 1989 388 2022 primus
404 1989 430 2016 itt
451 1997 569 2017 mensam
590 1991 710 2018 extendit
725 2000 843 2026 manum,

52 2029 78 2048 tn
95 2022 206 2049 ecelesia
236 2024 307 2055 prior
335 2025 528 2057 communicat;
556 2033 604 2053 nee
625 2032 689 2053 aetas
713 2028 782 2055 inter
798 2036 844 2056 cos

51 2057 190 2090 qua-titur,
200 2057 246 2084 sed
259 2058 402 2092 protessio.
417 2060 492 2093 Quod
501 2061 575 2094 dicit,
587 2061 696 2088 Samuel
713 2067 738 2089 et
754 2064 844 2092 Daniel

51 2092 125 2126 pueri
143 2093 312 2126 presbyteros
323 2093 522 2127 judicaverunt,
533 2096 567 2123 de
581 2097 636 2124 tteti
650 2102 677 2123 et
690 2097 724 2125 de
735 2098 787 2125 illis
801 2101 845 2133 qui

53 2127 205 2154 Susannam
220 2129 371 2163 opprimere
387 2130 530 2158 voluerunt
552 2132 718 2166 intelligitur.
736 2133 845 2162 Samuel

53 2163 224 2198 presbyteros
251 2164 388 2198 judicavit,
417 2165 524 2200 quando
552 2167 620 2194 tilios
650 2167 707 2194 Heli
735 2175 845 2202 peccare

906 934 1118 970 clementiusque
1132 935 1263 962 tractandi
1278 940 1351 962 sunt.
1367 934 1419 968 Qui
1437 941 1502 962 vero
1519 933 1577 960 sani
1597 937 1661 961 sunt
1673 937 1702 960 et

907 981 1011 1013 l'allunt,
1040 982 1131 1016 procul
1151 982 1232 1008 dubio
1260 981 1369 1009 dolendi
1395 986 1475 1016 atque
1502 980 1611 1015 lugendi
1627 984 1699 1012 sunt,

905 1031 966 1062 quia
981 1036 1033 1054 non
1049 1035 1174 1061 corpore,
1191 1028 1250 1060 sed,
1265 1028 1334 1063 quod
1351 1027 1426 1062 pejus
1440 1032 1492 1062 est,
1506 1033 1595 1054 mente
1607 1027 1701 1062 aegroti

905 1079 985 1104 sunu
1001 1074 1045 1109 qui
1058 1074 1108 1101 etsi
1123 1074 1248 1101 humanis
1264 1075 1348 1100 oculis
1362 1074 1483 1100 convinci
1501 1081 1553 1100 non
1576 1076 1699 1107 possunt,

906 1121 989 1148 Deum
1006 1126 1094 1148 tamen
1110 1121 1192 1148 latere
1205 1129 1257 1147 non
1271 1125 1395 1155 possunt.
1410 1120 1489 1147 Tales
1505 1120 1586 1154 igitur
1602 1124 1648 1147 aut
1663 1120 1701 1147 fe-

904 1167 981 1194 rendi
1003 1171 1075 1199 sunt,
1093 1167 1115 1195 si
1131 1167 1260 1202 aegritudo
1281 1167 1360 1199 latet·,
1387 1171 1433 1193 aut
1457 1166 1653 1201 distringendi,
1677 1166 1701 1193 si

904 1214 1004 1240 sanitas
1021 1217 1118 1248 pateat.

940 1260 967 1286 5.
989 1260 1110 1287 Monaclti
1136 1264 1278 1294 operantes
1303 1258 1425 1286 meditari
1447 1262 1493 1285 aut
1512 1257 1626 1292 psallere
1652 1257 1700 1285 de·

903 1307 978 1340 bem,
1007 1310 1035 1333 ut
1058 1306 1184 1334 carminis
1197 1305 1324 1340 verbique
1342 1305 1386 1332 Dei
1409 1304 1589 1332 delectatione
1603 1311 1700 1331 conso-

903 1353 992 1380 lentur
1012 1354 1097 1387 ipsum
1122 1353 1253 1379 laborem.
1276 1352 1303 1379 Si
1331 1352 1402 1378 enim
1418 1352 1562 1378 saeculares
1588 1351 1699 1384 opifices

902 1401 973 1427 inter
987 1400 1060 1434 ipsos
1075 1399 1180 1426 labores
1190 1398 1320 1425 amatoria
1335 1398 1423 1431 turpia
1434 1402 1543 1424 cantare
1557 1397 1637 1433 532
1646 1403 1699 1423 non

902 1446 1037 1480 desinunt,
1047 1450 1128 1480 atque
1139 1445 1175 1472 ita
1182 1452 1228 1471 ora
1238 1444 1322 1471 suain
1331 1443 1454 1471 cantibus
1461 1448 1488 1471 et
1499 1443 1597 1470 l'abults
1608 1443 1699 1478 impli-

901 1496 972 1524 cant,
1000 1496 1029 1518 ιιι
1043 1491 1077 1518 ab
1091 1498 1173 1524 opere
1201 1497 1296 1517 manus
1313 1497 1364 1516 non
1392 1489 1572 1522 subtrahant,
1597 1494 1699 1523 quanto

901 1539 985 1572 magis
995 1537 1064 1564 servi
1080 1535 1191 1568 Christi.
1208 1536 1253 1570 qni
1275 1537 1314 1562 sie
1329 1536 1453 1563 manibus
1464 1535 1572 1569 operari
1586 1534 1697 1566 debent,

902 1588 929 1610 ut
956 1591 1063 1618 semper
1092 1582 1195 1609 laudem
1221 1581 1270 1608 Dei
1295 1582 1321 1608 in
1336 1589 1384 1608 ore
1411 1581 1537 1613 habeant,
1558 1585 1585 1608 et
1601 1581 1699 1616 linguis

901 1630 958 1664 ejus
973 1629 1082 1663 psalmis
1103 1634 1129 1655 et
1145 1628 1252 1662 hymnis
1269 1628 1429 1654 inserviant!
1445 1627 1633 1655 Laborandum
1658 1633 1699 1655 est

900 1675 970 1703 enim
987 1682 1100 1710 corpore
1116 1674 1198 1700 antini
1213 1673 1265 1700 fixa
1281 1673 1308 1700 in
1324 1673 1408 1700 Deum
1424 1673 1591 1706 intentione;
1607 1673 1698 1708 sicque

901 1730 994 1750 manus
1015 1723 1041 1750 in
1061 1729 1143 1756 opere
1164 1720 1325 1756 implicanda
1349 1725 1389 1748 est
1414 1725 1444 1748 ut
1458 1728 1533 1748 mens
1547 1728 1600 1748 non
1619 1728 1698 1748 aver-

901 1776 971 1798 tatur
984 1778 998 1797 a
1011 1770 1075 1797 Deo.

902 1851 1020 1879 isidorus
1032 1849 1126 1884 legerit
1141 1847 1287 1881 Josephum
1304 1847 1406 1875 l'abrum
1435 1848 1575 1876 ferrarium
1601 1848 1695 1882 fuisse,

901 1895 962 1914 nam
983 1895 1042 1914 cunt
1067 1884 1178 1911 dolabra
1194 1883 1354 1917 depingitur.
1375 1883 1471 1911 Verum
1486 1884 1567 1911 etiam
1588 1891 1696 1912 sanctus

902 1923 1059 1949 Ambrosius
1075 1925 1101 1947 et
1113 1919 1278 1954 Theophilus
1292 1918 1475 1946 Antiocltenus
1488 1919 1559 1947 tottts
1580 1926 1606 1946 et
1627 1921 1695 1955 ignis

900 1959 925 1984 in
946 1957 1052 1984 ol'lieina
1069 1955 1155 1983 sancti
1170 1954 1280 1987 Jusepbi
1295 1956 1485 1982 meminerunt.
1503 1954 1631 1982 Nonnulli
1647 1963 1691 1982 au-

899 1993 999 2020 rificem
1013 1992 1097 2019 fuisse
1111 1994 1203 2022 putant
1216 1995 1337 2016 sanctum
1351 1991 1508 2024 Josepltttm,
1529 1991 1572 2018 alii
1587 1991 1694 2019 labrum

899 2029 1069 2062 lapidariutn.
1088 2026 1153 2052 Vide
1167 2025 1330 2057 Cat-netum,
1346 2026 1372 2052 in
1389 2026 1518 2058 Dictton.‚
1531 2033 1563 2052 ac
1581 2034 1696 2059 praeser-

900 2063 945 2091 tim
966 2062 1135 2091 eruditissimi
1149 2061 1275 2087 Mazuchii
1290 2061 1323 2088 de
1334 2062 1419 2088 sancti
1432 2061 1540 2094 Josephi
1553 2066 1580 2089 et
1594 2061 1695 2090 Christi

899 2099 1004 2126 Domini
1021 2097 1128 2132 opificio
1140 2097 1297 2123 mantissam
1312 2097 1345 2123 ad
1356 2098 1437 2132 epist.
1450 2098 1484 2124 de
1505 2097 1626 2125 Dedicat.
1643 2098 1695 2125 sub

898 2133 1111 2197 ῧεῖῗῒὲιῒῗιῖᾖάί
1123 2172 1190 2196 sunt.
1208 2168 1235 2195 ln
1244 2167 1394 2195 Concordia
1409 2169 1573 2203 regularum,
1587 2169 1692 2203 etapud

51 2197 126 2230 vidit.
143 2203 170 2224 et
185 2206 231 2225 eos
249 2199 275 2225 in
292 2199 375 2226 corde
398 2208 446 2228 suo
469 2204 689 2235 praevaricatores
700 2204 841 2236 iudicavit.
859 2201 885 2231 D
899 2205 1079 2238 llolstenium,
1093 2205 1200 2231 additur
1216 2212 1222 2230 :
1242 2213 1252 2229 ι
1267 2203 1322 2230 Nec
1336 2209 1428 2230 contra
1450 2212 1499 2231 eos
1519 2212 1693 2231 murmuran-

53 2232 109 2259 11ιέΙί
125 2239 224 2274 autem.
247 2234 306 2275 quia
322 2242 375 2274 non
401 2243 449 2263 eos
468 2237 589 2264 districta
609 2238 843 2269 animadversione

53 2274 190 2301 repressit,
205 2273 234 2296 et
248 2270 281 2296 ab
296 2271 435 2304 tntquitate
453 2279 504 2298 nott
526 2274 702 2307 compescuit.
719 2274 844 2304 similiter

53 2304 237 2344 reprehendit,
251 2304 423 2339 etjudicavit.
435 2306 526 2334 Daniel
539 2316 644 2343 quoque
659 2314 722 2335 tunc
735 2312 846 2346 presby-

54 2339 276 2372 terosptdicavtt,
297 2342 403 2375 quando
418 2342 478 2369 illos
492 2343 581 2378 iniqu-t
603 2345 766 2380 cogitatione
789 2347 844 2381 ple-

54 2374 182 2434 :itania
194 2374 586 2443 srsszssssisslffiif²¹isstissl¹¹ss¹'¹2²
613 2381 767 2442 ¹²⁵¹=³<¹¹¹⁰''¹⁰
781 2390 845 2410 ⁰⁰¹²·

56 2441 102 2469 (lio
113 2428 258 2470 trucidatus
271 2451 331 2471 esse
340 2430 473 2480 prssdixit.
494 2421 658 2476 :lA’tt‘itvffnge
671 2422 710 2442 'co
725 2423 772 2443 eos
786 2418 831 2452 3¹³

90 2476 154 2517 Cat-r.
167 2485 193 2505 v.
205 2477 236 2505 N.
249 2479 274 2505 1.
286 2479 439 2520 litabantur.
452 2483 506 2517 At„
519 2485 670 2514 evelluntur.
686 2487 781 2516 GntAt..

92 2511 304 2553 nim-litamur·
334 2515 384 2544 ttoc
400 2523 479 2552 caput
500 2524 589 2554 potest
607 2529 640 2549 ex
669 2526 688 2549 t.
705 2524 715 2551 t
734 2524 842 2552 Pau-nm

56 2547 414 2618 rimiae
428 2555 573 2624 aaa:
593 2555 730 2621 Ἣ

111 2602 117 2608 .
408 2605 438 2614 n.
564 2609 571 2616 .
645 2601 668 2619 a!

56 2617 163 2646 riodum
178 2619 212 2645 ab
225 2618 363 2654 ”aymone
376 2621 596 2660 Helberstatenni‚
611 2626 659 2654 lib.
676 2635 694 2656 ιι
707 2602 843 2657 ιιέῐῦἳιιῗζ

56 2656 123 2686 mo,
135 2661 196 2694 cap.
211 2652 247 2695 ²⁹.
265 2653 360 2682 reret-rt
375 2657 608 2693 autumnitanus,
624 2668 684 2698 pag.
697 2663 760 2692 820.
781 2664 842 2692 Phi-

55 2688 115 2717 loso
135 2690 162 2715 tn
177 2688 290 2730 gentiles
303 2695 420 2718 sartores
434 2697 587 2722 emitteres
613 2702 665 2724 etc.
699 2705 842 2728 recensen-

55 2695 222 2759 wfitpptas
235 2724 372 2766 sophista.
393 2725 484 2759 Simon
509 2714 690 2768 Athert'iensis’,
710 2738 738 2761 et
755 2734 844 2763 Mena-

118 2766 151 2787 us
174 2757 346 2788 Eretricum.
370 2760 497 2794 Sanctum
515 2762 661 2800 sompnum
681 2766 786 2796 fabrum
813 2769 845 2797 li-'

47 2823 49 2825 ,
110 2795 180 2822 rium
194 2794 278 2823 cutm
291 2797 461 2825 communior
472 2803 514 2825 est
526 2800 670 2835 sententia,
685 2802 728 2830 cui
740 2802 843 2841 antipa-i

94 2837 129 2858 ut·
142 2829 240 2859 isidori
252 2830 338 2859 frater
359 2833 617 2870 sanctitatae-ader,
631 2843 691 2871 cap.
706 2836 742 2865 u
754 2839 789 2867 de
801 2839 846 2868 Ιιιὲ

121 2865 194 2894 tione
203 2865 348 2902 virginum.
369 2866 476 2903 Nescio,
489 2869 710 2905 inqutrltrauttus
724 2873 843 2923 ‘tibint-⁸

161 2909 309 2944 ‘rar-02.
322 2907 500 2947 Lxxx'ttt.
621 2907 624 2910 ’

896 2241 958 2268 dum
974 2246 1016 2269 est
1041 2241 1074 2268 ab
1102 2240 1153 2271 eis.
1179 2240 1224 2274 qui
1239 2241 1310 2266 vires
1335 2238 1473 2267 laborandi
1499 2239 1614 2272 babent;
1645 2241 1693 2267 sed

896 2277 981 2311 magis
1001 2275 1194 2304 consulendum
1214 2280 1255 2302 est
1269 2274 1308 2301 eis
1319 2283 1386 2308 quos
1410 2274 1499 2302 sc'iunt
1518 2282 1631 2308 corpore
1656 2277 1693 2301 in·

897 2314 984 2339 lirino.
1002 2313 1054 2346 ipsi
1070 2316 1158 2339 autem
1181 2311 1226 2345 qui
1248 2315 1431 2344 nott-possunt
1445 2319 1491 2337 eos
1508 2311 1552 2343 qni
1570 2311 1693 2337 laborant

895 2353 922 2375 et
935 2353 1046 2382 possunt
1069 2347 1196 2374 meliores
1209 2346 1259 2374 sibi
1276 2346 1462 2380 felicioresque
1477 2346 1620 2372 fateantur.
1640 2346 1690 2378 Qut

894 2391 958 2410 vern
978 2383 1118 2418 languidus
1131 2387 1182 2414 est,
1204 2388 1231 2408 et
1246 2381 1365 2408 laborem
1379 2388 1490 2415 operum
1511 2379 1691 2412 corporalium

894 2419 1028 2446 sustinere
1053 2426 1106 2444 non
1131 2421 1229 2451 potest,
1244 2416 1441 2443 consulendum
1462 2420 1504 2442 est
1524 2415 1614 2447 illi,et.
1632 2415 1692 2451 ejus

894 2454 1037 2481 inlirntitas
1061 2452 1234 2485 temperanda
1261 2455 1314 2478 est.
1334 2452 1384 2483 Qui
1410 2450 1489 2483 sani,
1505 2455 1556 2477 etc.
1578 2459 1587 2475 ι
1613 2451 1690 2484 Quod

894 2497 927 2516 att
938 2497 999 2517 vere
1013 2490 1048 2516 sit
1059 2488 1163 2518 Isidori.
1180 2495 1213 2513 an
1228 2486 1317 2513 eidem
1337 2487 1371 2512 ab
1385 2485 1438 2512 alio
1454 2485 1535 2512 suerit
1555 2485 1689 2520 additum,

894 2525 1005 2552 delinire
1021 2531 1073 2550 uon
1093 2523 1189 2549 audeo.
1213 2522 1298 2548 Ansv.
1670 2554 1673 2557 v

931 2561 957 2586 5.
975 2560 1009 2587 Ut
1027 2558 1165 2585 carminis.
1187 2556 1245 2584 Lib.
1269 2564 1288 2583 ιι
1303 2556 1336 2583 de
1351 2555 1417 2591 Off..
1434 2563 1493 2591 cap.
1517 2556 1561 2584 16.
1586 2555 1691 2584 Cannnt

894 2600 983 2622 autem
1010 2594 1126 2628 psalmos
1149 2592 1272 2619 inanibus
1296 2597 1459 2626 operantes,
1487 2595 1515 2618 et
1538 2588 1624 2626 ipsunt
1649 2593 1690 2619 la-

894 2630 1132 2663 borem,tanquam
1142 2628 1232 2654 divino
1243 2627 1391 2655 celeumate
1402 2628 1584 2654 consolantur.
1593 2626 1687 2656 ὓιιυιι..

930 2665 999 2692 Ibid.
1017 2666 1131 2692 Sanctus
1148 2663 1322 2698 Augustinus,
1338 2664 1371 2690 de
1384 2663 1472 2697 Opere
1486 2663 1688 2695 monachorum,

893 2708 952 2736 cap.
968 2701 1000 2727 ¹⁸1
1015 2699 1140 2727 :Cantica
1166 2706 1226 2725 vero
1247 2698 1459 2725 divina'contaere
1473 2699 1549 2725 etiam
1573 2702 1690 2727 manibus

895 2741 1027 2772 operantes
1042 2735 1118 2770 [acite
1133 2738 1250 2768 possunt,
1261 2738 1285 2760 et
1297 2733 1382 2769 iprum
1405 2733 1519 2761 laborem
1543 2734 1629 2762 divino
1649 2742 1690 2763 u-

894 2771 1005 2798 teumate
1018 2768 1224 2798 consoni-natta
1233 2769 1307 2796 addit
1319 2773 1428 2797 sanctus
1439 2769 1616 2804 Augustinus,
1649 2778 1690 2798 uae

895 2807 1011 2835 tatum-us
1025 2813 1131 2842 quoque
1151 2805 1278 2840 sumpsit,
1291 2809 1320 2833 et
1332 2811 1367 2832 ex
1378 2803 1485 2833 tstaoro
1498 2804 1614 2841 fluuio,
1650 2805 1688 2835 ib.

892 2843 953 2877 cit..
969 2850 1029 2877 cap.
1042 2842 1087 2870 50.
1100 2841 1187 2870 Anav-
