1832 3016
188 154 256 184 107!

722 143 752 171 S.
772 141 898 172 {sipont
915 140 1139 170 tttsmmNsts
1159 140 1312 170 Episcopi

1745 82 1832 183 torsi

186 208 273 238 omnis
285 206 389 235 devicta
405 206 458 236 est,
472 203 613 230 cesserunt
626 198 707 228 etiarn
721 199 804 226 armis
825 197 897 226 illius
910 198 973 233 plu·
985 201 1010 229 A
1061 197 1104 226 55.
1116 197 1252 234 Synodum
1267 197 1363 227 deinde
1372 197 1558 233 episcoporum
1571 197 1604 225 ad
1617 197 1820 226 condemnatio-

187 257 262 284 rintae
275 250 390 280 rebelles
404 246 540 282 llispaniae
553 245 645 273 urbes.
659 243 738 271 Fudit
750 250 855 278 quoque
869 242 977 270 diverso

186 299 277 334 praelio
289 294 398 326 milites,
413 297 440 320 et
451 291 574 327 quaedam
587 294 674 318 castra
688 290 722 317 ab
737 289 777 317 eis
793 293 922 323 occupata
939 288 978 316 di-

186 343 309 373 micando
318 341 428 376 recepit.
440 338 676 373 Hermenegildutn
688 336 784 364 deinde
798 337 881 363 tilium
896 336 978 371 impe-

185 391 232 417 riis
249 388 305 416 suis
319 386 542 423 tyrannizantem,
567 384 707 411 obsessum
717 382 898 416 exsuperavit.
914 381 978 408 Pos-

187 440 301 462 tremum
316 432 416 460 bellum
431 429 527 458 Suevis
543 429 825 465 immin-regnumque
844 434 936 454 eorum
951 426 978 453 in

185 480 244 514 jura
267 477 354 513 gentis
375 483 432 503 suae
446 475 512 502 mira
529 473 666 501 celeritate
681 472 837 499 transmisit.
854 470 978 506 Hispania

185 533 280 559 magna
295 531 329 551 ex
345 526 422 557 parte
435 520 545 556 potitus.
557 519 623 547 Nam
648 523 726 546 antea
751 526 817 553 gens
830 518 978 546 Gothorum

185 570 304 604 angustis
315 568 413 595 linibus
428 566 591 598 arctabatur,
607 564 654 591 sed
665 564 807 591 offuscavit
817 563 843 590 in
858 570 891 590 eo
905 569 980 590 error

185 615 329 650 impietatis
351 612 463 649 gloriam
480 615 559 638 tantae
574 611 690 638 virtutis.

221 661 266 688 50.
282 659 402 693 Denique
422 658 529 685 Arianae
551 655 670 691 pertidiae
692 654 783 682 surore
803 654 932 688 repletus,
954 653 980 680 in

186 707 332 735 catholicos
342 703 528 740 persecutione
540 706 685 733 commota,
699 701 828 735 plurimos
839 701 981 735 episcopo-

186 759 246 779 rum
259 750 353 778 exsilio
374 748 511 782 relegavit.
532 745 714 773 Ecclesiarum
737 744 816 780 124
841 744 941 772 reditus
955 748 983 772 et

187 796 324 833 privilegia
341 794 460 825 abstulit,
475 792 574 820 multos
584 798 690 826 quoque
703 790 849 817 terroribus
862 790 889 816 in
906 789 983 816 Aria-

186 850 249 870 nam
274 839 452 876 pestilentiam
478 837 594 872 impulit,
619 836 762 870 plerosque
778 836 837 862 sinc
862 842 984 869 persecu-

1826 193 1832 206 Ι

1027 251 1088 271 nem
1099 244 1204 271 Ariana:
1217 244 1326 272 haeresis
1338 264 1346 276 ,
1362 244 1395 271 de
1409 243 1520 271 diversis
1532 243 1664 278 ttispaniae
1687 247 1715 271 ct
1724 212 1832 275 calliani.

1027 288 1169 322 provinciis
1176 293 1327 324 congregat.
1341 288 1416 324 125
1423 288 1470 316 Cui
1480 287 1594 315 concilio
1602 287 1671 315 idem
1677 287 1819 322 religiosis·
1827 300 1832 310 ·

1028 332 1112 359 simus
1118 333 1240 367 princeps
1247 333 1376 368 interfuit,
1387 338 1514 368 gestaque
1524 333 1581 367 eius
1590 333 1731 367 praesentia
1739 335 1832 363 suaet!

1029 376 1224 411 subscriptione
1231 377 1355 411 firmavit,
1362 378 1488 405 abdicans
1494 385 1555 405 cum
1564 378 1688 405 omnibus
1695 378 1750 405 suis
1759 385 1832 413 per⁴⁴

1029 421 1129 454 fidiam,
1139 429 1218 456 quam
1226 422 1361 456 hucusque
1367 422 1511 450 Gothorum
1524 423 1646 458 populus,
1655 423 1832 460 Ariobdocem.

1031 471 1068 500 te,
1076 467 1214 500 didicerat,
1224 473 1251 495 et
1262 468 1408 503 praedicans
1419 470 1498 496 trium
1511 476 1685 503 personarum
1693 470 1832 501 unitatemt

1030 514 1056 541 in
1073 514 1167 546 Deum,
1181 515 1278 542 Filium
1298 523 1311 541 a
1325 515 1404 543 Patre
1417 516 1683 544 consubstantialiter
1704 515 1832 550 genitum·

1030 566 1102 592 esse,
1117 559 1247 595 Spiritum
1263 564 1384 588 sanctunt
1411 562 1628 595 inseparabiliter
1652 570 1666 589 a
1683 562 1762 589 Patre
1776 561 1832 593 Fi*

1031 605 1120 639 linque
1137 606 1294 640 procedere,
1318 611 1345 634 et
1360 613 1420 634 esse
1435 606 1574 634 amborum
1588 615 1668 635 unum
1683 607 1832 643 Spiritum„

1033 651 1103 678 unde
1128 656 1155 678 et
1169 659 1251 679 unum
1266 656 1339 680 sunt.

1068 696 1113 724 54.
1143 697 1204 731 Egit
1224 698 1304 724 etiam
1320 697 1436 732 gloriose
1456 698 1555 726 bellum
1569 698 1697 726 adversus
1714 699 1832 731 infestas!

1033 746 1126 777 gentes
1142 743 1204 770 {idei
1228 748 1352 777 suscepto
1377 744 1485 771 auxilio.
1514 744 1624 771 Francis
1650 744 1719 772 enim
1745 751 1832 772 sexa-

1034 790 1107 824 ginta
1131 790 1214 817 ferme
1234 790 1344 818 millium
1373 795 1534 818 armatorum
1558 790 1642 826 copiis
1668 791 1766 818 Gallias
1789 791 1832 818 ir·-

1034 835 1183 868 ruentibus,
1211 835 1294 862 misso
1319 835 1429 862 Claudio
1457 835 1525 863 duce
1549 835 1680 863 adversus
1693 843 1750 869 eos,
1766 835 1832 870 glo-

187 889 262 916 tione
285 887 388 914 illectos
401 892 466 912 auro
487 883 621 917 rebusque
643 882 757 915 decepit.
773 881 862 908 Ausus
877 888 982 916 quoque
997 876 1021 906 B
1035 880 1106 907 rioso
1136 879 1308 914 triumphavit
1336 884 1443 907 eventu.
1476 880 1552 907 Nulla
1581 888 1695 915 unquam
1725 880 1751 907 in
1778 880 1832 911 lli-q

188 935 259 961 inter
274 936 371 959 caetera
384 930 496 958 haeresis
509 936 564 956 suae
576 928 698 962 contagia
712 927 792 954 etiam
819 927 984 961 rebaptizare

190 977 350 1010 catholicos,
365 981 393 1003 et
412 982 465 1003 non
479 974 565 1001 solum
585 981 618 1000 ex
632 972 721 1007 plebe,
739 972 785 999 sed
800 972 881 999 etiam
895 980 928 999 ex
942 979 983 999 sa-

189 1023 335 1052 cerdotalis
349 1021 452 1049 ordinis
466 1020 605 1054 dignitate,
622 1018 691 1046 sicut
703 1018 870 1045 vincentium
882 1018 985 1045 Caesar-

189 1074 376 1103 augustanum,
391 1067 425 1094 de
439 1066 565 1101 episcopo
586 1068 734 1099 apostatam
755 1063 865 1096 factum,
881 1069 908 1092 et
931 1069 984 1092 tan-

190 1124 269 1151 quam
284 1123 299 1142 a
311 1114 381 1142 coelo
396 1113 422 1140 in
438 1112 571 1140 internum
585 1111 745 1146 projectum.

226 1161 270 1188 51.
278 1159 386 1187 Exstitit
393 1163 482 1186 autem
492 1162 517 1185 et
526 1156 684 1192 quibusdam
691 1163 800 1183 suorum
808 1156 983 1190 perniciosus,

190 1214 251 1235 nam
265 1211 437 1240 quoscunque
451 1203 633 1231 nobilissimos
647 1209 679 1228 ac
697 1200 898 1236 potentissimos
909 1201 984 1235 vidit,

190 1258 236 1281 aut
244 1252 331 1287 capite
343 1251 487 1284 truncavit,
497 1255 553 1282 aut,
564 1249 659 1284 opibus
665 1249 772 1282 ablatiS,
785 1249 951 1283 proscripsit,
960 1254 987 1276 et

189 1299 354 1336 proscriptos
368 1298 393 1324 iu
407 1297 532 1325 exsilium
547 1295 630 1323 misit.
644 1296 749 1322 Fiscum
767 1302 873 1329 quoque
885 1296 986 1329 primos

190 1345 242 1373 iste
248 1343 431 1377 locupletavit,
439 1342 595 1376 primusque
604 1341 726 1367 :erarium
737 1340 770 1368 de
782 1340 882 1374 rapinis
889 1340 985 1367 civium

189 1391 361 1424 hostiumque
368 1387 501 1415 manubiis
510 1387 839 1421 auxit.Primusqueetiam
848 1386 918 1413 inter
924 1393 986 1413 suos

190 1435 273 1470 regali
289 1438 363 1461 veste
375 1437 484 1468 opertus
499 1432 525 1459 in
541 1432 608 1458 solio
623 1431 734 1458 resedit.
748 1431 814 1458 Nam
839 1436 900 1458 ante
914 1438 985 1463 eum,

191 1486 218 1509 et
241 1480 346 1508 habitus
365 1483 392 1506 et
413 1484 557 1505 consessus
581 1475 732 1503 communis
751 1479 779 1502 'ut
796 1476 894 1510 populo
910 1476 943 1502 ita
960 1480 986 1502 et

190 1528 298 1563 regibus
315 1530 385 1554 erat.
401 1525 528 1552 Condidit
543 1524 623 1551 etiam
639 1523 776 1550 civitatem
790 1523 817 1549 in
829 1522 983 1555 Celtiberia,

1035 926 1134 961 spaniis
1149 926 1297 954 Gothorum
1320 926 1440 959 victoria,
1463 927 1504 954 vel
1520 926 1605 961 major
1629 927 1654 953 in
1676 926 1763 959 bello,
1784 926 1832 958 vel

1036 972 1130 999 similis
1152 972 1263 999 exstitit.
1286 971 1415 999 Prostrati
1437 976 1499 999 sunt
1520 972 1592 999 enim
1606 977 1632 999 et
1652 972 1721 1006 capti
1745 972 1832 1002 multu

1035 1018 1118 1045 millia
1135 1018 1264 1052 hostium,
1281 1018 1389 1045 residua
1410 1025 1473 1045 vero
1494 1018 1628 1045 exercitus
1642 1025 1714 1052 pars,
1730 1022 1832 1052 praeten

1036 1071 1112 1099 spem
1128 1064 1155 1091 in
1169 1064 1255 1099 togam
1271 1071 1360 1097 versa,
1376 1064 1471 1092 Gothis
1490 1069 1549 1099 post
1564 1069 1666 1099 tergum
1686 1065 1832 1099 insequen«

1038 1110 1119 1143 tibus,
1150 1117 1232 1144 usque
1255 1110 1282 1136 in
1305 1110 1380 1145 regni
1404 1109 1446 1137 sui
1472 1109 1569 1137 tinibus
1596 1117 1664 1137 caesa
1686 1114 1737 1137 est.
1752 1110 1832 1145 Saeptt

1037 1158 1116 1184 etiam
1133 1161 1160 1184 et
1181 1157 1296 1185 lacertos
1324 1162 1417 1185 contra
1434 1157 1616 1185 Romanorum
1633 1158 1788 1186 insolentias
1801 1161 1832 1188 e!

1038 1203 1198 1237 irruptiones
1213 1202 1362 1230 Vasconum
1384 1202 1476 1230 movit.
1494 1202 1570 1230 Unde
1584 1210 1637 1230 non
1651 1204 1734 1238 magis
1760 1203 1832 1235 bellu

1038 1253 1179 1282 tractasse,
1199 1256 1278 1283 quam
1305 1249 1392 1283 potius
1414 1253 1531 1284 gentem,
1556 1249 1632 1283 quasi
1655 1250 1681 1276 in
1700 1249 1832 1284 palaesqu

1039 1296 1101 1323 ludo
1112 1317 1119 1329 ,
1133 1303 1180 1330 pro
1195 1303 1244 1323 uso
1259 1295 1415 1322 certaminis
1429 1295 1533 1323 videtur
1547 1295 1710 1323 exercuisse.

1074 1341 1119 1368 55.
1136 1341 1291 1369 Provincias
1305 1346 1392 1368 autem
1404 1349 1470 1376 quas
1482 1346 1556 1376 pater
1567 1342 1638 1368 bello
1651 1341 1811 1376 conquisivit
1825 1360 1832 1385 4

1038 1388 1089 1415 iste
1099 1395 1163 1421 pace
1170 1387 1346 1419 conservavit,
1359 1387 1484 1422 aequitate
1491 1387 1633 1421 disposuit,
1646 1387 1832 1424 moderamina,

1038 1433 1117 1459 rexit.
1135 1432 1194 1458 Fuit
1211 1435 1298 1458 autem
1317 1431 1444 1464 placidus,
1461 1432 1541 1465 mitis,
1559 1431 1671 1466 egregiae
1687 1431 1832 1469 bonitatis-„¹

1040 1483 1192 1513 tantamque
1208 1478 1235 1504 iu
1250 1479 1321 1504 vultu
1337 1478 1448 1512 gratiam
1464 1477 1564 1509 habuit,
1581 1483 1607 1505 et
1622 1482 1720 1505 tantam
1732 1479 1758 1505 in
1773 1473 1832 1508 aniu⁴

1039 1531 1083 1550 mo
1110 1524 1299 1557 benignitatem
1323 1522 1414 1557 gessit,
1439 1526 1469 1548 ut
1493 1522 1610 1548 omnium
1634 1522 1767 1550 mentibus
1790 1523 1832 1552 iun

191 1581 270 1609 quam
295 1580 329 1599 ex
356 1570 465 1599 nomine
493 1569 538 1596 iiiii
551 1589 559 1601 ,
587 1568 744 1602 Reeopolim
773 1568 929 1595 nominavit.
957 1568 985 1594 ln
1001 1556 1024 1588 C
1039 1570 1134 1601 fluens,
1145 1569 1225 1595 etiam
1237 1568 1320 1595 malos
1331 1567 1363 1594 ad
1376 1567 1499 1594 affectum
1510 1567 1610 1594 amoris
1622 1567 1662 1595 sui
1673 1568 1832 1599 attrahere!

192 1619 295 1654 legibus
321 1624 427 1652 quoque
454 1623 485 1643 ea
510 1622 570 1650 quae
594 1615 628 1641 ab
651 1615 747 1642 Eurico
771 1614 907 1642 incondite
928 1622 989 1641 con-

193 1665 285 1693 stituta
303 1663 473 1694 videbantur,
490 1661 618 1693 correxit,
636 1659 766 1695 plurimas
790 1659 862 1694 leges
884 1664 989 1693 praeter-

193 1711 288 1739 missas
303 1709 441 1744 adjiciens,
455 1708 597 1742 plerasque
610 1707 760 1741 superfluas
776 1706 915 1734 auferens.
937 1705 989 1733 Re-

192 1760 287 1795 gnavit
312 1762 402 1784 autem
426 1763 488 1783 ann.
514 1762 589 1787 xvm,
611 1753 753 1781 defunctus
778 1753 885 1787 propria
902 1757 990 1780 morte

194 1806 292 1835 Toleti.

229 1853 275 1880 52.
292 1850 356 1879 AEra
376 1856 481 1881 ncxnv,
505 1855 612 1875 ann-1¹1
634 1847 730 1880 imper.
745 1844 877 1878 Mauricii,
896 1844 991 1872 Leovi-

195 1898 266 1934 gildo
285 1896 421 1928 defuncto,
437 1894 507 1921 filius
528 1893 586 1927 ejus
605 1892 757 1920 necareuus
775 1899 857 1926 reguo
878 1895 918 1918 est
947 1898 992 1918 co-

197 1947 318 1975 ronatus,
340 1941 412 1968 cultu
441 1939 567 1974 praeditus
583 1938 776 1972 religionis‚,et
791 1937 908 1971 paternis
933 1943 992 1962 mo-

197 1988 270 2016 ribus
286 1988 363 2021 longe
372 1985 530 2022 dissimilis.
547 1984 667 2018 Namque
686 1983 732 2010 ille
756 1982 940 2016 irreligiosus,
967 1985 994 2008 et

196 2035 266 2062 bello
280 2031 504 2068 promptissimus,
516 2030 559 2057 hic
573 2030 624 2056 tide
640 2029 698 2063 pius
713 2033 741 2056 et
757 2035 821 2061 pace
834 2028 992 2061 praeclarus;

198 2082 244 2108 ille
258 2086 393 2107 armorum
414 2078 516 2105 artibus
530 2077 616 2112 gentis
642 2075 784 2111 imperinm
800 2075 926 2108 dilatans,
951 2074 994 2101 hic

199 2125 331 2160 gloriosus
345 2123 467 2151 eamdem
484 2127 588 2156 gentem
614 2121 676 2148 fidei
700 2121 819 2155 trophaeo
834 2120 992 2147 sublimans.

199 2170 228 2198 ln
244 2170 308 2204 ipsis
330 2170 400 2197 enirn
425 2168 498 2203 regni
523 2168 564 2194 sui
589 2167 706 2195 exordiis
731 2166 891 2194 catholicam
917 2166 994 2194 iidem

201 2218 312 2252 adeptus
327 2216 406 2243 totins
426 2215 544 2242 Gothicae
557 2214 644 2249 gentis
656 2214 779 2248 populos,
795 2213 880 2240 inoliti
895 2213 994 2240 erroris

201 2262 261 2290 labe
275 2261 395 2292 deserta,
418 2259 451 2287 ad
472 2259 570 2286 cultum
593 2263 672 2286 rectae
688 2258 750 2284 fidei
776 2263 893 2286 revocat.

202 2324 350 2353 temporum
368 2323 421 2343 non
434 2315 565 2349 congruit.
581 2314 688 2340 Grotius
699 2317 726 2339 et
741 2313 863 2340 Labbeus
873 2334 880 2346 ,
897 2314 990 2348 adepto

205 2354 338 2388 Hispania:
363 2351 517 2386 principatu.
542 2349 641 2376 omisso
665 2347 767 2374 Gallice.
789 2347 841 2374 Pro
871 2349 993 2379 proectare

202 2390 306 2417 sortitus
315 2391 362 2418 est,
372 2386 492 2414 Labbens
502 2384 590 2419 praeda
601 2383 733 2410 reson-titus
747 2386 794 2409 est.
807 2382 857 2421 Pro
869 2382 989 2415 Sabaria,

203 2425 248 2452 alii
259 2423 377 2451 historici
391 2420 534 2449 sabaudia.
551 2419 697 2450 Florezius.
708 2425 767 2444 cum
783 2417 875 2444 Grotto
891 2426 897 2442 :
911 2416 991 2443 Fudit

203 2467 302 2494 quoque
317 2458 414 2484 άιυεηο
425 2455 512 2489 proelio
523 2454 619 2481 Iustini
633 2454 737 2485 milites,
758 2460 821 2486 quos
841 2450 993 2486 Athanuqil-

204 2497 252 2522 dtu
266 2495 300 2520 ad
322 2492 446 2519 auxilium
460 2493 614 2520 evocaverat,
640 2493 663 2514 et
685 2487 802 2523 quoedam
821 2491 914 2517 castra,
937 2490 990 2513 etc.

205 2530 243 2557 De
253 2528 337 2556 sancti
351 2525 548 2560 Hermeuegildi
571 2524 640 2551 bello
655 2527 683 2550 et
697 2522 824 2557 martyrio
839 2521 927 2548 recole
939 2541 947 2554 ,
969 2521 991 2548 si

205 2566 301 2599 placet,
317 2563 388 2590 dicta
401 2562 428 2593 in
443 2559 606 2592 isidorianis,
621 2565 679 2593 cap.
710 2557 754 2590 79,
779 2565 806 2584 n.
820 2555 856 2583 25
871 2560 899 2583 et
913 2562 990 2590 seqq.

205 2601 244 2628 Aa
264 2607 290 2626 v.

240 2608 285 2661 ξι.
297 2632 413 2665 Επιιῐιὶε,
426 2633 477 2659 etc.
493 2630 588 2660 sermo
601 2633 642 2658 est
655 2628 690 2656 de
703 2626 867 2667 Leovigildo,
889 2629 918 2653 ut
931 2632 992 2660 per-

205 2669 328 2702 spicuum
353 2670 406 2694 est.
428 2665 534 2698 Riscus,
557 2670 622 2693 tom.
642 2662 718 2691 XXX
739 2662 816 2698 litsp.
831 2668 914 2694 sacr„
929 2667 992 2695 pag.

207 2703 270 2736 130,
296 2702 393 2730 merito
418 2700 590 2734 reprehendit
613 2698 784 2727 Ambrosium
809 2695 922 2740 florales
932 2717 942 2730 ,
965 2699 994 2722 et

206 2738 375 2766 Franciscum
390 2736 424 2764 de
439 2735 548 2768 Paditla,
569 2735 615 2769 qui
639 2733 667 2761 id
679 2733 713 2761 de
729 2731 871 2760 vincentio
883 2731 993 2759 basar-

207 2772 682 2835 auggsufssnzeeffizsn'thssssm
703 2802 840 2844 Florezitts
853 2795 888 2833 ex
906 2799 993 2842 Bicla-

209 2841 280 2868 renui
292 2846 319 2869 et
332 2814 471 2869 aliisiocis
485 2841 564 2876 huius
577 2838 713 2871 chronici.
736 2845 797 2866 cum
820 2845 857 2878 ιιι·
869 2834 993 2876 Εᾱίιιοιιο

211 2874 305 2910 ¹(iri-lii
318 2875 451 2912 legeretur
474 2883 543 2904 anno
565 2876 648 2903 tertio.
675 2874 727 2903 Pro
749 2872 830 2912 gentis
847 2877 992 2910 imperium,

1040 1615 1114 1643 Adeo
1134 1614 1262 1648 liberalis,
1278 1618 1308 1641 ut
1332 1621 1396 1648 opes
1411 1613 1583 1648 privatorum,
1602 1617 1630 1641 et
1652 1613 1803 1642 Ecclesiam

1041 1661 1149 1696 praedia,
1174 1667 1232 1693 quae
1255 1664 1364 1694 paterna
1386 1658 1457 1686 labes
1473 1658 1537 1685 (isco
1561 1658 1752 1690 associaverat,
1777 1658 1787 1693 j

1040 1707 1150 1741 proprio
1162 1709 1338 1732 restauraret.
1353 1703 1428 1731 Adeo
1443 1703 1571 1736 clemens,
1584 1707 1613 1729 ut
1633 1703 1723 1737 populi
1736 1700 1832 1748 tribul<

1041 1758 1112 1784 saepe
1128 1750 1296 1784 indulgentiae
1311 1748 1451 1782 largitione
1467 1748 1582 1775 laxaret.
1827 1750 1832 1768 ἑ

1078 1795 1123 1822 56.
1133 1794 1229 1821 Multos
1239 1794 1320 1821 etiam
1329 1793 1425 1820 ditavit
1437 1793 1527 1826 rebus,
1542 1793 1671 1827 plurimos
1680 1790 1810 1822 sublimav

1043 1839 1199 1866 honoribus.
1213 1839 1283 1873 Opes
1298 1845 1360 1865 suas
1383 1838 1408 1864 in
1423 1837 1545 1870 miseris,
1569 1837 1709 1865 thesauros
1729 1838 1813 1877 suosi

1042 1886 1134 1920 egenis
1147 1884 1307 1916 recondens,
1324 1883 1412 1910 sciens
1427 1883 1459 1910 ad
1474 1883 1531 1911 haec
1555 1883 1593 1910 illi
1612 1882 1695 1911 fuisse
1709 1884 1804 1911 collatu

1044 1939 1165 1966 regnum,
1176 1935 1205 1957 ut
1215 1929 1396 1957 eosalubriter
1406 1928 1545 1962 frueretur,
1556 1929 1632 1956 bonis
1643 1929 1724 1956 initiis
1735 1929 1787 1958 bon

1044 1978 1122 2004 finem
1138 1977 1260 2010 adeptos.
1271 1975 1362 2003 Fidem
1374 1976 1444 2002 enim
1460 1978 1539 2001 rectae
1554 1975 1655 2009 gtoriae,
1671 1982 1748 2009 quatu
1758 1974 1795 2001 ini

1045 2023 1118 2057 regni
1133 2022 1268 2056 percepit,
1282 2021 1424 2048 novissime
1439 2019 1543 2054 publica
1555 2020 1723 2047 confessione
1746 2027 1789 2054 poe
1802 2050 1810 2065 ¹

1046 2069 1136 2097 tentia:
1158 2068 1311 2095 cumulavit.
1329 2067 1415 2094 Toleti
1431 2066 1484 2093 [ine
1509 2066 1619 2101 pacifico
1644 2066 1760 2100 transiit,
1787 2073 1809 2102 (1

1045 2115 1165 2149 regnavit
1180 2121 1263 2141 annos
1279 2120 1326 2140 ιν.
1803 2109 1805 2111 “

1083 2159 1162 2195 126
1181 2159 1224 2185 57.
1239 2157 1303 2185 AEra
1319 2165 1444 2189 ncxxux,
1458 2164 1506 2183 an.
1521 2156 1626 2190 imperii
1641 2156 1760 2184 Mauricii
1775 2165 1790 2184 x

1046 2211 1106 2240 post
1120 2205 1284 2232 Recaredum
1296 2211 1384 2238 regem
1401 2208 1493 2238 regnat
1510 2203 1588 2230 Liuva
1601 2202 1671 2230 filius
1681 2203 1737 2237 eius
1746 2211 1790 2231 an.
1799 2201 1803 2242 ’Ἰ

1047 2251 1154 2285 ignobili
1176 2250 1283 2285 quidem
1310 2254 1394 2276 matre
1421 2249 1593 2283 progenitus,
1614 2248 1661 2275 sed
1681 2247 1801 2278 virtutist

1044 2308 1088 2335 alii
1103 2312 1200 2343 qentem
1216 2306 1332 2339 imperio.
1348 2305 1400 2332 Pro
1410 2304 1521 2334 detersa,
1535 2303 1681 2336 Florezius‚
1698 2311 1758 2331 cum

1045 2343 1118 2369 tinne
1131 2341 1234 2373 Griatii,
1251 2341 1360 2367 deserta.
1370 2338 1477 2366 Grotius
1488 2338 1626 2370 ,Labbcus
1640 2342 1667 2365 et
1679 2343 1774 2366 auctor

1045 2384 1077 2404 ta.-
1091 2377 1176 2404 sancti
1190 2375 1293 2408 lsjdori,
1318 2373 1387 2408 apud
1414 2374 1612 2407 Bollandianos,
1638 2375 1748 2402 detersa.
1764 2374 1786 2401 V
1802 2404 1805 2405 .

1044 2417 1132 2452 notam
1144 2411 1176 2437 ad
1192 2418 1265 2436 num.
1279 2410 1311 2436 13
1323 2408 1401 2443 hujus
1416 2408 1482 2435 Vitae
1498 2410 1524 2435 in
1544 2408 1707 2443 isidorianis,
1729 2416 1764 2444 ap

1043 2445 1279 2508 dle-{iff’lgl‘osseziltis
1292 2444 1378 2505 {iti-‘ti‘
1391 2477 1492 2510 Grotio,
1513 2479 1636 2505 unitatem
1655 2478 1682 2505 ἰη
1697 2477 1779 2513 Deo‚'

1043 2516 1116 2542 lium.
1133 2515 1265 2547 Labbeus,
1278 2515 1410 2546 unitatem,
1429 2513 1509 2540 Deum
1523 2513 1631 2540 Filium.
1647 2514 1733 2541 Anzv.
1748 2535 1755 2542 ,

1078 2551 1122 2578 54.
1144 2550 1204 2582 Alii,
1229 2550 1290 2584 fidei
1308 2553 1431 2582 susceptae
1450 2548 1558 2576 auxilio.
1575 2549 1628 2576 Pro
1647 2549 1732 2575 mouit.
1757 2547 1783 2575 U

1043 2585 1099 2620 alii,
1115 2586 1200 2626 ntooit.
1230 2585 1288 2612 Ubi.
1312 2585 1349 2611 Ex
1364 2583 1444 2625 Floro
1458 2584 1561 2624 videtur
1574 2587 1709 2618 sumptum
1732 2590 1782 2625 nitt-v

1043 2617 1625 2698 23532‘122'2022121332‘2223¹·1›20¹3¹:51.2:2'an
1635 2617 1768 2681 fflimssi
1780 2647 1783 2653 ·

1044 2691 1133 2755 ¹¹¹⁰5¹3⁸J
1146 2692 1286 2754 timim.
1296 2724 1423 2752 nonnulla
1436 2723 1548 2756 aaaron,
1560 2731 1619 2758 quae
1632 2722 1756 2750 unbem

1044 2768 1147 2791 ractere
1161 2761 1267 2802 diverso
1281 2759 1364 2788 edidit
1380 2769 1387 2786 :
1404 2759 1490 2787 Item.
1507 2757 1587 2800 Hytti
1598 2763 1697 2794 quoque
1710 2756 1745 2799 ad

1043 2796 1736 2876 immmffmm‘mtxxaem?
1748 2860 1750 2862 ,

1044 2867 1108 2898 Fuit
1120 2870 1216 2900 mem.
1227 2869 1282 2895 ete.
1302 2864 1389 2907 Assy.
