1832 3016
168 200 220 229 2⁴3

682 192 711 219 S.
733 189 856 218 tstoottt
877 189 1098 219 tttsPAtAENSts
1119 192 1270 222 Eptscort

1746 0 1815 227 „l

166 261 271 292 pactum
287 253 332 280 Dei
348 253 452 279 irritum
466 250 529 279 'non
543 250 676 283 κάμπη
701 250 821 284 quicum
836 249 952 276 circum·
966 251 995 280 A
1045 250 1071 276 7.
1087 250 1164 278 Unde
1190 255 1218 278 et
1241 251 1323 286 pedes
1350 257 1444 278 eorum
1468 251 1547 283 lavit,
1570 255 1601 279 ut
1625 250 1654 279 in
1678 255 1807 283 extremo·

167 300 257 328 ci'dere
272 298 445 332 neglexerunt
459 297 470 323 ἲ
486 297 535 323 nisi
548 300 576 323 ut
588 295 754 330 significaret
764 294 836 329 quod
853 294 956 328 parvuli

166 354 221 372 non
249 344 395 372 secundum
411 351 477 378 opus
495 365 502 377 ‚
527 342 575 370 sed
597 341 745 368 secundum
771 340 902 376 originem
932 341 959 369 in

163 391 252 426 primo
267 391 376 418 bomine
403 394 509 425 pactum
538 389 587 416 De!
616 388 827 423 dissipaverunt,
853 388 881 416 in
906 396 960 424 quo

166 444 260 464 omnes
273 442 462 471 peccaverunt.

202 483 227 510 6.
245 483 369 510 Nascitur
384 482 455 509 enirn
472 482 559 509 omnis
576 488 629 509 non
657 482 774 517 proprie,
804 482 852 510 sed
877 482 960 516 origi-

165 528 261 556 naliter
272 533 394 562 peccator
409 528 488 563 (Vide
506 535 560 554 var.
577 527 661 563 ωσι).
677 528 761 561 Quem
778 528 829 556 nisi
844 536 958 563 regene-

164 575 232 601 ratio
248 574 352 605 libcret‚
371 573 468 607 peribit
479 574 567 600 anima
583 573 641 608 ejus
656 573 690 601 de
704 574 802 608 populo
813 582 874 608 suo,
892 575 953 609 quia

165 624 270 653 pactum
286 620 332 646 Dei
349 620 450 646 irritum
467 620 544 653 tecit,
558 620 665 654 quando
689 620 716 647 in
731 621 816 648 Adam
842 621 959 656 origina-

162 665 224 692 liter
234 665 314 692 etiam
328 665 384 700 ipse
399 666 529 700 peccavit.

459 712 572 740 CAPUT
591 713 662 740 xtv.

217 749 256 775 De
267 749 346 775 tribus
362 749 422 775 viris
437 749 480 783 qui
494 753 614 775 venerunt
631 749 665 775 ad
679 749 762 776 ilicem
777 749 904 776 Mambre.

201 795 228 820 ¹1.
242 794 342 820 Deinde
356 794 480 828 apparuit
495 794 625 821 Dominus
649 795 765 822 Abrabae
783 795 810 823 in
838 795 959 823 convalle

163 839 282 866 Mambre
298 839 403 866 sedenti
431 841 456 866 in
473 840 543 866 ostio
572 839 735 866 tabernaculi
757 840 816 872 sui;
843 848 958 874 cumque

162 883 280 911 levasset
291 885 395 917 oculos,
408 890 590 919 apparuerunt
602 885 627 911 ei
637 889 691 912 tres
703 885 752 911 viri
764 889 865 912 stantes
878 884 958 919 juxta

996 296 1104 324 ‘mundi
1118 297 1217 324 lavacri
1231 296 1440 324 vivificationem
1457 296 1654 324 demonstraret
1673 296 1798 329 futuram,
1821 315 1832 331 a

1011 343 1097 371 Pedes
1122 344 1194 372 enim
1229 344 1373 371 novissima
1409 343 1571 378 significant.
1604 343 1741 378 Siquidem
1772 332 1804 379 οι
1820 335 1832 364 '-

1011 389 1163 416 convivium
1178 393 1322 424 praeparat,
1338 388 1448 416 vitulum
1462 389 1564 416 seilicet
1574 390 1734 423 saginatum.
1748 378 1832 432 lete}

1011 439 1101 463 autem
1115 435 1214 463 vitulus
1236 440 1312 462 tener
1328 433 1464 469 saginatus
1489 434 1595 462 Domini
1615 435 1679 462 Jesu
1701 434 1801 464 Christi
1820 436 1829 468 ζ

1013 484 1056 507 est
1080 487 1189 514 corpus.
1221 478 1270 506 llic
1298 483 1340 506 est
1366 478 1464 506 vitulus
1480 478 1596 513 Domini,
1623 480 1669 514 qui
1694 483 1801 514 propter
1820 477 1832 498 ⁸⁸·

1011 525 1126 553 salutem
1137 525 1304 553 credentium
1311 526 1344 552 ad
1356 527 1479 553 arborem
1488 527 1575 553 crucis
1585 530 1626 553 est
1637 526 1800 555 immolatus.
1820 525 1832 555 ῑῖ.

1012 570 1061 598 flio
1074 575 1116 598 est
1131 571 1230 598 vitulus
1249 570 1379 598 dominici
1393 570 1528 605 corporis,
1553 571 1600 606 qui
1614 571 1641 598 in
1657 570 1801 606 Evangelio
1822 570 1832 586 '

1011 624 1061 652 pro
1074 621 1215 651 peccatore
1228 617 1357 644 occiditur
1371 616 1426 644 tilio
1441 617 1518 652 (Luc.
1535 616 1591 652 xv).
1820 591 1832 645 l

1048 662 1075 689 8.
1089 662 1142 690 Sed
1155 666 1183 689 et
1194 663 1317 697 butyrum
1329 662 1404 689 etlac
1415 669 1476 689 cum
1487 669 1568 689 carne
1581 661 1657 689 vituli
1668 663 1803 697 apposuit.
1823 667 1832 690 c

1011 708 1065 736 Lac
1080 709 1178 743 quippe
1194 709 1289 741 priscae
1310 708 1376 743 legis
1396 708 1521 735 babuisse
1535 708 1646 742 figuram
1659 708 1803 742 Apostolus
1820 712 1832 734 ἰ·

1011 762 1061 782 nos
1085 755 1226 785 admonet,
1242 755 1334 781 dicens
1351 763 1358 781 ι
1385 754 1435 781 Lac
1452 755 1520 781 vobis
1540 760 1630 789 potum
1647 755 1706 781 dada·
1720 774 1727 787 ‚
1749 763 1802 782 »ton
1819 752 1832 780 ξ

1012 808 1113 833 escam;
1130 800 1244 826 noudum
1264 801 1331 826 enim
1348 801 1479 834 poteratis,
1495 800 1538 827 sed
1553 799 1699 835 30fimac
1718 800 1803 828 adhue
1820 810 1832 836 ζ

1012 845 1112 879 quidem
1136 845 1240 880 potestis
1266 845 1291 877 <1
1313 845 1373 872 Cor.
1402 845 1453 877 ιιι).
1471 845 1631 872 Tradiderat
1657 846 1726 872 enim
1751 838 1832 875 ittis‘!

1011 889 1077 925 legis
1108 891 1261 917 mandatum
1275 910 1282 921 ,
1317 891 1391 925 quasi
1420 891 1459 917 lac
1476 891 1509 918 de
1541 892 1668 918 uberibus
1692 892 1803 920 duarum
1823 893 1832 909 ’“

162 938 234 958 eum.
250 932 322 965 Quos
337 939 398 958 cum
410 931 539 964 vidisset,
554 931 686 964 adoravit,
702 936 729 958 et
755 932 809 958 ait:
835 930 955 964 Domine,
971 934 996 966 B
1010 936 1159 963 tabularum
1175 943 1343 970 expressum,
1357 937 1406 963 boc
1417 941 1469 968 est,
1485 936 1685 963 Testamentum
1698 936 1768 964 tidei.

162 978 185 1004 εἰ
199 978 282 1004 inveni
292 979 400 1011 qratiam
411 978 437 1004 ῐη
447 978 527 1005 oculis
543 978 601 1011 tuis,
615 978 729 1004 laventur
744 978 820 1013 pedes
832 978 916 1011 vestri,
933 984 956 1005 et

160 1025 311 1059 requiescite
322 1025 366 1051 sub
383 1026 480 1052 arbore.

199 1070 226 1098 ⁴2.
243 1070 274 1097 Et
288 1071 353 1098 abiit
379 1071 513 1098 Abrabam
537 1071 570 1098 ad
585 1072 689 1104 saram,
705 1076 732 1098 et
753 1072 833 1106 jussit
848 1079 906 1099 eam
920 1080 955 1099 ex

163 1116 250 1143 tribus
261 1117 325 1143 satis
340 1116 429 1144 tacere
442 1117 635 1144 subcinericios
651 1125 742 1151 panes,
757 1125 823 1152 quos
833 1118 958 1151 apposuit

162 1162 215 1189 illis
231 1170 291 1189 cum
305 1163 400 1194 vituto,
417 1171 496 1197 quem
512 1164 591 1198 303
607 1168 755 1196 paraverat,
781 1164 904 1191 similiter
932 1169 959 1191 et

162 1208 204 1234 lac
217 1213 243 1235 et
254 1209 390 1243 butyrum.
403 1210 460 1243 lpsc
473 1218 538 1237 vero
551 1211 638 1237 stabat
648 1211 721 1243 juxta
734 1218 780 1238 eos
792 1211 841 1237 sub
851 1211 957 1238 arbore.

163 1254 284 1286 Cumque
313 1255 503 1288 comedissent,
535 1256 661 1283 dixerunt
682 1257 714 1283 ad
743 1265 802 1284 eum
823 1266 828 1283 ς
849 1256 898 1283 Ubi
923 1262 959 1284 est

162 1298 234 1326 Sara
246 1307 310 1326 uxor
325 1300 393 1326 lua?
408 1301 438 1325 At
453 1300 497 1326 ille
512 1309 520 1327 :
537 1300 613 1333 Ecce,
631 1302 726 1335 inquit,
743 1303 769 1327 in
796 1301 958 1328 tabernaculo

166 1349 221 1377 esl,'
235 1345 275 1370 cui
286 1345 356 1371 'dixit
369 1353 378 1371 ,·
400 1345 538 1372 Revertens
557 1346 656 1372 veniam
670 1347 704 1372 ad
724 1352 748 1373 te
768 1352 880 1382 tempore
896 1348 956 1381 ictu,

163 1395 187 1416 el
203 1391 472 1424 ImbehilfitiumSara
493 1400 557 1418 uxor
573 1396 626 1418 tua.

202 1434 228 1460 5.
246 1435 303 1468 Quo
317 1436 420 1468 audito,
436 1437 501 1463 Sara
518 1438 586 1464 risit.
607 1437 758 1466 Notandum
775 1440 873 1473 quippe
887 1439 957 1473 quod

164 1480 301 1508 Abrabam
331 1482 463 1516 triplicem
492 1483 588 1510 babeat
609 1484 720 1517 figuram
748 1485 775 1511 in
799 1486 955 1520 semetipso.

165 1526 285 1554 Primam
300 1527 458 1560 Salvatoris,
474 1529 590 1562 quando,
607 1530 700 1556 relicta
715 1530 875 1565 cognatione
898 1539 956 1563 sua,

163 1573 238 1599 venit
266 1573 292 1599 in
319 1574 388 1600 bunc
413 1574 559 1606 mundum;
586 1575 697 1602 alteram
726 1576 823 1608 Patris,
850 1577 957 1611 quando

1046 981 1072 1007 9.
1088 981 1205 1007 Necdum
1221 982 1291 1007 enim
1304 986 1426 1015 poterant
1438 986 1546 1015 propter
1559 982 1697 1008 infantiam
1710 979 1805 1010 sensus
1823 976 1832 1004 ἶ

980 1043 984 1047 ·
1009 1026 1050 1052 sui
1069 1026 1236 1060 Evangelicae
1250 1027 1379 1053 doctrinae
1391 1027 1503 1054 solidam
1520 1033 1547 1054 et
1563 1028 1699 1054 robustam
1714 1035 1803 1056 escam

1010 1071 1142 1106 accipere.
1159 1071 1287 1106 Butyrum
1303 1077 1392 1099 autem
1418 1072 1584 1099 uberrimum
1613 1077 1639 1099 et
1663 1072 1805 1108 pinguissi-

1011 1127 1083 1146 ntum
1112 1120 1317 1155 Evangeliorum
1341 1126 1382 1147 est
1404 1121 1598 1154 testimonium,
1628 1122 1698 1154 quod
1722 1122 1804 1150 veluti

1010 1166 1099 1192 oleum
1115 1165 1237 1192 fidelibus
1249 1166 1273 1192 in
1287 1165 1391 1200 signum
1401 1166 1489 1192 datur.
1503 1165 1556 1193 Sed
1569 1166 1680 1199 proinde
1691 1166 1802 1195 vitulum

1011 1218 1071 1238 cum
1085 1212 1168 1244 lacte,
1183 1216 1210 1238 ct
1225 1211 1349 1245 butyrum
1366 1211 1500 1238 Abraham
1514 1212 1649 1239 edendum
1666 1213 1802 1248 apposuit,

1012 1258 1073 1290 quia
1102 1264 1151 1283 nec
1175 1264 1272 1291 corpus
1300 1257 1418 1288 Domini.
1445 1258 1516 1292 quod
1545 1262 1586 1285 est
1612 1258 1720 1291 vitulus,
1747 1259 1804 1287 sine

1012 1302 1079 1328 lacte
1095 1302 1169 1336 legis.
1185 1309 1234 1328 nec
1250 1302 1291 1328 lac
1318 1302 1385 1337 legis
1397 1303 1455 1329 sine
1473 1303 1579 1338 butyro,
1606 1303 1656 1330 boc
1669 1308 1721 1336 est,
1746 1303 1804 1332 sino

1011 1346 1150 1381 Evangelii
1165 1348 1318 1374 testimonio
1328 1355 1388 1375 esse
1401 1353 1500 1381 potest.

1048 1393 1178 1420 losTria
1193 1398 1281 1420 autem
1293 1399 1361 1426 sata,
1385 1394 1456 1421 unde
1471 1394 1535 1422 Sara
1553 1402 1635 1429 panes
1659 1395 1804 1423 subcineri-

1011 1438 1068 1465 cios
1082 1438 1158 1471 fecit,
1173 1439 1252 1466 trium
1278 1439 1393 1467 liliorum
1422 1439 1478 1467 Noe
1506 1440 1648 1474 imaginem
1673 1441 1804 1468 indicave-

1011 1488 1084 1516 runt,
1101 1491 1133 1510 ex
1146 1484 1244 1516 quibus
1258 1491 1338 1511 omne
1361 1491 1446 1519 genus
1474 1484 1619 1511 humanum
1645 1489 1734 1511 uatum
1749 1489 1800 1520 est,

1011 1529 1065 1563 qui,
1083 1529 1180 1556 divinae
1196 1529 1321 1556 Trinitati
1335 1530 1486 1560 credentes.
1499 1537 1533 1557 ex
1550 1537 1618 1565 aqua
1634 1530 1803 1565 baptismatis

1012 1582 1059 1609 per
1074 1575 1233 1607 Ecclesiam,
1248 1577 1324 1610 cujus
1338 1576 1425 1610 imago
1439 1576 1505 1603 Sara
1520 1582 1587 1608 erat,
1608 1575 1803 1611 conspergendi

162 1616 311 1645 immolavit
325 1619 431 1645 unicum
451 1619 548 1650 lilium;
567 1621 672 1647 tertiam
690 1629 764 1653 vero,
781 1630 840 1656 quac
854 1623 880 1648 in
910 1624 960 1650 boc
976 1617 998 1648 C
1014 1625 1115 1654 essent,
1128 1622 1192 1649 etin
1209 1629 1263 1649 uno
1277 1629 1344 1655 pane
1357 1621 1455 1648 Christi
1466 1622 1588 1655 corporis
1602 1622 1750 1656 redigendi.

163 1661 224 1689 loco
239 1667 289 1695 est,
306 1663 416 1697 liguram
440 1666 553 1698 gestavit
574 1671 726 1693 sanctoruni
752 1667 796 1701 qui
812 1668 958 1695 advcnttnn

162 1707 261 1735 Christi
273 1717 332 1735 cum
345 1709 442 1744 gaudio
453 1717 640 1744 susceperunt.

200 1754 226 1779 4.
253 1754 469 1782 Tabernaculum
497 1760 586 1782 autem
617 1756 680 1783 illud
719 1757 832 1784 Abrabae
865 1762 958 1794 typum

163 1803 279 1826 terrenae
303 1800 452 1827 Jerusalem
480 1801 593 1833 babuit,
630 1801 674 1828 ubi
712 1803 799 1836 primo
838 1807 958 1838 tempore

163 1844 303 1878 propbetae
320 1849 347 1872 et
360 1845 475 1879 apostoli
501 1846 707 1879 liabitaverunt;
724 1847 768 1874 ubi
790 1853 817 1874 et
843 1848 958 1882 primum

163 1888 293 1916 Dominus
324 1890 470 1918 adveniens
500 1899 514 1918 a
547 1892 718 1919 credentibus
747 1899 876 1928 exceptus
889 1914 896 1926 ,
925 1895 959 1922 ab

161 1934 309 1962 incredulis
326 1941 365 1963 est
379 1937 405 1963 in
422 1937 495 1971 liguo
514 1944 668 1972 suspensus.

197 1980 223 2007 5.
241 1981 268 2007 ln
285 1981 368 2008 tribus
388 1987 474 2009 autem
491 1982 556 2009 viris
583 1983 627 2017 qui
654 1988 786 2011 venerunt
814 1985 846 2011 ad
873 1985 956 2018 illum,

162 2027 268 2055 Domini
284 2029 347 2056 Jcsu
363 2030 462 2057 Christi
478 2031 709 2064 praenuntiabatur
732 2031 878 2064 adventus.
896 2039 957 2059 cum

162 2081 215 2107 qno
231 2074 283 2100 duo
300 2075 385 2109 angeli
402 2075 609 2108 comitabantur,
626 2084 692 2110 quos
710 2077 829 2110 plerique
850 2078 957 2112 Moysen

162 2123 189 2144 et
204 2119 287 2144 Eliant
317 2120 458 2152 accipiunt,
474 2129 556 2148 unum
575 2122 670 2155 priscae
685 2123 749 2156 legis
766 2124 886 2156 latorem,
913 2125 957 2159 qui

164 2170 212 2195 per
236 2165 356 2190 conulem
388 2165 472 2199 legem
499 2166 643 2193 adventum
680 2167 784 2194 Domini
811 2168 955 2202 lttdicavit3

164 2208 256 2240 alium,
275 2210 318 2243 qui
332 2211 358 2236 in
374 2210 426 2237 line
439 2212 529 2238 mundi
543 2218 671 2239 venturus
687 2217 738 2245 est,
752 2213 957 2242 denuntiaturus

163 2255 310 2282 seeundum
325 2255 424 2282 Christi
440 2257 596 2290 adventum,
615 2264 694 2291 atque
708 2259 766 2293 ejus
783 2259 957 2294 Evangelium

162 2300 263 2327 suda-is
276 2301 482 2335 praedicaturns;
510 2303 580 2329 unde
609 2308 636 2330 et
659 2304 684 2330 in
709 2308 798 2331 monte
828 2305 1063 2335 Donninusnlsta
1096 2313 1137 2335 est
1156 2308 1228 2335 enim
1260 2309 1324 2335 sara
1350 2307 1469 2340 sterilis,
1492 2308 1534 2335 cui
1570 2315 1617 2342 per
1640 2307 1800 2343 Propbetam

164 2355 224 2374 cum
240 2340 334 2375 suisset
349 2348 566 2383 transfiguratus,
582 2349 608 2376 bi
622 2350 686 2382 duo,
708 2350 814 2386 Moyses
829 2356 856 2378 et
871 2351 954 2386 Elias,

163 2401 223 2421 cum
238 2402 271 2421 eo
284 2395 317 2421 ab
328 2395 457 2429 apostolis
469 2396 516 2422 visi
532 2399 594 2423 sunt
604 2395 714 2431 (Matth.
732 2395 810 2432 xvtt).

199 2440 226 2467 6.
241 2439 317 2474 Quod
330 2449 393 2468 vero
403 2441 539 2469 Abrabam
548 2445 602 2469 tres
615 2441 720 2475 videns,
735 2449 817 2469 unum
826 2438 956 2476 adoravit,

166 2486 307 2514 Dominum
322 2487 425 2515 scilicet
438 2487 603 2515 salvatorem
617 2487 774 2520 ostendens,
788 2485 864 2523 culus
878 2487 958 2516 etiam

164 2532 306 2560 adventum
318 2537 360 2560 est
373 2533 554 2568 praestolatus,
566 2533 643 2568 juxta
655 2533 727 2569 quod
738 2533 817 2561 etiam
831 2533 959 2563 Dominus

164 2578 191 2605 in
205 2579 347 2614 t-:vangetto
358 2579 396 2607 ait
407 2589 414 2607 z
429 2579 560 2607 Abraham
571 2580 685 2615 quaesiuit
692 2580 758 2608 diem
770 2583 852 2608 metam
862 2579 955 2615 nidere,

164 2625 237 2657 vidit,
249 2631 274 2654 et
287 2626 390 2662 gavisus
400 2631 438 2654 est
451 2625 540 2663 (Joan.
555 2634 615 2661 vni,
627 2626 683 2664 56).
700 2626 776 2656 'fune
789 2625 861 2656 enlm
873 2622 970 2656 tuturi'

163 2670 269 2704 aspexit
282 2671 438 2707 mysterium
449 2669 623 2701 sacramenti·

200 2770 265 2798 Cn.
281 2777 336 2797 xiv.
364 2770 399 2799 N.
429 2771 472 2799 Η.
497 2769 652 2807 Loryma,
674 2770 814 2806 Gotnplut.
833 2773 862 2798 et
883 2768 956 2806 opud

130 2832 133 2838 “
166 2803 467 2878 Επῖίῗῇἵᾞῖειιιίιιιᾷιιᾱυω
485 2848 581 2876 vapore
609 2848 640 2869 ro
650 2841 752 2874 catam
761 2828 870 2880 nme,
890 2838 955 2875 ἱῑιιί-

161 2872 958 2943 Διςὲιὲῑετέεπὲὲπιὲικέέ...ι.·,,·ἒὲ.ῖ.-·..“.·.“ι·..ι.....

975 2804 978 2805 ⁷
1006 2770 1086 2805 optat.
1100 2770 1138 2798 oo
1151 2770 1200 2800 tib.
1215 2776 1266 2799 nrt
1283 2771 1354 2800 sar·
1371 2770 1469 2810 (totvm
1481 2765 1724 2835 mmmm
1774 2769 1782 2778 '

1050 1668 1093 1695 11.
1107 1668 1169 1695 llaec
1182 1672 1244 1695 sunt
1259 1668 1304 1694 illa
1321 1668 1370 1695 tria
1379 1673 1435 1695 sata
1447 1675 1505 1702 quae
1518 1668 1647 1695 ntulierin
1660 1667 1803 1703 Evangelio

1012 1714 1182 1749 cognoscitur
1207 1713 1384 1741 fermentasse
1411 1714 1517 1749 (ΜαιιΙι.
1543 1722 1606 1746 xnt;
1640 1713 1704 1741 Luc.
1732 1714 1801 1750 xtn).

1011 1759 1106 1795 Azymi
1120 1764 1209 1787 autem
1222 1767 1316 1793 paneS‚
1330 1767 1362 1786 eo
1373 1759 1445 1793 quod
1460 1760 1519 1786 sine
1539 1759 1671 1786 fermento
1682 1759 1801 1793 maliti-⁵2,

1011 1810 1039 1833 et
1068 1806 1127 1833 sine
1154 1813 1256 1841 angore
1285 1806 1428 1840 nequidae,
1454 1806 1512 1833 sine
1536 1805 1641 1833 fervore
1667 1812 1802 1840 perversae
1825 1840 1832 1843 Δ

1011 1851 1141 1878 doctrinm
1177 1851 1319 1886 oportebat
1355 1858 1415 1879 esse
1455 1851 1622 1879 credentium
1659 1852 1801 1880 unitatem.

1011 1898 1187 1925 Subcinericii
1203 1903 1292 1925 autem
1309 1899 1378 1931 ideo,
1396 1902 1425 1925 ut
1441 1906 1487 1933 per
1501 1898 1686 1932 poenitentiam
1706 1903 1803 1933 praete-

1011 1945 1124 1971 ritorum
1140 1943 1298 1971 delictorum
1323 1943 1438 1978 Spiritus
1462 1945 1548 1972 saneti
1574 1951 1673 1979 vapore
1685 1943 1800 1978 decocti,
1830 1948 1832 1977 3

1011 1989 1083 2016 velut
1097 1995 1160 2016 esca
1174 1989 1342 2023 beneplacita
1358 1989 1424 2022 Deo,
1436 1989 1616 2024 acceptabiles
1641 1989 1801 2017 efficiantur.
1829 1991 1832 2025 ξ

1047 2035 1091 2062 12.
1116 2035 1174 2064 Sub
1201 2036 1298 2064 arbore
1325 2041 1417 2064 autem
1443 2044 1491 2064 eos
1517 2037 1620 2064 sedisse
1638 2056 1648 2071 ,
1669 2036 1802 2072 passionis
1823 2030 1832 2067 ζ

1011 2079 1152 2108 dominicae
1166 2085 1225 2108 erat
1237 2081 1354 2116 signum,
1369 2081 1444 2116 cujus
1461 2081 1511 2116 ipsi
1524 2085 1587 2109 sunt
1601 2081 1801 2118 praedicatores.
1822 2072 1832 2115 ἱ

1011 2125 1087 2159 Quod
1116 2131 1205 2153 autem
1230 2126 1363 2160 promittit
1389 2127 1460 2154 Deus
1486 2127 1560 2154 Sarae
1586 2125 1671 2154 sterili
1695 2126 1777 2154 fllium
1790 2146 1800 2159 ,
1827 2118 1832 2164 ξ

1011 2170 1103 2198 dicens
1120 2180 1127 2198 :
1141 2171 1215 2198 Circa
1226 2170 1273 2198 hoc
1287 2175 1385 2204 tempus
1395 2172 1505 2204 veniam.
1521 2179 1574 2199 non
1589 2171 1623 2199 de
1637 2171 1802 2206 temporibus

1011 2216 1155 2251 significat,
1168 2217 1215 2244 sed
1232 2217 1266 2244 de
1279 2217 1410 2252 qualitate
1423 2217 1554 2244 adventus
1565 2217 1616 2250 sui.
1632 2216 1737 2252 quando
1753 2223 1802 2252 per

1011 2262 1094 2290 filium
1111 2264 1305 2297 repromissum
1319 2263 1406 2291 tidelis
1422 2268 1480 2291 erat
1495 2263 1610 2299 populus
1635 2264 1800 2292 nasciturus·
1821 2277 1827 2281 ·

1009 2352 1137 2380 Dominus
1162 2353 1248 2379 dicit:
1274 2352 1392 2386 Laetare,
1420 2352 1530 2385 sterilis,
1552 2360 1610 2388 qum
1637 2362 1687 2380 non
1710 2354 1800 2388 paris,-

1009 2405 1114 2431 erumpe
1129 2401 1152 2424 et
1179 2394 1341 2432 damnarat
1363 2406 1415 2426 non
1434 2399 1559 2433 parturis,
1575 2399 1696 2433 quoniam
1713 2399 1801 2434 plura

1010 2441 1059 2476 filii
1070 2443 1176 2470 desertoe
1186 2443 1267 2479 maqt's
1282 2451 1360 2478 quam
1370 2443 1427 2480 ejus
1441 2450 1498 2479 quoe
1509 2443 1582 2472 habet
1604 2444 1696 2473 virum.

1046 2486 1090 2515 15.
1106 2486 1186 2515 Risus
1197 2493 1286 2516 autem
1298 2488 1373 2518 snrae
1396 2498 1447 2518 non
1462 2494 1505 2519 est
1518 2485 1658 2524 dubitatio.
1671 2487 1718 2519 sed
1739 2497 1802 2526 pro·r

1010 2533 1111 2569 photio.
1137 2533 1188 2568 Qui
1217 2532 1287 2562 risus
1315 2532 1450 2570 duplicem
1478 2535 1559 2566 habet
1581 2535 1819 2572 significantiam-„⁴

1012 2576 1075 2607 Sive
1102 2579 1174 2614 quod
1205 2579 1277 2608 risus
1306 2586 1379 2609 esset
1412 2581 1518 2610 tuturus
1543 2568 1626 2620 m
1654 2568 1784 2622 increduli·

1009 2620 1142 2660 Christus,
1159 2624 1216 2654 sive
1238 2621 1309 2663 quod
1322 2633 1416 2656 omnes
1429 2622 1551 2658 inimicos
1575 2623 1603 2674 {n
1626 2619 1729 2665 judicio
1749 2622 1763 2667 s

1007 2674 1079 2701 esset
1093 2668 1208 2702 risurus.
1232 2669 1309 2702 Unde
1321 2678 1350 2703 et
1376 2673 1434 2711 lpse
1448 2674 1494 2712 qut
1517 2659 1696 2711 nimiost}
1717 2656 1784 2706 ὄπ·

1539 2732 1542 2736 ’
1718 2733 1730 2753 Α
1747 2732 1750 2753 t

1007 2805 1068 2837 min
1186 2811 1213 2834 ta
1228 2810 1277 2834 ue.
1297 2806 1334 2835 ιι
1353 2803 1437 2843 Δις..

1009 2807 1442 2886 &unwan-nomam
1453 2838 1515 2887 με,
1532 2805 1730 2894 mia?-
1746 2870 1750 2874 Δ

1008 2873 1247 2911 mmet-m,
1282 2901 1284 2905 ,
1420 2884 1433 2894 .
1495 2882 1507 2899 0
1533 2878 1617 2897 „mo
1657 2877 1686 2894 t.
1730 2878 1753 2893 u.

1417 2924 1423 2930 .
1443 2915 1479 2934 ,·-’
1500 2910 1588 2932 ,uotum
1602 2905 1709 2934 eus-ahs
1727 2917 1751 2932 n·
