1832 3016
125 168 171 198 ΙΙΙ

634 164 663 192 S.
683 162 805 192 tstnom
824 160 1043 191 tttst’AtAENSts
1063 160 1211 189 Eptscot’t

1695 164 1744 192 ΗΞ

121 231 178 259 sto,
195 225 272 262 129
285 223 424 260 posterior,
440 220 615 254 Christianus,
642 228 703 249 eum
724 227 802 255 quem
829 218 901 247 vehit
917 218 944 249 Α
956 220 1030 253 quasi
1047 219 1136 246 l'avutn
1157 219 1190 246 ab
1216 226 1262 246 ore
1282 219 1380 254 reperti
1400 219 1500 252 leonis,
1518 218 1666 253 abstraxit,
1687 219 1745 248 sivo

122 270 229 305 inspicit
241 274 269 296 et
278 268 396 302 sequitur
405 266 551 293 Christum.

156 316 200 343 72.
219 315 282 342 Jesu
294 313 364 340 Nave
381 311 521 346 imaginem
533 311 680 339 Salvatoris
692 310 836 345 expressit,
858 309 904 344 qui

121 361 204 387 nosiu
220 363 315 386 terram
340 357 554 392 repromissionis
569 356 689 388 induxit,
705 359 732 383 et
747 356 772 382 in
793 362 904 390 regnum

120 405 238 433 coelestis
251 405 345 439 gloriae
359 403 509 430 collocavit.

153 450 198 477 75.
218 450 292 476 Raab
314 449 436 476 meretrix
459 449 567 482 liguram
583 449 667 475 tenuit
688 447 825 480 Ecclesiae,
848 454 906 480 quae

119 504 166 528 per
180 502 288 523 coccum
299 515 306 526 ,
321 494 346 521 id
360 498 398 520 cst
409 514 416 526 ,
431 501 478 528 per
494 494 626 528 passionis
639 493 779 520 dominicze
790 493 906 526 signum,

121 540 155 566 ab
169 539 277 566 interim
291 539 379 566 mundi
396 539 521 565 salvatur.

155 584 198 611 74.
221 585 277 611 Duo
297 584 480 617 exploratores
505 583 577 609 missi
601 590 616 609 a
640 583 703 610 Jesn
731 584 758 609 in
783 582 889 609 Jeriebo
899 603 907 615 ,

121 638 188 664 quos
202 629 318 663 suscepit
333 630 404 655 Raab
424 628 566 662 (lamen),
582 629 634 655 duo
660 629 840 660 intelliguntur
858 629 907 654 Tc-

122 681 254 703 stamenta
270 677 296 702 in
311 676 438 702 mundum
453 675 533 702 missa
548 683 606 709 quae
618 675 733 708 suscepit
746 674 862 701 Ecclesia
876 682 907 702 ex

121 721 243 756 gentibus
267 725 436 755 congregata.

156 766 200 794 75.
221 767 332 798 Aeliam,
344 767 387 800 qni
400 767 433 793 de
446 766 553 793 Jericlto
568 767 736 793 anathemate
747 766 907 799 concupivit.

121 811 254 846 significat
266 819 389 845 nequam,
406 816 434 838 et
448 816 624 845 peccatorem,
641 813 683 846 qni
698 818 755 846 post
769 813 847 839 tidem
864 820 909 839 sar,-

122 858 227 885 culares
241 865 345 890 mores,
358 857 400 884 vel
419 858 507 884 mundi
525 858 662 884 illecebras
677 859 786 891 appetit.

959 265 1019 299 quia
1035 270 1093 299 post
1107 269 1218 292 mortem
1232 265 1322 298 plures
1336 265 1467 297 lucratus,
1491 264 1672 298 plurimosque
1688 270 1745 291 ιιιιι-

957 309 1030 336 riens
1042 317 1119 344 quam
1131 311 1224 337 vivens
1237 310 1374 339 exstinxit.

992 354 1036 380 81.
1057 354 1140 381 Dalila
1153 375 1159 386 ,
1177 362 1236 389 quae
1254 355 1367 381 Samson
1383 355 1508 381 verticem
1523 355 1670 381 decalvavit
1687 355 1747 390 (Ju-

957 398 1009 426 dic.
1025 399 1090 434 xvi),
1112 400 1278 434 Synagogam
1304 399 1450 435 significat,
1477 407 1536 433 quae
1560 400 1695 427 Christum
1719 401 1745 426 in

958 445 1016 471 loco
1031 445 1159 472 Calvarize
1174 445 1318 473 crucifixit.

994 490 1038 517 82.
1060 490 1130 516 Ruth
1148 490 1314 523 alienigena,
1331 498 1390 524 quat
1411 490 1558 517 israelitico
1572 491 1630 518 viro
1646 490 1746 524 nupsit,

959 535 1105 562 Ecclesiam
1120 543 1151 562 ex
1164 536 1288 568 gentibus
1302 535 1333 562 ad
1344 535 1478 562 Christum
1489 536 1638 562 venientem
1656 540 1747 562 osten-

959 582 1007 610 dit.

996 629 1040 655 253.
1054 628 1124 654 ssooz
1135 631 1224 654 autem
1237 627 1371 654 Christum
1383 634 1474 654 verum
1488 627 1611 653 Ecclesiae
1622 633 1749 661 sponsum

960 674 1099 708 expressit,

996 720 1039 745 8t.
1060 720 1146 751 Anna,
1161 727 1219 753 quae
1234 720 1282 746 luit
1295 719 1406 751 sterilis,
1419 723 1445 745 et
1457 719 1623 753 postmodum
1635 719 1747 745 secunda

962 766 1027 791 l'acta
1044 770 1084 790 cst
1097 765 1120 798 (Ι
1140 765 1215 800 Iieq„
1233 765 1252 797 ι)
1268 764 1413 791 Ecclesiam
1427 764 1523 790 Christi
1538 764 1679 798 significat,
1692 771 1750 796 qute

963 811 1035 844 prius
1051 811 1076 836 in
1100 810 1221 843 gentibus
1237 814 1295 837 erat
1311 810 1425 842 sterilis,
1447 817 1516 836 nunc
1540 810 1650 844 largiter
1671 809 1751 843 pollet

966 864 1013 890 per
1027 856 1177 882 universam
1195 860 1293 883 terram
1307 856 1379 889 prole
1395 863 1544 883 numerosae
1559 856 1738 883 fecunditatis.

157 906 201 932 76.
222 905 343 936 Gedeon,
364 904 407 937 qui
428 910 487 929 cum
500 904 627 929 trecentis
649 903 712 929 viris
738 904 854 936 perrexit
876 903 907 929 ad
924 895 948 924 Β
997 902 1040 928 85.
1062 902 1120 927 Heli
1134 901 1258 928 sacerdos
1271 900 1466 935 reprobatus(1
1482 900 1546 935 Req.
1565 900 1605 935 ιιι)
1626 900 1752 933 abiectio-

122 951 242 985 praelinm
257 950 355 986 (lodic.
373 950 431 981 vttl,
449 953 539 984 typum
560 948 658 975 Christi
674 949 804 983 gestavit,
825 950 867 983 qni
885 950 909 975 in

121 996 199 1030 signo
213 996 303 1022 crucis
313 995 346 1022 de
357 994 455 1021 mundo
470 993 606 1020 victoriam
623 994 777 1027 reportavit.
795 994 911 1020 Trecen-

122 1044 210 1066 torum
226 1040 298 1066 enim
314 1045 439 1065 numerus
461 1038 487 1064 in
503 1038 558 1063 Tau
576 1037 661 1064 littera
677 1038 837 1068 continetur,
865 1046 912 1071 per

124 1092 204 1118 quam
217 1087 303 1111 crucis
318 1084 420 1117 species
435 1083 594 1110 ostenditur.

157 1130 203 1157 77.
223 1129 311 1156 Sisara
337 1134 415 1163 typus
437 1129 533 1154 diaboli
555 1127 613 1153 suit.
639 1127 712 1154 Jaltel
736 1133 834 1160 autern,
853 1136 911 1162 quae

122 1181 239 1210 tempora
255 1175 312 1210 ejus
327 1175 403 1201 clavo
417 1178 443 1201 et
458 1174 553 1200 malleo
568 1174 717 1204 transfodit.
729 1174 857 1200 Ecclesiae
873 1179 911 1209 ty-

123 1230 185 1256 pum
199 1221 340 1254 expressit,
357 1228 415 1254 quae
436 1227 484 1254 per
500 1220 625 1246 vexillum
640 1221 726 1247 crucis
747 1221 843 1247 diaboli
858 1221 913 1247 im-

125 1267 227 1302 perium
244 1265 385 1292 interiecit.

161 1312 238 1347 130
251 1311 295 1337 78.
317 1311 373 1344 lpsa
389 1317 495 1343 utroque
505 1309 635 1342 Debbora,
650 1310 771 1342 ejusdem
786 1311 912 1339 Ecclesiae

127 1360 218 1390 typum
236 1359 343 1389 portans
356 1376 363 1388 ‚
378 1354 482 1380 devicto
497 1355 522 1380 in
536 1354 626 1380 Sisara
639 1355 746 1381 diabolo
759 1377 766 1388 ‚
781 1357 912 1383 canticum

124 1400 240 1428 eoetestis
253 1400 343 1433 gloriae
364 1399 523 1433 proclamat.

161 1443 205 1470 79.
225 1443 332 1476 leonte,
350 1443 393 1477 qui
410 1451 457 1475 pro
473 1443 582 1469 victoria
598 1443 706 1469 obtenta
724 1443 804 1470 liliam
821 1444 914 1471 immo-

125 1488 189 1514 lavit
204 1487 309 1523 (tudio.
326 1487 381 1522 ιιι),
404 1486 591 1521 Redemptoris
611 1488 768 1515 ostendebat
791 1489 912 1523 liguram,

126 1536 180 1570 qui,
199 1543 233 1563 ex
253 1535 351 1562 mundo
367 1535 541 1569 triumphans,
560 1543 667 1562 carnem
682 1537 815 1569 propriam
832 1536 857 1562 in
872 1544 915 1563 sa-

127 1581 256 1609 criticium
271 1582 377 1608 obtulit.

179 1626 223 1653 80.
242 1627 354 1653 Samson
381 1626 524 1653 salvatoris
547 1625 629 1652 nostri
659 1629 772 1652 mortem
788 1630 814 1653 et
828 1627 915 1654 victo-

127 1671 192 1699 riam
212 1672 349 1705 liguravit,
370 1671 428 1698 sive
441 1670 501 1704 quia
517 1670 551 1697 de
566 1670 684 1697 saucibus
698 1670 796 1697 diaboli
812 1678 913 1705 gentes,

161 1738 206 1765 72.
225 1737 288 1764 Jestt
309 1737 391 1764 Nave.
415 1736 507 1770 Josue,
528 1736 610 1763 lilium
635 1736 719 1767 Num,
739 1744 817 1771 quem
843 1738 912 1765 Lxx

127 1773 229 1804 Jesum,
244 1773 324 1799 titium
337 1772 420 1803 Nave,
435 1776 540 1801 vocant,
557 1772 641 1797 virum
658 1772 751 1805 insigni
766 1773 847 1799 animi
861 1773 914 1799 for-

129 1807 250 1838 titudine,
268 1808 370 1841 Moyses
384 1811 410 1832 ct
423 1806 497 1833 vivus
514 1806 604 1832 babuit
616 1807 765 1833 ministrum
777 1827 783 1838 ,
806 1813 832 1833 et
853 1815 912 1834 mo-

129 1842 202 1869 riens
222 1842 324 1875 imperii
346 1848 451 1868 succes
472 1848 537 1867 rem.
554 1841 618 1874 Ejus
634 1841 746 1873 primum
772 1842 870 1868 tuentio
886 1843 914 1868 lit

129 1877 215 1903 Exotl.
231 1884 295 1906 xvu,
311 1883 371 1902 cuin
388 1877 439 1901 nob
461 1883 501 1902 em
524 1882 636 1908 pugnam
659 1876 733 1902 inivit
752 1884 810 1903 cunt
833 1878 913 1903 Aina-

130 1911 201 1942 leclt,
218 1911 244 1937 in
260 1918 309 1944 qua
325 1912 405 1937 etiam
419 1910 502 1936 victor
517 1910 574 1936 luit.
590 1911 718 1942 Quocirca
734 1912 860 1943 praaectare
875 1912 912 1938 ait

128 1946 256 1979 Origenes
269 1953 294 1971 ιιι
307 1945 379 1972 illum
392 1946 476 1977 ipsum
491 1945 575 1970 locutu
589 1954 595 1970 ι
611 1944 696 1979 Usque
705 1946 815 1971 adhunc
827 1948 910 1972 locum

129 1982 194 2006 beati
219 1980 328 2006 nominis
339 1979 401 2005 lesu
412 1987 536 2013 nusquam
551 1979 619 2013 {acta
633 1985 668 2006 est
684 1982 794 2012 mentio,·
809 1982 848 2006 ln'c
865 1982 912 2013 pri·

129 2023 199 2041 munt
210 2015 325 2041 vocabuli
337 2015 413 2048 nujus
425 2014 544 2048 splendor
554 2014 658 2046 effulsit.
674 2015 744 2041 idem
757 2022 815 2041 cuni
831 2015 914 2042 unde-

130 2050 181 2076 cim
195 2049 274 2076 sociis
294 2054 390 2075 terrant
411 2049 566 2082 promissam
580 2049 742 2081 exploravit,
764 2054 790 2075 ct
807 2050 914 2076 anlaeos

129 2083 228 2111 tractos
247 2089 318 2110 metu
341 2091 372 2110 ac
391 2083 540 2110 debilitatos
560 2084 740 2115 contii-mavit,
761 2085 838 2111 Nun».
855 2093 912 2111 xttt.

130 2118 190 2150 Quo
203 2119 262 2145 loco
283 2119 362 2148 Osee,
383 2118 408 2144 i‹t
422 2122 474 2150 est,
488 2118 613 2144 Servator
627 2120 785 2151 appellatur,
802 2119 826 2144 id
841 2120 911 2152 quod

131 2153 233 2179 notavit
247 2152 274 2178 in
292 2160 319 2186 q.
333 2151 369 2179 25
384 2151 409 2178 iu
431 2152 507 2178 Num.
523 2153 662 2179 Postremo
683 2155 779 2186 populo
793 2153 838 2180 Dei
853 2161 911 2187 post

132 2186 265 2213 devictum
280 2194 360 2213 unum
376 2191 403 2212 et
416 2186 520 2219 triginta
537 2194 613 2220 reges
637 2188 663 2213 in
685 2192 782 2214 terram
797 2189 910 2221 promis-

133 2228 189 2247 sam
204 2220 365 2252 introducto,
385 2220 455 2247 ittam
477 2221 574 2247 divisit.
592 2221 624 2247 Et
644 2229 702 2248 cum
724 2223 841 2252 nomine,
857 2228 911 2249 tum

134 2255 214 2282 rebus
228 2254 427 2288 praeclarissime
450 2255 530 2289 gestis
541 2276 548 2286 ,
569 2255 667 2282 Christi
686 2256 750 2283 lesu
765 2256 912 2284 salvatoris

134 2290 217 2316 nostri
231 2290 372 2324 imaginem
385 2290 526 2322 expressit.
541 2289 625 2316 Soita.

169 2323 214 2351 75.
235 2324 317 2351 Raab.
328 2324 393 2351 Nam
407 2323 522 2357 Jericho,
538 2323 562 2350 id
578 2329 630 2356 est,
648 2325 720 2357 luna,
735 2325 862 2352 mundum
878 2326 914 2353 si-

132 2359 260 2392 gnificat,
281 2359 325 2393 qui
348 2363 416 2385 totus
437 2359 463 2385 iu
485 2358 599 2392 maligno
612 2361 712 2393 positus
732 2365 782 2392 est,
797 2359 913 2388 lloann.

133 2400 192 2426 cap.
214 2393 261 2420 ult.
280 2395 302 2420 A
322 2394 398 2427 cuius
408 2392 488 2420 exitio
500 2393 597 2420 Christi
613 2394 740 2428 sanguine
758 2395 912 2422 liberamur.

136 2428 217 2454 Sum.
543 2449 550 2455 .

169 2462 212 2488 76.
229 2462 341 2489 Cedeon.
364 2462 403 2489 De
422 2462 508 2489 littera
524 2462 546 2489 T
566 2462 658 2490 Graeca
673 2470 762 2490 sermo
777 2468 828 2491 est.
841 2463 914 2491 lianc

135 2503 223 2524 antem
238 2497 388 2531 allegoriam
404 2497 509 2531 egregie
533 2502 627 2524 tractat
643 2498 736 2524 beatus
751 2499 914 2532 Augustinus

137 2531 177 2557 liis
190 2531 276 2558 verbis
289 2533 315 2558 in
328 2539 355 2565 q,
372 2531 404 2558 37
418 2532 445 2559 in
461 2532 506 2559 lib.
523 2532 584 2559 Jud.
601 2541 607 2557 :
634 2532 778 2564 Numerus,
794 2535 853 2567 qaia
866 2538 917 2560 tre-

137 2567 198 2591 centi
213 2570 295 2596 erant,
306 2566 406 2601 siquam
420 2566 533 2593 insinuat
553 2567 635 2593 crucis
654 2572 758 2601 propter
773 2567 884 2594 litteram
897 2568 918 2595 T

110 2615 114 2617 Λ
138 2599 260 2632 Groecam,
271 2608 321 2635 qua
335 2603 380 2627 iste
390 2609 511 2627 numerus
523 2601 690 2636 significatur,
706 2609 750 2635 pei·
765 2610 827 2634 quos
841 2606 918 2629 ettam

138 2638 220 2667 acates
230 2643 309 2668 ιιιαςιι
319 2636 345 2662 in
355 2634 512 2669 Crucifiaeum
521 2636 660 2662 credituras
670 2636 862 2671 praefiguratum
869 2641 915 2671 est,

138 2669 203 2700 niuea
218 2668 300 2695 littera
309 2669 399 2696 Groeca
415 2674 462 2696 est.
483 2669 557 2696 Unde
572 2669 719 2697 Graecorum
735 2671 836 2698 nomine
848 2671 918 2704 Apo-

138 2705 215 2728 stotur
228 2711 314 2730 rumim
327 2709 412 2738 yentu
427 2704 568 2737 siguificat,
587 2712 644 2731 cum
656 2705 718 2733 dicit
732 2712 742 2731 .-
752 2705 845 2733 tunso
858 2713 917 2732 rni-

140 2742 204 2768 ttun,
218 2744 252 2764 ετ
263 2737 376 2770 Canem
388 2739 454 2773 quod
466 2739 492 2765 in
502 2739 597 2774 linquis
610 2739 721 2774 gentium
728 2738 819 2767 Groeca
828 2741 865 2767 ita
874 2747 919 2767 a·

141 2769 222 2801 aaut,
232 2775 260 2797 ιιι
273 2780 317 2804 per
326 2771 398 2799 illem
408 2781 494 2800 omnes
503 2773 619 2800 decenter
632 2774 819 2809 st'qm'licetuur.
833 2774 917 2802 Stin.

174 2802 243 2843 litia.
257 2805 330 2845 liam
341 2806 496 2842 allegoriam
513 2808 645 2842 expressit
656 2815 734 2837 sacer
754 2813 831 2843 poeta
851 2809 918 2839 Pru-

141 2835 257 2871 dentius.
271 2847 298 2866 ιιι
322 2840 424 2874 matut.
447 2841 480 2868 ad
503 2841 752 2877 Psychomachiam,
776 2850 849 2872 vm.
869 2841 917 2876 5⁶,

963 955 1023 973 nem
1040 947 1179 973 sacerdotii
1195 947 1300 974 Veteris
1313 946 1475 973 Testamenti
1491 946 1680 980 prwliguravit..

998 991 1042 1018 86.
1064 993 1170 1020 Samuel
1185 1000 1258 1023 vero.
1274 992 1318 1026 qui
1334 992 1475 1025 reprobato
1491 992 1547 1017 lleli
1565 993 1589 1017 in
1604 991 1752 1017 ministerio

963 1039 1121 1065 sacerdotali
1136 1038 1264 1065 successit
1279 1037 1373 1072 (Ibid.)
1385 1059 1392 1070 ,
1409 1038 1469 1065 novi
1484 1038 1626 1064 sacerdotii
1643 1044 1754 1064 succes-

962 1085 1076 1115 sionem,
1092 1085 1195 1117 abJ'ecto
1209 1085 1292 1110 veteri
1309 1084 1476 1113 sacerdotio.
1499 1083 1698 1116 praenuntiavit.

999 1129 1043 1155 87.
1064 1129 1122 1155 Duo
1137 1127 1182 1154 lilii
1197 1128 1254 1155 lleli
1270 1128 1435 1159 sacerdotes,
1451 1128 1494 1160 qui
1511 1132 1588 1160 capta
1605 1135 1619 1154 a
1632 1128 1754 1162 gentibus

963 1181 1024 1200 arca
1042 1173 1173 1208 perempti
1188 1179 1250 1199 sunt
1265 1173 1289 1207 (Ι
1308 1173 1372 1207 neq.
1395 1172 1444 1208 tv),
1470 1173 1621 1206 signilicant
1642 1174 1753 1207 posteri-

964 1224 1044 1246 tatem
1059 1219 1199 1246 sacerdotii
1218 1219 1314 1253 prioris
1337 1219 1419 1245 luisse
1443 1219 1619 1250 exstinctam,
1643 1222 1670 1244 et
1686 1218 1751 1252 legis

964 1265 1163 1291 Testamentum
1175 1264 1207 1290 ad
1219 1264 1319 1290 cultum
1335 1264 1454 1297 gentium
1471 1270 1530 1289 esse
1546 1263 1713 1289 translatum.

1003 1310 1079 1344 131
1096 1310 1140 1336 88.
1156 1308 1219 1335 Saul
1235 1309 1307 1343 regni
1321 1309 1423 1335 Jmtaici
1440 1308 1557 1334 insinuat
1572 1308 1755 1343 repromissio-

965 1361 1037 1385 netn,
1054 1354 1094 1379 vel
1110 1353 1336 1387 reprobationem,
1359 1354 1414 1380 sive
1433 1354 1551 1385 ejusdem
1571 1353 1659 1387 populi
1675 1361 1756 1380 aemu-

966 1399 1102 1431 lationem,
1127 1399 1171 1433 qui
1195 1399 1287 1430 David,
1304 1399 1328 1425 Μ
1354 1403 1406 1431 est,
1422 1398 1554 1425 Christum
1580 1398 1677 1432 injusto
1696 1399 1756 1426 odio

966 1444 1073 1471 invidiae
1086 1448 1198 1470 conatus
1213 1447 1254 1470 est
1266 1443 1398 1469 occidere.

1001 1490 1045 1517 89.
1069 1489 1151 1516 David
1177 1489 1222 1514 filii
1249 1489 1294 1515 Dei
1318 1492 1344 1514 et
1359 1487 1503 1515 Salvatoris
1522 1487 1603 1514 nostri
1624 1487 1756 1520 expressit

968 1534 1119 1568 imaginem,
1135 1533 1191 1559 sive
1202 1533 1272 1566 quod
1285 1532 1458 1558 insectatione
1469 1532 1620 1558 Judaeorutn
1633 1531 1756 1565 injustam

930 1573 953 1604 C
969 1579 1182 1614 persecutionem
1198 1578 1333 1610 sustinuit,
1349 1578 1407 1604 sive
1432 1578 1492 1611 quia
1512 1577 1632 1603 Christus
1647 1585 1678 1604 ex
1699 1577 1756 1611 ejus

970 1626 1053 1658 stirpe
1067 1631 1174 1651 carnem
1190 1624 1344 1657 assumpsit.

1006 1671 1050 1698 90.
1076 1669 1153 1697 Urias
1177 1670 1300 1696 iletbaeus
1326 1674 1416 1704 typum
1436 1669 1527 1695 babuit
1545 1669 1658 1700 diaboli,
1682 1669 1758 1703 cujus

964 1745 1044 1772 quem
1058 1737 1146 1764 locum
1164 1735 1192 1762 in
1208 1735 1405 1769 Prudenfianis,
1421 1744 1479 1771 cap.
1495 1738 1540 1770 ⁶20,
1557 1738 1614 1764 luse
1628 1738 1755 1772 explicui.

966 1776 1053 1801 Annv.

1002 1807 1045 1834 79.
1065 1806 1167 1842 Iephte.
1188 1808 1283 1835 Beatus
1297 1807 1473 1842 llicronymus
1489 1808 1523 1833 ait
1539 1807 1564 1834 in
1576 1809 1697 1834 vovendo
1723 1809 1756 1835 il-

965 1843 1018 1869 lum
1033 1843 1114 1868 inisse
1126 1843 1246 1874 stultum,
1259 1846 1284 1868 et
1301 1843 1323 1868 in
1338 1843 1472 1868 reddendo
1490 1843 1611 1875 impium.
1624 1843 1650 1868 ln
1662 1843 1755 1870 eadem

965 1878 1097 1904 sententia
1108 1881 1149 1903 est
1161 1878 1252 1904 beatus
1267 1877 1392 1902 Thomas.
1408 1877 1459 1904 Sed
1475 1878 1567 1903 beatus
1581 1877 1755 1911 Augustinus,

965 1920 991 1945 q.
1007 1911 1057 1943 49,
1073 1912 1098 1936 in
1114 1912 1158 1938 lib.
1181 1912 1258 1945 Jud.,
1275 1918 1449 1944 quaesttonem
1466 1912 1534 1938 lianc
1555 1919 1677 1946 magnati·
1694 1920 1754 1940 esse

966 1947 1013 1978 ait,
1029 1952 1055 1973 et
1070 1946 1101 1972 ad
1111 1946 1282 1980 judicandum
1298 1946 1479 1973 utilit-illimato
1493 1966 1500 1978 ,
1522 1947 1555 1973 de
1568 1954 1620 1980 qua
1636 1947 1692 1980 ipse
1707 1954 1754 1974 co-

967 1983 1041 2013 piose
1064 1981 1089 2007 iu
1115 1983 1206 2014 primis
1218 1987 1244 2007 et
1261 1981 1364 2007 erudite
1394 1981 1510 2007 disserit.
1545 1981 1681 2014 Utcunque
1703 1982 1756 2014 sit,

967 2021 1069 2042 certuin
1083 2021 1123 2042 est
1138 2016 1171 2043 de
1183 2015 1339 2050 quibusdam
1353 2016 1428 2041 malis
1440 2016 1564 2049 operibus
1581 2017 1716 2042 hominum
1728 2017 1754 2042 in

968 2051 1112 2083 Scriivturis
1123 2051 1223 2077 sanctis
1233 2051 1354 2084 quaedam
1371 2058 1421 2076 non
1435 2052 1514 2081 mata,
1527 2050 1573 2077 sed
1587 2050 1655 2076 bona
1670 2051 1754 2077 lutura

968 2086 1111 2118 significari
1125 2094 1132 2117 ;
1148 2086 1173 2112 id
1198 2086 1265 2119 ‹piod
1280 2085 1383 2111 erudite
1399 2088 1491 2118 probat
1507 2086 1577 2111 idern
1596 2086 1688 2112 beatus
1702 2086 1757 2112 Att-

969 2120 1099 2154 gostinus,
1115 2120 1141 2146 in
1158 2120 1204 2147 Ιὼ.
1218 2127 1267 2152 xu,
1280 2125 1352 2146 cont.
1365 2119 1501 2146 Faustum.
1515 2121 1597 2147 Sum.

1002 2153 1047 2182 80.
1069 2154 1153 2187 Fora,
1171 2156 1304 2188 pluresque
1319 2155 1438 2182 moriens.
1455 2157 1541 2182 Ansv.

1000 2189 1045 2216 86.
1067 2189 1172 2215 Samuel
1185 2198 1254 2216 vero.
1274 2189 1424 2216 Samuelem
1451 2197 1502 2216 nou
1527 2190 1608 2217 luisse
1628 2190 1754 2217 sacerdo-

967 2227 1030 2254 tem,
1051 2225 1097 2249 sert
1123 2225 1241 2254 levitam.
1259 2224 1333 2250 multi
1356 2224 1523 2256 existiinant;
1539 2231 1614 2251 ortus
1629 2225 1698 2251 enirn
1715 2229 1756 2251 est

965 2265 998 2284 ex
1009 2257 1136 2284 Abiatliar
1147 2259 1200 2284 tilio
1210 2259 1288 2288 Core,
1303 2259 1310 2284 Ι
1323 2258 1408 2284 ΡιιιιιΙ.
1421 2265 1457 2287 vt.
1471 2266 1531 2284 cunt
1542 2261 1696 2285 sacerdotes
1711 2267 1757 2286 ne·

930 2298 955 2326 Β
967 2299 1043 2319 cesse
1064 2292 1143 2318 fuerit
1158 2293 1286 2326 originem
1301 2294 1399 2318 ‹lucere
1413 2288 1560 2319 ex‘Aaron.
1574 2295 1660 2326 Atque
1673 2294 1698 2319 id
1717 2295 1756 2320 vi-

967 2326 1045 2353 detur
1067 2326 1178 2352 innuere
1205 2327 1304 2352 Psaltn.
1327 2333 1418 2358 xcviii,
1435 2326 1475 2352 ltis
1489 2327 1578 2352 verbis
1595 2336 1601 2353 :
1618 2327 1720 2361 Moyses
1735 2333 1758 2354 et

966 2360 1055 2387 Aaron
1061 2361 1088 2387 in
1101 2361 1272 2386 sacerdotibus
1285 2361 1355 2393 ejus‚·
1368 2361 1402 2386 de
1414 2360 1538 2387 Samuele
1552 2366 1639 2388 antem
1650 2364 1687 2388 ait
1701 2370 1708 2387 :
1725 2362 1758 2388 Et

966 2395 1071 2422 Samuel
1092 2395 1157 2421 inter
1177 2403 1219 2421 eos
1233 2395 1276 2429 qui
1296 2395 1412 2420 invocant
1428 2403 1517 2421 nomm
1534 2397 1599 2430 ejtts.
1618 2396 1650 2421 Αι
1665 2396 1758 2423 beatus

966 2430 1129 2463 Augustinus
1156 2430 1206 2456 hoc
1234 2431 1290 2462 ipso
1313 2429 1374 2456 loco
1398 2428 1514 2456 al'lirtnat
1533 2430 1714 2463 sacerdotem,
1730 2435 1758 2458 et

965 2464 1073 2497 quidem
1088 2471 1210 2498 magnum
1220 2484 1228 2495 ,
1242 2464 1326 2490 fuisse
1339 2463 1501 2490 Samuelem.
1518 2465 1550 2491 Et
1561 2472 1579 2491 ιι
1608 2465 1653 2491 lib.
1669 2466 1756 2498 lietu,

966 2505 991 2525 c.
1005 2498 1051 2531 h,
1066 2498 1103 2524 uit
1118 2498 1248 2524 Samuelis
1264 2502 1364 2531 patrem
1380 2506 1432 2524 uon
1455 2498 1538 2526 fuisse
1550 2500 1658 2532 quidem
1669 2507 1757 2527 socer-

970 2535 1072 2564 dotent,
1089 2533 1200 2566 reperiri
1217 2538 1305 2559 tamen
1320 2533 1346 2558 in
1362 2532 1424 2559 liliis
1438 2534 1537 2560 Aaron.
1550 2534 1631 2561 Sunt.

1006 2566 1052 2593 90.
1063 2566 1139 2599 Quod
1161 2566 1237 2593 Urias
1257 2573 1347 2601 typum
1363 2566 1484 2594 habuerit
1499 2568 1611 2600 diaboli,
1622 2570 1651 2593 ot
1662 2569 1757 2596 Bersa-

969 2601 1019 2628 bee
1042 2605 1133 2642 typum
1158 2601 1295 2634 Ecclesiae,
1317 2601 1500 2628 dillicultatetn
1524 2605 1640 2635 aliquam
1653 2611 1707 2636 prat
1726 2610 1757 2630 se

969 2636 1039 2663 terre
1054 2636 1174 2668 videtum
1190 2635 1237 2662 sed
1251 2643 1311 2670 quae
1324 2635 1381 2669 ipsa
1396 2637 1434 2663 rei
1448 2636 1625 2670 explicatione
1638 2638 1704 2666 satis
1714 2637 1758 2664 di-

968 2669 1058 2700 luitur.
1075 2675 1104 2696 ut
1124 2670 1151 2696 iu
1166 2670 1255 2696 inultis
1270 2670 1329 2697 aliis
1346 2669 1477 2698 similibus
1496 2672 1629 2705 allegoriis
1644 2671 1756 2699 accidit.

968 2704 1043 2732 {lanc
1056 2703 1091 2731 de
1103 2704 1164 2731 Uria
1178 2704 1289 2731 flothaeo
1303 2705 1418 2732 isidorus
1428 2707 1588 2740 sitmpsit‘ex
1600 2709 1694 2734 sancto
1702 2706 1758 2734 Au-

967 2738 1084 2772 gustino,
1109 2739 1185 2772 cujus
1214 2740 1294 2766 verba
1318 2740 1372 2766 tate
1404 2742 1535 2768 exscribit
1552 2740 1699 2774 eumden.
1729 2741 1758 2769 in

969 2773 1047 2807 ittig„
1057 2773 1103 2801 lib.
1114 2780 1145 2806 ιι,
1156 2780 1216 2808 cap.
1227 2774 1254 2801 2.
1267 2774 1466 2802 Observandum
1481 2777 1582 2803 interca
1590 2775 1661 2810 quod
1670 2782 1758 2810 noque

969 2807 1053 2843 ligura
1067 2809 1095 2835 in
1109 2809 1234 2836 omnihus
1243 2809 1324 2837 debet
1336 2813 1531 2843 repra-entare
1542 2809 1696 2844 uantum.
1709 2817 1758 2838 no·

968 2849 1020 2876 quo
1040 2843 1068 2869 in
1088 2849 1122 2870 eo
1141 2843 1213 2878 quod
1234 2847 1410 2890 &prauum
1434 2843 1627 2879 perlectionem
1653 2843 1759 2879 uenti

1533 2903 1535 2905 ·
1680 2896 1703 2909 ‚h
