1832 3016
41 87 92 119 ¹83

27 200 29 216 ι
39 195 82 219 tur
91 211 99 224 ,
109 199 221 226 quarum
232 191 316 226 prima
325 189 410 218 estat>
419 189 504 217 Adam
517 197 601 224 usque
609 189 642 216 ad
653 189 709 218 Noe
717 210 724 222 ‚
739 197 836 218 secun-

27 237 74 266 =da
88 238 151 265 hinc
167 244 251 272 usque
265 236 298 264 ad
312 235 446 263 Abraham
461 256 469 268 ,
486 235 566 263 tertia
581 243 667 271 usque
685 236 718 264 ad
734 237 834 270 David,

39 291 134 320 quarta
146 291 228 319 usque
240 283 273 310 ad
284 282 558 317 Transmigrattonem
569 301 577 315 ,
592 283 684 318 quinta
703 291 787 318 usque
800 283 834 311 ad

39 332 182 360 adventum
200 328 315 362 ChrIsti,
331 333 424 362 sexta,
440 337 500 364 quae
513 336 584 358 nunc
598 334 664 358 aetas
679 335 735 364 est,
751 338 834 366 usque

40 378 67 405 in
85 378 165 405 tinem
179 375 281 404 mundi.

74 436 119 462 50.
134 434 224 462 Annus
234 439 339 468 quoque
350 433 408 468 ipse
418 433 527 462 senario
539 441 651 462 numero
662 441 834 463 consumma-

40 486 101 515 tur;
122 481 312 515 sexagenarius
328 481 399 508 enim
414 488 542 509 numerus
561 482 666 509 dierum
681 486 755 509 sexta
771 490 832 517 pars

38 536 95 565 est,
109 531 184 565 eujus
199 537 301 558 summa
318 538 364 565 per
387 531 521 558 senarium
538 531 614 566 primi
630 539 725 559 versus
741 533 832 559 multi-

27 578 142 613 ,plicam
159 577 184 604 id
195 582 250 609 est,
266 577 354 604 sexies
363 578 498 611 sexaginta
509 599 515 610 ‚
534 585 627 605 ccccx.
649 578 757 605 Residui
770 584 833 606 sunt

26 622 152 658 0quinque
167 621 235 654 dies,
245 621 341 656 quibus
354 621 377 648 si
391 622 552 656 adjiciuntur
567 622 710 657 quadrame
726 628 830 658 partes,

27 670 121 694 <totum
135 667 270 694 senarium
287 674 428 694 numerum
445 667 556 695 faciunt.
572 668 710 702 Siquidem
731 673 758 695 et
774 669 831 703 ipse

27 712 171 748 -quadrans
185 719 219 739 ex
232 713 273 740 his
283 712 416 740 consistit.

72 770 116 798 31.
133 771 204 798 Idem
227 770 285 806 ipse
300 771 428 799 Senarius
442 780 569 800 numerus
579 773 680 807 quadro
704 778 731 801 et
745 774 831 802 solido

27 818 206 853 ·quaternario
226 819 358 853 sociatus,
381 819 461 846 horas
482 819 534 846 «liei
550 822 689 855 noctisque
710 822 828 849 metitur.

28 863 103 892 'Nam
120 870 214 899 quater
228 866 286 893 seni
308 865 400 900 viginti
417 871 531 900 quatuor
545 867 672 895 efliciunt.
697 868 829 897 Proeterea

29 911 116 946 hujus
130 911 234 938 numeri
262 912 389 946 perfectio
404 917 430 940 et
455 913 481 939 in
497 914 620 941 aetatibus
636 915 789 947 hominum,
804 920 831 942 et

28 958 63 984 =in
78 964 167 984 rerum
182 957 306 992 gradibus
324 952 467 986 invenitur.
482 960 537 988 Sex
553 961 624 988 enim
637 962 759 989 oetatibus
771 970 831 990 cur-

27 1010 83 1031 ·sus
108 1005 261 1031 mortalium
286 1011 486 1034 consummatur
499 1026 507 1039 ,
533 1007 584 1035 hoc
610 1014 651 1035 est
665 1029 672 1041 ,
701 1010 808 1037 infantia
822 1031 829 1043 ,

28 1050 151 1084 1pueritia
162 1072 169 1084 ,
185 1050 381 1084 adolescentia.
404 1053 556 1087 juventute,
568 1060 721 1089 senectute,
743 1057 829 1084 senio.

28 1095 92 1123 Sex
107 1100 207 1124 suntet
223 1097 320 1131 gradus
341 1099 459 1125 omnium
481 1107 586 1133 rerum,
605 1101 630 1128 id
651 1107 705 1134 est,
721 1111 772 1130 non
794 1104 832 1131 vi·

38 1142 143 1175 venna,
161 1147 189 1170 ut
206 1143 309 1177 lapides
325 1152 331 1176 ;
348 1145 479 1179 viventia,
495 1151 523 1173 ut
534 1147 644 1175 arbores
659 1157 666 1180 ;
679 1150 831 1186 sensibilia,

28 1191 68 1215 ·ut
81 1189 196 1222 pecudes
217 1198 223 1222 ;
239 1190 421 1225 rationabilia,
439 1196 467 1219 ut
483 1192 605 1221 homines
627 1204 634 1226 ;
654 1195 812 1224 immortalia
823 1218 831 1230 ,

28 1237 68 1260 =ut
77 1232 175 1267 angeli.
189 1233 355 1262 Novissimus
372 1240 398 1262 et
409 1242 530 1264 summus
551 1240 649 1272 gradus
663 1245 719 1272 est.
735 1241 780 1275 qui
792 1246 834 1269 est

28 1286 118 1314 »super
131 1279 221 1306 omnia
237 1280 318 1307 Deus.

70 1324 113 1352 52.
124 1325 188 1352 ltem
202 1326 332 1352 naturalia
343 1326 429 1354 officia
443 1347 451 1358 ,
463 1328 523 1356 sine
533 1329 629 1363 quibus
638 1337 698 1358 esse
710 1332 772 1359 nihil
789 1341 834 1367 po-

38 1375 104 1404 test,
117 1378 162 1398 sex
174 1375 254 1404 sunt;
269 1372 294 1398 id
310 1376 368 1405 est,
382 1374 551 1408 magnitudo,
567 1376 653 1410 oculi,
671 1377 755 1411 figura
766 1399 773 1410 ‚
790 1380 831 1405 in-

28 1418 159 1450 ¹tervalla,
173 1422 257 1445 status
269 1422 296 1445 et
309 1423 406 1446 motus.
420 1420 572 1456 2281tem
588 1423 673 1456 ipsius
685 1430 774 1452 motus
785 1433 831 1453 sex

28 1464 193 1492 :differentiae
202 1470 273 1493 sunt.
284 1466 349 1492 Nam
367 1474 504 1494 movemur
521 1472 595 1501 ante,
604 1477 617 1496 a
629 1474 714 1504 tergo,
726 1472 829 1506 dextra,

29 1511 157 1544 ulaevaque
171 1533 178 1545 ‚
202 1519 307 1539 sursum
322 1533 329 1544 ,
360 1517 440 1547 atque
467 1513 603 1542 deorsum.
634 1516 701 1543 Sunt
725 1525 831 1552 quoque
847 1529 870 1560 C

27 1558 159 1592 texempla
171 1558 252 1585 multa
275 1559 353 1593 huJus
367 1560 472 1587 numeri
483 1561 508 1587 in
524 1562 607 1589 sacris
623 1563 745 1597 eloquiis,
773 1564 838 1594 Nam

29 1609 112 1631 «εειῑο
127 1605 171 1632 die
186 1604 266 1632 homo
277 1605 308 1632 ad
326 1605 371 1632 Dei
387 1605 518 1634 formatur
537 1607 681 1642 imaginem
693 1630 700 1643 ‚
716 1615 742 1637 et
764 1617 839 1639 sexta

29 1654 116 1679 181220
141 1652 232 1678 mundi
258 1651 382 1679 Salvator
410 1653 484 1680 venit
518 1654 544 1681 in
573 1662 681 1682 carnem
694 1677 701 1687 ,
734 1661 761 1684 et
793 1665 839 1685 sex

29 1696 132 1724 «diebus
143 1698 246 1732 jussum
274 1703 315 1725 est
339 1698 438 1732 populo
458 1698 485 1725 in
510 1700 617 1728 deserto
639 1709 737 1728 manna
758 1703 840 1730 colli-

31 1749 114 1777 igere.

75 1787 119 1815 35.
133 1787 198 1815 ilinc
211 1792 238 1816 et
249 1789 370 1816 Ezechiel
378 1797 484 1825 quoque
496 1791 522 1818 iu
531 1791 640 1819 dextera
647 1793 698 1820 viri
707 1794 838 1822 calamum

31 1842 86 1862 ‹sex
108 1834 259 1861 cubitorum
275 1835 374 1863 vidisse
387 1843 417 1862 se
433 1838 560 1865 narravit.
579 1838 638 1872 lpse
653 1839 732 1866 etiam
748 1841 840 1876 templi

31 1881 143 1909 tsrontes
154 1889 202 1908 sex
216 1881 312 1909 cubitis
325 1882 351 1909 in
368 1882 453 1910 altum
469 1884 587 1920 scripsit.
613 1885 684 1913 idem
698 1894 744 1914 sex
756 1894 840 1921 agnos

41 1927 68 1955 in
80 1928 243 1956 holocaustis
255 1929 402 1963 principem
413 1930 510 1958 offerre
521 1931 667 1959 mandavit.
679 1932 706 1959 ln
716 1933 839 1967 Evange-

32 1975 78 2003 ·tio
93 1983 200 2010 quoque
214 1983 261 2002 sex
284 1976 391 2011 hydrias
410 1977 502 2012 plenas
516 1978 591 2012 aquis
605 1978 727 2006 Christus
747 1980 772 2006 in
787 1979 840 2007 vini

43 2028 165 2055 saporem
182 2022 323 2049 convertit.
340 2022 394 2050 Sex
409 2022 488 2050 etiam
502 2023 560 2051 dies
579 2024 649 2051 idem
663 2029 726 2052 ante
741 2025 843 2053 Passio-

43 2074 106 2094 nem
131 2067 285 2103 ingrediens
309 2068 336 2095 in
361 2068 508 2096 Jerusalem
532 2076 613 2105 super
633 2071 737 2097 asinum
761 2071 841 2099 sedit.

44 2113 113 2141 Sunt
139 2119 166 2141 et
187 2115 238 2142 alia
263 2115 358 2148 plura,
375 2115 422 2143 sed
439 2121 549 2151 propter
576 2116 680 2151 legendi
706 2117 841 2145 fastidium

45 2159 215 2187 emittuntur.

80 2230 124 2258 50.
139 2230 287 2264 Qnadranoe
294 2235 378 2266 partes
388 2231 450 2265 quid
458 2231 502 2265 sit,
511 2239 564 2259 non
576 2232 703 2267 intelligo.
712 2234 841 2269 cherem

33 2284 36 2292 .
80 2266 193 2293 adramis
207 2270 300 2299 partes.
316 2265 415 2293 Lumen
431 2267 524 2295 afferet
538 2267 639 2295 Plinius
650 2269 684 2296 de
700 2272 761 2298 anni
779 2271 837 2299 die-

65 2308 96 2330 us
119 2301 246 2335 loquens:
262 2301 303 2328 Aa
325 2309 427 2329 cccuv
443 2302 544 2337 (dies)
562 2303 689 2338 adjiciunt
702 2307 842 2334 etiamnum

35 2335 220 2365 intercalario:
242 2336 291 2363 diat
314 2338 444 2372 noctisque
464 2338 629 2372 quadrantes.
650 2339 688 2366 Ex
709 2349 762 2374 qno
772 2342 842 2377 apud

46 2372 178 2399 isidorum
198 2372 380 2404 reponendum
395 2380 494 2401 censeo
506 2382 514 2401 ·.
529 2374 662 2407 Siquidem
672 2379 696 2402 et
710 2377 764 2411 ipse
778 2386 843 2412 qna-

46 2407 127 2434 drans
145 2414 189 2432 sex
205 2406 275 2433 horis
287 2408 418 2440 consistit,-
438 2416 501 2436 nam
514 2409 649 2442 quadrans
664 2411 717 2438 diei
731 2420 779 2440 sex
795 2413 844 2440 ho-

49 2441 88 2469 ?ae
105 2445 182 2474 suut,
197 2445 224 2468 et
233 2445 296 2470 ante
306 2444 502 2472 correctionem
514 2444 668 2472 Kalendsrii
685 2446 843 2482 Gregoriani

34 2492 37 2499 .
48 2483 148 2506 eccm
160 2475 253 2503 diebus
266 2478 299 2504 ad
309 2484 406 2506 annum
417 2479 604 2514 complendum
614 2487 661 2508 sex
672 2482 782 2518 integrae
796 2484 845 2511 lto-

50 2520 87 2540 τω
101 2510 302 2545 adjiciebantur.

5 2566 6 2569 ,
86 2547 131 2574 51.
149 2545 245 2572 Deerat
257 2545 284 2573 in
303 2553 353 2574 ms·
366 2549 519 2585 coniunctio
538 2554 563 2577 et
584 2555 645 2587 post
661 2553 779 2581 aetatihun
794 2554 842 2581 lm-

4 2583 8 2604 t
50 2582 162 2609 minum.

86 2617 130 2644 33.
146 2615 243 2656 nutaqi
256 2615 354 2650 offeni.
369 2619 440 2653 quod
454 2627 507 2648 ms.
525 2621 680 2656 exhibebat,
692 2623 720 2651 in
738 2624 844 2658 offerre.

53 2651 120 2680 vide
139 2651 285 2678 Ezechielis
296 2652 392 2684 verba.
404 2659 466 2688 ap,
483 2662 562 2689 nvi,
577 2657 604 2685 4.

87 2685 134 2714 54.
150 2686 188 2714 lte
204 2694 317 2715 numero
329 2689 480 2722 septenario
491 2691 558 2718 mira
610 2692 676 2720 ssim
694 2698 846 2727 narrantur.

53 2728 242 2756 nottnunquam
253 2723 333 2750 etiam
345 2724 541 2758 supet-sutton.
554 2725 575 2752 t?
586 2726 682 2755 eddius
699 2728 738 2756 De
749 2729 848 2757 micro-

53 2757 138 2787 eusmi
153 2756 274 2790 historia.
287 2761 363 2786 tract.
376 2766 395 2792 1,
411 2763 475 2786 sect.
489 2766 509 2793 1,
517 2759 562 2787 lib.
575 2760 678 2797 ttqu,
691 2762 786 2796 inquit,
797 2764 847 2792 lta-

91 2799 149 2820 nsm
169 2791 345 2821 doctissimum
365 2794 442 2827 novi,
465 2795 510 2830 qui
531 2795 625 2823 vinaceo
645 2797 724 2830 huius
746 2801 846 2828 timeri

175 2827 214 2863 tt,
237 2829 376 2865 cujusdam
397 2830 474 2867 quaet
487 2830 586 2860 armti
601 2832 845 2871 mittentium

308 86 411 116 LlBER
429 84 648 115 Nuttttttouutt
668 84 728 119 QUt
746 84 780 113 IN
800 84 950 123 SANCTIS
969 85 1173 116 SCRlPTURlS
1191 86 1411 118 occuttttttN'r.

25 147 90 176 περ]
105 144 186 173 etiam
199 145 257 174 dies
272 149 344 178 sunt,
353 145 449 180 quihus
463 144 588 172 aetatibus
599 144 714 172 mundus
727 145 835 180 pertici-
847 149 872 179 Α

1633 92 1685 124 ¹80

1189 157 1302 186 CAPUT
1323 158 1390 187 vltl.

1117 225 1156 253 De
1172 227 1317 262 ,septenario
1335 235 1451 256 numero.

918 281 963 308 54.
982 281 1151 316 Septenartus
1161 291 1288 311 numerus
1295 291 1310 311 a
1319 284 1392 312 nullo
1398 286 1527 320 nascitur,
1539 293 1590 315 nec
1600 294 1684 324 geue-

886 331 928 354 rat
944 348 952 361 ‚
970 335 1018 355 nec
1032 334 1184 363 generatur.
1199 330 1266 358 Nam
1285 338 1379 358 omnes
1391 333 1496 359 numeri
1509 333 1578 361 intra
1589 333 1684 362 decem

886 373 964 407 positi
976 378 1022 401 aut
1030 375 1140 410 gignunt
1146 376 1212 403 alios
1220 397 1228 410 ‚
1237 382 1283 405 aut
1291 378 1437 412 gignuntur
1447 379 1481 405 ab
1488 380 1556 407 aliis.
1568 381 1621 409 Iste
1632 389 1683 410 nee

884 421 977 456 gignit,
991 429 1040 449 nec
1052 421 1179 457 gignitur.
1190 423 1243 450 Sex
1254 424 1324 451 enirn
1338 429 1366 452 et
1379 429 1440 452 octo
1450 431 1613 460 generantur
1625 431 1683 454 tan-

885 469 1030 494 tummodo.
1047 467 1166 500 Quatuor
1177 472 1277 502 autem,
1291 474 1318 497 et
1329 470 1383 497 duo
1393 474 1421 498 et
1430 475 1537 504 creant,
1551 476 1578 498 et
1588 479 1684 499 crean-

885 517 937 541 tur.
952 516 1058 548 septem
1073 514 1140 541 nihil
1152 515 1246 550 gignit,
1262 523 1311 544 nec
1325 517 1359 544 ab
1369 517 1455 545 altero
1466 518 1591 553 gignitur.

921 568 966 596 55.
989 569 1038 597 ilic
1053 575 1141 598 autem
1166 579 1295 600 numerus
1321 576 1491 608 septenarius
1509 576 1584 611 juxta
1601 579 1686 613 legiti-

885 623 959 643 mum
975 622 1015 644 est
1029 626 1036 649 ;
1060 618 1118 645 sive
1133 626 1194 645 cum
1223 620 1393 655 testificatur,
1413 628 1440 649 ut
1455 624 1622 659 septuaginta
1635 646 1643 659 ,
1658 630 1686 653 et

883 662 1061 697 septingenti,
1085 663 1141 691 sive
1155 670 1216 691 cum
1230 666 1309 693 toties
1326 666 1352 693 in
1376 674 1437 695 sese
1452 669 1553 703 septies
1577 672 1683 698 centeni

884 713 1006 742 septem;
1030 710 1128 745 quique
1146 711 1226 739 etiam
1240 712 1315 746 Juxta
1338 713 1473 748 sapientes
1494 716 1586 743 mundi
1599 723 1631 743 ea
1643 724 1683 744 ra-

885 755 956 783 tione
971 756 1104 791 perfectus
1130 758 1263 793 liabetur,
1293 761 1413 796 eoquod
1440 769 1473 789 ex
1494 763 1582 797 primo
1611 764 1685 799 pari,

883 808 915 828 ae
942 803 1029 836 primo
1044 803 1139 838 impari
1156 810 1270 833 constat.
1296 806 1400 835 Primus
1421 813 1509 836 autem
1527 810 1612 844 impar
1627 815 1683 838 ter-

884 849 974 877 narius
988 854 1030 877 est
1042 871 1049 882 ,
1067 852 1168 885 primus
1189 860 1236 887 par
1250 855 1437 888 quaternarius
1451 876 1458 888 ‚
1473 857 1555 892 229
1568 864 1600 884 ex
1624 858 1684 892 qui-

882 894 930 922 bus
959 895 1064 923 duobus
1089 897 1147 931 ipse
1182 900 1352 933 septenarius
1383 906 1600 934 consummatum
1638 904 1686 938 qui

882 942 961 969 etiam
975 942 1093 977 partibus
1105 944 1162 972 istis
1174 945 1364 980 multiplicatus
1374 947 1568 976 duodenarium
1584 949 1687 977 reddit.

882 988 948 1016 Nam
971 990 1031 1017 sive
1049 995 1088 1017 ter
1103 993 1245 1026 quaterni,
1265 994 1322 1022 sive
1343 999 1438 1029 quater
1458 996 1526 1022 terni
1546 995 1687 1023 duodecim

883 1035 993 1064 iaciunt..
1008 1035 1062 1063 Sed
1083 1043 1130 1071 per
1145 1042 1193 1064 tres
1207 1038 1345 1066 Trinitatis
1362 1041 1538 1075 mysterium,
1555 1048 1603 1076 per
1624 1050 1690 1076 qua·

883 1085 941 1107 tuor
965 1082 1092 1110 virtutum
1115 1083 1185 1111 actio
1209 1084 1372 1118 illustratur;
1396 1092 1428 1112 ac
1450 1094 1497 1121 per
1520 1086 1571 1114 hoe
1594 1087 1620 1114 in
1647 1087 1689 1115 liis

884 1128 1020 1161 partibus,
1037 1133 1064 1156 ut
1076 1136 1123 1163 per
1157 1130 1296 1159 Trinitatis
1320 1132 1438 1166 speciem
1461 1133 1531 1161 actio
1557 1134 1686 1161 virtutum

884 1173 1035 1206 perficitur,
1055 1178 1082 1201 et
1103 1182 1151 1209 per
1173 1178 1438 1211 repraesentationem
1455 1179 1582 1206 virtutum
1603 1186 1687 1213 usque

884 1218 917 1244 ad
934 1218 1074 1246 Trinitatis
1096 1221 1217 1248 notitiam
1230 1223 1396 1256 pervenitur.
1408 1223 1511 1251 Rursus
1523 1228 1611 1251 autem
1625 1232 1687 1252 cum

887 1266 921 1292 ad
942 1266 1133 1294 duodenarium
1154 1269 1255 1303 surgit,
1272 1270 1449 1298 etduodecim
1472 1273 1608 1306 apostolos
1623 1281 1686 1307 sep-

884 1308 997 1337 tiformis
1019 1311 1111 1345 gratiae
1132 1312 1246 1346 Spiritus
1262 1315 1394 1347 periectos
1417 1317 1551 1349 ostendit,
1575 1325 1688 1352 quorum

884 1355 1038 1389 praedicatio
1053 1356 1144 1392 [Forte
1159 1359 1359 1396 praedicatione]
1377 1369 1424 1396 per
1434 1367 1549 1397 quatuor
1560 1364 1688 1391 virtutum

884 1407 980 1434 genera
999 1401 1138 1431 Trinitatis
1153 1404 1219 1432 fides
1234 1406 1261 1433 in
1275 1410 1330 1434 toto
1341 1408 1407 1435 orbe
1420 1409 1527 1436 crescit.

920 1457 964 1485 36.
981 1459 1009 1486 ln
1025 1460 1170 1496 Scripturis
1183 1468 1273 1491 autem
1293 1466 1393 1492 sanctis
1415 1466 1464 1494 iste
1491 1475 1620 1495 numerus
1650 1468 1690 1495 in-

886 1504 990 1532 terdum
1003 1514 1082 1534 omne
1094 1513 1199 1543 tempus
1208 1511 1299 1537 saeculi
1309 1511 1398 1546 hujus,
1411 1512 1547 1541 interdum
1568 1515 1690 1549 requiem

885 1556 1028 1590 significat,
1045 1563 1237 1591 nonnunquam
1259 1558 1388 1585 Ecclesiae
1412 1560 1542 1587 unitatem
1574 1561 1690 1590 demon-

891 1607 968 1630 strat.
983 1603 1034 1630 Pro
1045 1603 1170 1629 universo
1186 1603 1305 1637 ponitur,
1324 1608 1352 1630 nt
1367 1609 1408 1631 est
1428 1605 1494 1633 illud
1511 1615 1517 1631 ι
1535 1607 1635 1641 septies
1660 1609 1688 1636 in

892 1649 933 1675 die
948 1649 1050 1675 taudem
1069 1649 1123 1675 dixi
1134 1649 1179 1675 tibi
1190 1649 1302 1684 (Psalm.
1318 1658 1411 1684 cxvm,
1426 1651 1498 1685 164),
1511 1652 1535 1679 id
1549 1658 1600 1687 est,
1617 1654 1691 1682 omni

893 1701 1024 1730 tempore.
1042 1696 1113 1723 idem
1129 1697 1201 1723 enim
1214 1698 1343 1732 propheta
1356 1698 1407 1725 hoc
1421 1699 1486 1726 alibi
1500 1700 1691 1736 significatpro

893 1747 949 1770 toto
965 1748 1096 1778 tempore,
1109 1743 1171 1770 dum
1186 1743 1252 1771 dicit
1264 1752 1271 1771 t
1285 1744 1394 1780 Semper
1406 1746 1464 1773 laus
1475 1747 1530 1782 ejus
1541 1747 1566 1774 in
1581 1756 1624 1775 ore
1635 1758 1691 1776 mco

896 1788 1007 1824 (Psatm.
1025 1797 1128 1822 xxxin,
1146 1789 1184 1824 l).
1207 1789 1273 1816 ltine
1291 1791 1355 1818 alibi
1378 1791 1472 1826 legitur
1502 1801 1508 1818 ε
1534 1793 1691 1829 Septnplum

894 1836 1000 1869 accipiet
1015 1836 1041 1862 ὶη
1055 1836 1104 1863 isto
1112 1837 1218 1864 soecuto.
1235 1836 1301 1864 ltem
1313 1842 1413 1866 aeterna
1424 1840 1530 1874 requies
1539 1843 1691 1875 septenario

895 1889 1008 1908 nurnero
1023 1882 1200 1916 significatur,
1215 1890 1276 1910 cum
1290 1884 1348 1911 dies
1362 1886 1495 1919 septimus
1521 1886 1547 1913 in
1571 1888 1690 1920 requiem

894 1926 1001 1954 Domini
1017 1928 1197 1955 sanctificatus
1209 1934 1330 1963 vocatur,
1346 1930 1371 1957 in
1386 1938 1440 1965 quo
1452 1930 1507 1965 jain
1523 1932 1551 1958 tit
1564 1939 1688 1967 vespera,

895 1974 955 2008 quia
968 1974 1048 2001 nullis
1064 1975 1161 2002 tinibus
1173 1981 1323 2011 temporum
1335 1978 1442 2012 requies
1452 1983 1560 2006 oeternze
1575 1978 1691 2006 beatitu-

897 2019 967 2046 diuis
981 2021 1172 2048 coarctabitur.

931 2074 975 2101 57.
990 2074 1053 2102 lude
1064 2075 1143 2103 etiam
1159 2081 1187 2104 et
1209 2077 1234 2104 in
1262 2078 1321 2114 iege
1345 2079 1473 2114 septimus
1497 2080 1554 2107 dies
1581 2081 1690 2110 feriatus

894 2127 955 2147 esse
970 2122 1133 2156 praecipitur,
1150 2128 1180 2151 ut
1193 2125 1300 2160 requies
1317 2127 1342 2154 in
1357 2134 1388 2154 ea
1400 2132 1500 2155 aeterna
1511 2128 1687 2163 significetur.

894 2167 958 2195 lnde
973 2173 1022 2200 est,
1039 2170 1110 2205 quod
1126 2175 1186 2205 post
1210 2174 1435 2202 resurrectionem
1460 2182 1534 2202 suam
1561 2176 1691 2204 Dominus

857 2235 882 2266 D
894 2236 991 2264 stiones
1005 2239 1096 2266 dubias
1113 2245 1189 2277 alque
1210 2243 1333 2278 ancipites
1345 2244 1470 2271 resolvere
1484 2253 1534 2271 non
1554 2245 1688 2280 dubitavit,

893 2277 969 2306 atque
984 2275 1059 2301 etiam
1073 2276 1104 2303 tie
1118 2277 1224 2304 occultis
1238 2284 1291 2305 tam
1311 2280 1479 2315 proesentttms
1496 2289 1573 2315 quam
1594 2281 1690 2313 suturis

893 2308 1082 2341 quodammodo
1098 2312 1214 2340 divinare
1223 2315 1352 2348 pollicitus
1367 2320 1412 2342 est.

931 2343 976 2370 55.
997 2345 1135 2382 Fortasse,
1152 2350 1310 2383 septenarius
1318 2351 1379 2385 jure
1393 2351 1520 2386 [epitimiis
1544 2356 1590 2377 est.
1609 2351 1688 2380 Deest

896 2378 994 2413 aliquid
1013 2381 1039 2408 in
1053 2383 1152 2415 verbis.
1170 2385 1222 2411 sive
1237 2393 1295 2411 cnm
1309 2385 1392 2415 toties,
1405 2391 1457 2412 etc.
1482 2385 1540 2411 Mox
1561 2385 1688 2415 substitui

897 2423 941 2450 per
960 2422 1070 2449 quatum·
1083 2418 1207 2445 virtutum
1224 2428 1335 2454 penna.
1351 2427 1412 2446 cuin
1433 2421 1458 2446 in
1480 2427 1531 2446 ms.
1556 2425 1638 2454 essct,
1665 2427 1690 2449 ee

896 2455 1005 2484 quatuor
1016 2452 1139 2479 virtutum
1149 2462 1255 2488 genera,
1268 2454 1342 2481 nullo
1353 2462 1445 2482 sensu.
1459 2454 1496 2481 De
1506 2462 1618 2483 numero
1626 2465 1687 2491 sep-

899 2488 1003 2513 tenario
1017 2487 1110 2514 confer
1126 2494 1247 2516 sanctum
1265 2489 1458 2524 Augustinum,
1472 2493 1552 2516 serm.
1569 2490 1613 2521 51.
1625 2500 1687 2528 cap.

897 2520 942 2553 23,
957 2526 984 2548 et
999 2522 1059 2549 aliis
1074 2523 1154 2550 etiam
1169 2524 1193 2550 in
1208 2524 1285 2553 locis-

934 2557 978 2584 56.
997 2557 1081 2584 Verba
1094 2559 1240 2593 septuplum
1254 2561 1360 2596 accipiet
1384 2561 1410 2588 in
1433 2561 1482 2590 hoc
1504 2565 1610 2597 coectdo,
1635 2571 1688 2592 non

897 2593 1002 2627 reperio
1017 2601 1069 2628 quo
1086 2593 1112 2621 in
1139 2594 1199 2622 loeo
1211 2596 1336 2623 existant.
1355 2595 1479 2625 Fortasse
1495 2599 1631 2634 pertinent
1653 2601 1688 2628 ad

897 2634 975 2662 caput
997 2636 1022 2654 tv
1036 2629 1159 2662 Genesis,
1178 2629 1211 2656 15
1227 2639 1234 2656 :
1252 2630 1342 2658 Omnis
1356 2632 1400 2666 qui
1414 2634 1535 2660 occiderit
1548 2635 1622 2669 Cain,
1632 2643 1689 2671 tep-

899 2665 1000 2696 tnplum
1017 2665 1145 2699 punietur.
1172 2665 1286 2693 sanctus
1311 2666 1486 2702 Augustinus,
1513 2677 1595 2697 serm.
1624 2670 1687 2706 iu,

901 2699 957 2725 lnce
969 2701 1049 2726 vert-a
1065 2700 1168 2732 omisit,
1182 2702 1322 2735 superiora
1343 2703 1473 2735 protulit:
1490 2703 1559 2736 Qum
1573 2710 1609 2732 est
1627 2714 1688 2742 erqo

898 2735 991 2769 septies
999 2736 1334 2772 Memmi-,quotiescunque
1347 2739 1487 2773 peccaverit
1495 2761 1502 2772 ‚
1513 2739 1622 2776 eumque
1634 2749 1688 2777 ρω-

897 2771 1009 2797 nituerit.
1020 2769 1079 2797 Hoc
1088 2770 1155 2797 enim
1169 2775 1206 2798 est
1221 2779 1232 2798 .·
1244 2771 1344 2807 Septies
1354 2773 1381 2799 in
1391 2773 1434 2802 die
1447 2774 1556 2803 landabo
1569 2781 1608 2809 te.
1619 2777 1688 2811 quad

895 2809 932 2832 ent
943 2805 970 2833 in
985 2805 1037 2833 atio
1047 2805 1148 2842 psatmo
1162 2813 1172 2834 .·
1187 2806 1295 2845 Semper
1309 2807 1367 2836 latu
1381 2809 1437 2847 ejus
1450 2810 1478 2838 in
1491 2818 1536 2839 oro
1549 2819 1614 2841 mea.
