1832 3016
575 129 619 156 DE
637 124 766 154 ountNt:
786 119 1053 151 antt‘rtJttARtJM
1073 118 1186 147 Ltuutt.

1648 115 1701 145 050

60 192 87 220 in
102 196 174 220 terra
186 197 249 219 aere
262 187 483 222 versatur-‚vitam
495 185 625 221 adjuvari,
639 187 667 210 et
677 181 811 210 contineri
827 181 854 207 in
870 180 896 209 Α
944 176 972 205 6.
989 176 1019 204 Si
1035 183 1100 203 vero
1128 175 1212 210 ipsas,
1234 182 1301 210 quas
1321 174 1505 210 praediximus,
1522 173 1606 201 stillas
1621 178 1702 202 vento

61 239 149 272 nobis.
169 243 197 266 et
218 245 266 273 per
288 244 338 264 nos
357 233 572 268 comprobamus.
597 231 647 265 Qui
666 235 693 256 ct
711 228 855 263 aliquando

61 285 142 314 etiam
159 289 239 312 terrae
254 291 301 318 per
318 281 469 316 Scripturas
488 278 596 305 nomine
616 277 763 308 vocitatur;
787 275 856 302 sicut

62 339 110 368 pet·
130 330 297 359 Psalmistam
321 326 419 354 dicitur
430 347 437 358 ‚
466 332 526 352 cum
554 324 581 351 in
607 322 713 349 Domini
726 323 855 349 creatoris

63 378 170 406 laudem
189 376 284 403 ordine
306 380 411 401 summo
427 375 531 399 cuncta:
549 375 679 398 creaturae
700 370 853 401 incitantur,

64 430 92 453 ct
104 432 164 452 cum
175 419 366 451 consummatis
377 419 418 446 bis
428 426 487 453 qua:
500 417 534 444 ad
547 417 714 452 superiorem
726 417 854 443 coelorum

64 471 184 500 ordinem
198 468 331 504 pertinent
341 488 350 500 ,
365 465 399 493 ad
416 465 474 492 ltaec
487 464 556 491 aeris
572 463 657 498 spatia
682 461 855 497 pervcnitur,

66 517 154 545 taliter
165 514 348 542 subinfertur:
364 511 482 539 Laudato
497 510 633 537 Dominum
647 510 679 536 de
692 515 775 541 terra,
797 509 856 535 dra-

62 570 136 591 cones
146 582 153 594 ,
179 565 201 587 et
217 567 303 587 ornnes
322 558 421 593 olimst,-
436 557 518 592 iynir,
531 556 630 592 qt'ando
640 575 648 588 ,
673 556 728 587 nix,
745 555 838 590 glacies
849 575 856 587 ‚

61 607 165 643 spiritus
185 605 354 640 procellarum
367 625 374 637 ,
397 604 439 638 qui
463 603 560 638 faciunt
575 601 678 628 uerbum
699 602 754 636 ejtts
768 600 855 637 (Psal.

61 662 172 687 cxtvtn,
186 654 224 688 7).

99 710 126 738 2.
145 710 286 744 {lucusque
300 709 371 735 enim
388 707 414 735 in
426 714 488 734 aere
501 713 590 733 sermo
601 705 697 740 estqui
714 709 792 732 terrae
809 711 858 731 no-

64 756 135 783 mine
148 755 297 787 vocitatur,
316 752 484 788 postmodum
499 759 613 785 namque
628 751 662 778 de
681 751 761 778 humo
775 755 802 777 et
818 750 858 777 in-

63 800 168 829 ferioris
185 805 261 827 terrae
276 800 377 826 naturis
390 798 542 833 *Scripturae
557 796 668 824 vocibus
687 797 836 831 imperatur
849 804 856 822 ε

65 846 176 878 Montes,
188 851 212 873 et
223 853 307 872 otunes
327 845 419 877 cottes‚·
436 844 506 879 liqna
526 843 667 878 fructifera,
683 847 707 870 et
718 851 803 870 omnes
814 851 856 869 ce-

65 893 106 920 rlri
120 892 207 927 (Psal.
223 899 330 923 cxcviii,
343 891 382 924 9).
402 889 504 916 ldcireo
526 894 613 915 autem
629 896 675 916 aer
689 893 766 915 terrae
782 896 858 915 voca-

65 938 156 967 bulum
171 945 242 972 saepe
254 937 375 970 sortitur,
393 936 454 971 quia
470 935 648 962 crassitudine
665 939 692 962 et
702 935 776 962 velut
791 935 857 961 soli-

64 983 148 1010 ditate
167 990 245 1017 quam
269 983 336 1009 inse
352 981 431 1008 babet
452 981 595 1007 volantium
612 981 715 1013 avium,
738 980 859 1015 quamvis

66 1030 255 1060 maximarum,
270 1035 380 1062 corpora
397 1032 594 1059 sustentamur,
612 1035 670 1060 quae
686 1027 758 1054 velut
774 1027 859 1060 pisces

67 1082 136 1110 pene
145 1074 269 1108 aquatilia
282 1073 444 1099 marinorum
454 1072 581 1099 fluctuum
592 1072 728 1098 recondita
744 1072 860 1098 natando

68 1124 218 1156 penetrant,
235 1119 273 1146 sic
286 1119 407 1145 volucres
422 1119 493 1145 aeria
506 1119 591 1152 spania
603 1118 716 1145 volando
729 1123 861 1152 pertrans-

68 1171 142 1194 eunt.

106 1225 131 1253 5.
154 1225 254 1252 Cuncta
269 1223 366 1251 etenim
383 1231 442 1257 quw.
456 1230 522 1255 aqua
535 1225 641 1256 praestat
656 1221 688 1248 ad
700 1229 862 1248 conservan-

69 1271 132 1298 dum
154 1271 233 1297 vitam
259 1269 429 1303 aquatilibus,
457 1268 514 1295 lucc
537 1275 583 1294 aer
608 1267 669 1294 facit
694 1266 860 1301 volatilibus,

70 1317 196 1352 quoniam
211 1317 280 1343 sicut
306 1315 444 1349 reciproco
468 1314 551 1340 halitu
577 1314 665 1339 avium
678 1334 686 1346 ‚
703 1319 730 1340 et
745 1313 861 1339 omnium

71 1371 129 1398 quae
145 1363 170 1389 iu
185 1369 246 1389 aere
258 1365 284 1387 et
300 1365 369 1387 terra
386 1361 487 1391 vivunt,
505 1360 557 1385 vita
575 1359 655 1385 alitur
675 1364 700 1385 et
717 1366 861 1385 conserva-

71 1412 124 1440 tur,
140 1409 173 1434 ita
188 1415 278 1433 eorum
295 1413 355 1440 quae
371 1405 397 1431 in
413 1405 488 1440 aquis
502 1404 597 1438 degunt
611 1404 756 1438 inspirandi
772 1404 862 1438 exspi-

71 1454 199 1487 randique
211 1457 293 1478 tractu
307 1459 353 1485 per
367 1458 461 1485 aquam
473 1450 560 1477 vitalis
577 1455 664 1476 motus
677 1449 805 1476 reficitur.

108 1498 133 1525 4.
152 1497 226 1525 Unde
241 1504 299 1524 cum
321 1497 346 1523 in
362 1503 451 1523 aerem
468 1495 622 1527 trahuntur,
638 1495 699 1528 quia
721 1494 863 1529 lymphati-

909 222 935 249 in
960 222 1119 257 majusculas
1131 221 1215 248 moles
1241 221 1392 256 coagitante
1408 221 1530 253 collatas,
1556 225 1701 255 antequam

896 268 1031 296 -deorsum
1047 268 1151 303 pluant,
1163 268 1224 302 gelu
1239 268 1265 294 in
1285 268 1400 295 nubibus
1429 267 1583 301 arripuerit.
1595 266 1702 301 lapillos

908 314 1063 349 coagulatos
1078 314 1183 349 frigoris
1209 314 1334 341 violentia
1363 313 1534 348 constringit.
1555 314 1583 340 Si
1611 317 1701 341 autem

909 362 986 395 paulu
1001 361 1171 388 remissiores
1195 361 1309 388 necdum
1330 360 1457 387 densatos
1475 367 1588 394 vapores
1601 360 1628 387 in
1643 364 1702 393 gut-

908 409 959 437 tas,
977 405 1002 431 id
1015 409 1065 437 est,
1083 406 1155 439 gelu,
1173 405 1343 439 praevenerit,
1356 404 1382 430 in
1395 404 1465 430 nivis
1477 404 1595 438 speciem
1608 411 1703 438 magna

907 450 947 477 vis
960 449 1066 483 frigoris
1074 450 1183 477 eosdem
1198 450 1365 482 transmittit,
1378 453 1404 476 et
1415 449 1485 483 quod
1497 448 1522 475 in
1535 456 1565 476 se
1574 457 1704 483 suspensa

907 495 987 522 altius
1003 495 1098 522 nebula
1119 495 1208 522 taliter
1234 495 1326 526 nutrit,
1344 502 1397 521 non
1418 494 1565 522 sufferente
1589 502 1661 526 aere,
1674 502 1704 522 ac

908 545 987 568 vento
1003 541 1185 575 dispergente,
1198 540 1231 567 ad
1248 545 1346 567 terram
1361 540 1479 567 dimittit.

943 587 969 613 7.
982 585 1056 613 Sicut
1066 587 1100 613 de
1111 587 1162 613 boc
1172 586 1266 613 eodem
1278 586 1418 613 Psalmista
1430 593 1658 620 commemorans,
1672 587 1705 614 de

908 632 1020 659 Domino
1031 632 1095 660 dicit
1105 641 1111 658 :
1121 632 1171 665 Qui
1181 633 1225 659 dat
1237 633 1317 659 nivem
1329 632 1394 658 velut
1407 632 1503 664 lanam,
1517 632 1633 658 nebulam
1641 633 1706 660 sicul

907 679 1018 706 cinerem
1031 680 1138 715 spargit.
1156 679 1236 706 Mittit
1250 679 1398 714 crystallum
1411 679 1476 705 sicut
1491 678 1634 710 tntccettas,·
1650 683 1707 705 ante

909 726 1000 760 faciem
1016 726 1120 760 [riyoris
1140 727 1196 761 ejus
1219 726 1275 760 quis
1298 719 1430 752 sustinebit
1443 725 1527 761 (Psal.
1543 732 1646 758 cxcvn,
1661 724 1707 760 5)?

910 772 943 798 Et
959 774 988 796 ut
1002 770 1169 803 ostenderet,
1186 770 1243 798 sive
1264 771 1289 797 in
1303 776 1383 803 terra,
1399 771 1454 797 sive
1480 771 1505 797 in
1520 770 1644 802 nubibus,
1663 771 1707 797 ni-

909 825 956 844 ves
972 817 998 844 in
1012 825 1094 852 aquas
1115 817 1210 844 iterum
1226 817 1323 844 resolvi
1349 824 1535 850 consuescere,
1554 817 1632 852 paulo
1647 821 1708 852 post

874 871 896 899 Β
910 864 1056 898 subjungit,
1071 860 1163 890 dicens
1180 871 1187 890 z
1207 863 1308 890 terminet
1337 863 1439 890 verbum
1463 867 1580 894 suum,et
1594 863 1707 898 liqttescta

911 910 958 937 ciet
973 918 1022 942 ρας
1038 910 1108 944 flabit
1120 910 1224 944 spiritns
1247 910 1312 943 ejus,
1329 914 1352 936 et
1377 910 1455 944 (luent
1468 918 1542 944 aqttoe
1558 908 1652 944 (lutat,
1668 906 1705 937 7)-

947 957 972 983 8.
990 955 1023 983 Ut
1034 961 1122 983 autem
1137 957 1305 990 perspicuum
1327 956 1361 982 sit
1378 956 1448 990 ipsas
1468 962 1550 990 aquas
1565 956 1614 982 ltoc
1629 954 1711 981 modo

910 1002 937 1029 in
950 1002 1066 1030 nubibus
1077 1002 1216 1037 suspendi,
1233 1003 1258 1029 in
1275 1002 1343 1029 libro
1354 1002 1440 1029 sancti
1463 1002 1513 1029 lob
1525 1002 1654 1036 scriptum
1668 1000 1710 1028 vi-

912 1048 1007 1074 detur:
1028 1048 1221 1082 Quisnspemtit
1243 1056 1322 1082 aquas
1350 1048 1376 1074 in
1400 1048 1507 1074 nubibus
1521 1048 1585 1080 sitiS,
1606 1053 1634 1074 ut
1657 1056 1710 1074 nvn

913 1098 1045 1127 erumpant
1059 1093 1156 1127 pariter
1167 1093 1286 1119 deorsum
1303 1092 1364 1128 (Job
1378 1100 1450 1126 xxvt,
1462 1093 1500 1127 8).
1514 1095 1638 1120 Attamen
1648 1093 1708 1121 illas

912 1146 958 1165 aer
972 1146 1054 1171 aquas
1067 1138 1100 1164 ad
1113 1143 1212 1164 terram
1240 1144 1265 1165 rt
1293 1139 1325 1165 ad
1346 1146 1421 1165 mare
1443 1139 1571 1172 demittit,
1586 1147 1650 1174 quas
1673 1147 1707 1168 ex

914 1185 1008 1211 iisdem
1025 1184 1196 1212 inferioribus
1213 1184 1332 1218 partibus
1351 1190 1413 1212 ante
1426 1185 1543 1212 sustulit.
1566 1186 1597 1212 Et
1612 1194 1709 1220 quam-

915 1230 953 1257 vis
966 1229 999 1256 de
1014 1231 1086 1256 salsa
1109 1231 1197 1266 pelagi
1216 1231 1354 1258 latitudine
1380 1238 1425 1257 eas
1450 1232 1564 1258 traxerit
1585 1231 1708 1265 pluvialis

915 1276 1063 1310 conceptio,
1094 1283 1140 1311 per
1166 1283 1256 1303 aerem
1290 1276 1456 1304 indulcescit.
1481 1277 1708 1310 Quemadmodum

915 1330 975 1349 cum
988 1323 1056 1349 salsa
1071 1323 1104 1350 de
1121 1323 1252 1357 profundo
1264 1325 1345 1350 maris
1360 1324 1428 1350 unda
1446 1324 1584 1357 propinata
1599 1332 1646 1358 per
1660 1324 1709 1351 bu-

916 1376 988 1394 mum
1003 1373 1081 1395 terrae
1094 1368 1243 1395 infunditur
1261 1369 1341 1404 (sicut
1353 1370 1440 1396 nautis
1452 1373 1494 1396 est
1507 1370 1630 1404 frequens
1642 1378 1709 1397 con-

915 1415 1039 1448 suetudo)
1068 1415 1094 1442 in
1116 1415 1202 1442 dulcis
1227 1423 1301 1450 aquae
1327 1423 1451 1450 saporem
1475 1417 1564 1443 statim
1580 1421 1709 1444 mutatur.

915 1460 1132 1487 Commutatione
1162 1469 1226 1488 vero
1248 1462 1319 1488 aeris
1334 1466 1440 1495 ventos,
1456 1467 1483 1489 et
1511 1462 1710 1491 vehementiore

916 1506 1092 1533 concitatione
1106 1508 1180 1542 ignes
1190 1507 1269 1534 etiam
1281 1514 1312 1534 ac
1323 1508 1450 1541 tonitrua,
1458 1509 1571 1536 occultis
1581 1510 1709 1544 imperiis,

74 1550 133 1570 cum
152 1543 344 1577 spiramentum
363 1549 415 1569 non
432 1541 545 1575 babent,
562 1541 616 1568 cito
638 1541 779 1574 deliciunt;
796 1540 864 1568 sicut
878 1559 900 1590 C
917 1560 964 1587 per
978 1552 1097 1587 angam,
1114 1553 1210 1587 quibus
1226 1552 1338 1579 visibilis
1351 1554 1452 1588 regitur
1465 1554 1592 1585 mundus·
1604 1555 1674 1583 sicut
1687 1559 1712 1582 e,

72 1594 99 1618 et
111 1598 143 1618 ea
157 1598 214 1624 qua:
231 1590 257 1616 in
270 1597 333 1616 aere
348 1589 448 1622 vivunt,
469 1595 529 1615 cum
542 1588 626 1614 abeis
640 1594 686 1614 acr
698 1588 862 1621 excluditur,

73 1637 140 1665 ultra
154 1637 245 1663 vivere
261 1644 312 1662 nou
326 1639 447 1670 possunt.
465 1634 540 1662 Sicut
554 1639 641 1661 autem
657 1634 699 1660 illa
717 1635 787 1661 aeris
802 1635 864 1661 soli-

74 1682 156 1712 ditate
175 1683 304 1715 volatilia,
321 1687 349 1709 ut
360 1682 424 1714 dixi,
440 1688 552 1716 corpora
577 1680 731 1713 fulciuntur,
749 1681 783 1707 ita
807 1681 863 1715 ipsa

75 1731 167 1758 eadem
181 1738 326 1762 terrenam,
343 1736 421 1764 quam
437 1728 464 1756 in
480 1736 508 1755 se
526 1728 622 1759 babet,
635 1727 841 1755 crassitudinem
854 1747 862 1760 ,

75 1782 183 1813 propter
208 1785 287 1811 qnam
315 1781 341 1803 et
358 1779 436 1802 terrae
461 1775 622 1802 vocabulum
644 1781 717 1809 saepc
741 1774 863 1807 sortitur,

76 1825 154 1861 597
172 1823 271 1850 tumida
287 1822 395 1849 nttbium
411 1823 495 1848 moles
506 1826 681 1855 sustentatur,
697 1826 723 1847 et
736 1829 781 1855 per
793 1821 864 1848 illam

76 1870 236 1897 soliditatem
251 1868 321 1895 aeris
345 1868 511 1900 crassitudo,
528 1867 612 1899 nives,
630 1872 655 1894 et
671 1867 824 1900 grandines,
840 1872 867 1895 et

77 1915 198 1950 glaciem,
214 1914 350 1941 adnitente
363 1914 387 1940 vi
402 1912 506 1948 frigoris
527 1914 610 1948 parit,
626 1913 733 1947 quando
750 1916 785 1940 ita
807 1914 865 1941 efli-

77 1960 155 1988 citur.

114 2015 140 2043 5.
157 2015 220 2042 Nam
238 2015 286 2042 ltoc
302 2022 370 2042 aeris
385 2015 500 2050 spatium
511 2022 566 2041 sum
580 2020 682 2042 naturae
694 2015 802 2042 insitum
821 2016 867 2042 lia·

80 2064 135 2098 bet,
149 2069 177 2090 ut
193 2063 282 2091 fumali
300 2063 405 2090 levitate
422 2071 534 2097 vapores
554 2070 682 2097 aquarum
699 2064 732 2090 de
756 2067 826 2090 terra
841 2067 868 2090 et

80 2110 161 2138 maris
175 2110 264 2144 specie
279 2110 418 2137 contrabat
443 2113 470 2137 et
493 2110 610 2144 colligat,
626 2117 692 2143 qnos
713 2109 739 2136 in
755 2110 868 2137 sublime

80 2158 198 2188 elevans,
229 2157 345 2191 quaudu
380 2156 564 2183 minutissimis
602 2157 682 2190 guttis
706 2157 867 2190 consistunt,

81 2203 244 2238 conglobatis
260 2203 286 2230 in
302 2210 331 2230 se
352 2203 477 2234 nubibus,
496 2203 552 2236 ipse
574 2211 620 2237 pet·
635 2204 807 2236 semetipsum
823 2211 869 2230 aar

917 1604 1025 1631 caetera,
1040 1599 1164 1626 conditor
1179 1598 1251 1625 facit.

951 1645 978 1672 9.
992 1645 1117 1672 Nonnulli
1133 1652 1194 1672 vero
1206 1645 1238 1672 de
1251 1644 1346 1672 ellectu
1362 1646 1460 1672 tonitru
1476 1645 1540 1672 illud
1552 1646 1706 1680 intendunt,

917 1690 988 1725 quod
1003 1698 1063 1718 cum
1083 1691 1152 1717 circa
1181 1698 1269 1718 aerem
1295 1691 1407 1718 duorum
1435 1691 1642 1725 clementorum,
1662 1692 1714 1720 lioc

916 1743 969 1770 est,
987 1738 1055 1772 ignis
1070 1742 1190 1771 etaquae,
1203 1741 1265 1764 sunt
1279 1738 1376 1772 spatia,
1392 1745 1472 1764 unum
1488 1739 1569 1774 598
1579 1739 1713 1773 superins,

917 1783 1124 1815 sicutdiximus‚
1141 1788 1167 1809 et
1182 1790 1262 1809 unum
1280 1783 1401 1815 interius,
1422 1788 1449 1810 et
1464 1788 1553 1811 tamen
1573 1786 1643 1812 aeris
1664 1793 1714 1812 na-

918 1836 975 1859 tura
990 1836 1101 1865 utraque
1115 1830 1140 1856 iu
1156 1837 1184 1856 se
1196 1829 1286 1861 trabit,
1303 1829 1326 1855 id
1338 1834 1389 1861 est,
1401 1837 1496 1864 aquam
1508 1831 1669 1865 vaporaliter
1679 1832 1714 1859 de

918 1876 989 1910 imis,
1005 1881 1031 1903 et
1051 1876 1138 1910 iguem
1151 1875 1309 1902 caumaliter
1319 1875 1353 1902 de
1365 1875 1498 1909 supernis,
1511 1877 1566 1910 ipsa
1580 1876 1633 1903 duo
1647 1884 1714 1904 con-

919 1923 998 1949 traria
1014 1923 1063 1949 sibi
1079 1922 1211 1948 clementa
1225 1922 1380 1956 confligunt.
1565 1919 1569 1923 ”

954 1968 997 1995 tt).
1015 1968 1182 2002 lmpossibtle
1196 1975 1312 2002 namque
1332 1974 1373 1995 est
1388 1968 1490 2004 absque
1504 1969 1620 1996 humidis
1636 1970 1714 1997 nubi-

919 2013 967 2040 bus
979 2017 1006 2039 et
1031 2013 1179 2047 fulgoribus
1191 2013 1308 2040 tonitrua
1335 2014 1447 2046 moveri,
1464 2014 1533 2042 sicut
1554 2016 1714 2043 intuentium

919 2060 1003 2086 oculis
1017 2059 1159 2094 perspicue
1174 2064 1261 2093 patct;
1276 2060 1302 2086 in
1311 2068 1364 2094 quo
1377 2061 1502 2087 conflictu
1517 2062 1585 2095 ignis
1598 2066 1626 2089 et
1637 2070 1714 2096 aquae

919 2105 1021 2132 confusi
1034 2106 1136 2131 sanitas
1148 2105 1342 2140 horribilesque
1358 2105 1478 2140 fragores
1494 2108 1669 2140 suscitandum
1687 2113 1715 2135 et

919 2151 940 2178 si
956 2152 1023 2186 ignis
1038 2152 1124 2178 victor
1136 2151 1226 2183 fuerit,
1243 2156 1322 2179 terrae
1344 2157 1424 2187 atque
1445 2153 1571 2180 arborum
1585 2154 1714 2182 fructibus

921 2205 974 2224 nou
987 2197 1157 2225 mediocriter
1172 2202 1266 2230 nocet;
1283 2199 1304 2225 si
1321 2206 1385 2226 vero
1397 2206 1465 2234 aqua
1481 2200 1586 2233 vicerit,
1603 2200 1714 2236 frugife-

81 2250 228 2285 susp01.dn,
246 2250 298 2277 Sed
310 2257 381 2282 cum,
398 2255 512 2276 vexante
537 2254 626 2281 vento,
645 2249 696 2276 illm
720 2250 827 2285 guttula}
843 2250 868 2276 j„
884 2249 908 2276 D
923 2253 978 2271 ram
994 2244 1058 2276 vitu,
1073 2249 1125 2271 tant
1143 2245 1168 2271 in
1181 2245 1322 2272 arboribus
1337 2253 1416 2280 quam
1433 2245 1459 2273 in
1476 2245 1518 2273 ltis
1536 2254 1595 2281 quoe
1610 2248 1713 2275 olerum

84 2296 197 2331 majores
209 2297 292 2324 stillas
313 2301 420 2328 coeunt,
437 2296 506 2322 aeris
526 2297 639 2331 amplius
653 2301 746 2323 natura
762 2304 813 2323 non
830 2296 870 2324 fe-

84 2349 170 2376 remc,
183 2343 332 2380 pluvialiter
351 2343 452 2370 imbres
474 2342 506 2368 ad
522 2347 620 2369 terram
645 2342 746 2376 delapsi
761 2343 869 2369 cadunt.

120 2409 148 2436 2.
177 2409 242 2442 Ms..
269 2409 309 2435 liic
331 2417 374 2436 aer
396 2413 504 2437 terroe...
527 2417 612 2443 quoeve
636 2409 703 2435 velut
723 2410 818 2442 pisces,
846 2413 870 2436 et

86 2444 172 2470 onmia
191 2451 252 2478 pene
275 2444 409 2478 aquatilia.
434 2446 460 2471 ln
488 2445 592 2472 excuso
615 2444 691 2471 deest
716 2445 786 2471 aeria
809 2449 871 2472 ante

86 2479 178 2514 spatia.
195 2478 263 2512 quod
277 2486 309 2505 ex
326 2479 374 2506 ΜΒ.
391 2479 506 2507 restitui.

122 2514 150 2540 2.
163 2513 272 2548 Dequnt.
285 2517 336 2540 etc.
352 2514 406 2546 At..
422 2515 516 2548 aequm
536 2515 564 2542 in
586 2515 702 2549 spirandi
716 2514 871 2550 resp-'ramu-

87 2557 134 2584 qu
149 2552 242 2576 tractu.
265 2548 298 2574 Et
311 2556 372 2576 mox
385 2549 512 2583 volantia,
525 2555 552 2577 ιιι
565 2551 653 2579 dixi...
669 2550 758 2577 eadem
772 2556 872 2577 terrena

87 2591 164 2617 qaam
174 2584 200 2610 in
210 2591 236 2610 u
245 2582 318 2610 habe!
325 2584 527 2612 crassitudine...
537 2585 642 2612 nubium
653 2586 718 2612 moze
727 2591 872 2612 sustentan-

90 2623 165 2660 tnr...
187 2618 341 2645 soliditatem
359 2618 430 2645 aeria
450 2621 627 2648 audrade...
653 2622 736 2654 parit,
751 2621 818 2654 qnod
837 2622 873 2647 ita

88 2661 103 2681 a
162 2661 204 2680 tar.

101 2653 269 2724 ffig‘specta.
286 2686 334 2728 Bis.
351 2687 427 2723 facio.
449 2687 530 2717 Panto
553 2694 623 2724 post.
649 2682 748 2718 ‘tem‘-
761 2699 778 2718 a
791 2695 872 2723 terra.

81 2724 202 2761 *qnandiu
215 2723 242 2750 in
268 2723 452 2750 mnntinimts.
469 2723 519 2751 Pro
537 2724 706 2759 eonyloftatis,
722 2725 808 2752 Editio
821 2734 874 2753 non

89 2758 208 2796 ,tubane
219 2758 289 2794 qnod
300 2757 390 2785 sensui
402 2762 541 2798 repugnat,
551 2763 579 2786 ot
601 2766 635 2786 ex
648 2759 698 2787 fle.
709 2760 837 2795 rejicitur.

80 2813 89 2826 1
125 2795 154 2823 6.
166 2793 228 2826 “sq
244 2801 307 2828 qm
329 2793 470 2828 podia...
483 2794 630 2830 arripuerit,
642 2794 671 2822 in
691 2795 823 2829 mittio
835 2795 876 2823 la-

119 2829 168 2857 tto·
181 2828 442 2864 coagulum-stiam·
468 2828 588 2856 munna
609 2829 770 2865 eunomiiqu-
782 2829 812 2859 112
823 2830 875 2859 Ιιιι-

50 2842 186 3016 }wcno
198 2868 255 2892 erat
268 2863 372 2900 trifaria
384 2862 409 2890 ri
421 2862 551 2891 violentia.

923 2290 1034 2317 diversis
1046 2290 1186 2324 speciebus
1199 2296 1356 2324 nascuntur,
1369 2299 1421 2318 non
1437 2292 1533 2325 perdit.

960 2337 1002 2364 ll.
1019 2337 1066 2363 lllo
1081 2337 1152 2364 etiim
1175 2336 1309 2372 praectpue
1338 2341 1457 2372 tempore
1471 2338 1587 2364 tonitrua
1603 2342 1713 2372 sonant,

957 2403 984 2430 7.
1000 2402 1067 2430 Cnd.
1082 2411 1145 2436 ms.,
1157 2403 1239 2430 niuem
1263 2403 1327 2430 sicut
1342 2403 1464 2429 lanam...
1477 2403 1627 2437 crystallum
1640 2411 1715 2433 suam

921 2438 1020 2466 sicut...
1030 2439 1055 2464 in
1068 2447 1148 2473 aquas
1163 2443 1261 2464 tantum
1274 2438 1375 2465 resolvi.

959 2474 984 2500 8.
1004 2475 1030 2499 ln
1046 2473 1180 2506 Editiune‚
1198 2474 1230 2500 ad
1254 2474 1412 2506 marginem.
1429 2473 1536 2500 notatur
1548 2473 1655 2502 diversa
1679 2475 1714 2503 Ιε-

923 2510 977 2535 ctio
989 2509 1064 2543 liqut,
1091 2517 1138 2542 pro
1161 2508 1304 2542 suspendit.
1325 2508 1351 2534 ln
1368 2507 1462 2534 eadem
1481 2509 1613 2536 omittitur
1633 2517 1714 2544 aquas

925 2553 984 2583 post
994 2548 1054 2573 illas
1067 2553 1122 2576 aer,
1134 2549 1160 2571 ει
1170 2543 1298 2572 scribitur
1309 2543 1424 2569 dimittit.
1440 2543 1534 2570 Postea
1550 2545 1612 2577 Mc„
1625 2553 1715 2579 quem-

925 2583 1062 2610 admodum
1078 2585 1100 2606 rt
1116 2588 1171 2606 cum
1181 2579 1250 2606 salsa
1264 2578 1392 2613 profundo
1411 2578 1500 2605 viaria.

961 2620 987 2645 9.
1000 2617 1066 2644 Cod.
1083 2623 1145 2648 ms„
1158 2615 1276 2650 inferius,
1301 2617 1412 2640 attamen
1425 2614 1492 2640 aeris
1513 2615 1664 2642 caumaliter
1681 2616 1714 2644 dc

924 2652 1109 2685 superioribus.
1126 2651 1158 2677 Et
1179 2650 1278 2677 omittit
1291 2649 1430 2675 contraria.
1443 2648 1484 2676 Aa
1500 2651 1646 2684 marginem
1661 2651 1714 2679 Ex-

924 2689 980 2716 cusi
1002 2691 1119 2719 notatur,
1147 2685 1296 2712 cauonatiter
1314 2692 1369 2711 esse
1381 2692 1413 2710 ex
1437 2689 1562 2712 caumate.
1576 2686 1599 2712 Δ
1610 2693 1712 2720 camna,

925 2723 968 2751 vel
980 2726 1094 2750 caumate
1107 2721 1208 2748 dictum
1222 2721 1352 2746 caminum
1377 2720 1455 2748 docet
1473 2720 1587 2748 isidorus
1603 2721 1714 2758 Etyma·

925 2759 979 2793 loss.
993 2758 1040 2785 lib.
1055 2764 1110 2788 ιιι.
1125 2763 1185 2790 cap.
1201 2755 1228 2787 6,
1245 2763 1272 2783 n.
1287 2754 1315 2782 6.

963 2794 1007 2820 ¹0.
1022 2791 1198 2828 Frugiferant.
1213 2790 1275 2824 Ma„
1287 2790 1456 2826 fructiferam.

963 2828 1007 2855 tt.
1024 2827 1103 2855 Sunt.
1116 2826 1204 2855 Editio
1216 2826 1292 2860 finem.
1320 2826 1372 2854 Pro
1393 2827 1552 2856 decrementa
1566 2827 1616 2856 tta.
1631 2827 1713 2859 detri-
