1832 3016
46 165 94 194 721

648 158 915 188 sssN'rt-:N'rtAnun
937 160 999 188 tte.
1021 161 1063 189 lli.

1631 160 1687 190 ⁷22

45 210 448 258 piditas;stne‹tetraudinlone
461 217 573 251 alicujus
585 224 618 244 ex
633 224 749 251 paupere
765 217 833 244 divi·
849 220 874 249 Α
921 219 948 247 t.
971 218 1081 246 Ditticile
1105 223 1146 246 est
1169 218 1315 254 principem
1342 216 1447 254 regredi
1470 216 1503 246 ad
1525 218 1632 253 melius,
1656 219 1683 247 11

45 272 100 296 tem
115 266 197 300 sacit;
219 272 247 294 et
266 265 336 301 quod
353 264 423 299 iusta
445 266 576 297 potestate
599 262 732 297 apopulis
743 267 835 290 extor—

45 320 130 349 quere
140 317 256 348 poterat,
267 318 339 346 saepe
353 308 520 337 misericordi
534 308 677 336 clementia
689 308 781 335 donat.

80 371 107 398 3.
126 369 201 397 Dedit
217 369 286 396 Deus
301 365 464 401 principibus
479 365 650 400 praesulatum
666 373 714 399 pro
729 364 837 400 regimi-

43 424 79 445 ne
98 415 268 452 populorum,
285 412 338 439 illis
353 419 400 439 eos
413 418 529 445 praeesse
541 411 634 443 voluit,
657 419 717 438 cum
741 411 837 445 quibus

44 470 97 491 una
112 466 153 490 est
165 461 204 488 eis
218 459 343 487 nascendi
360 458 544 492 moriendique
555 457 684 485 conditio.
702 457 838 484 Prodesse

44 503 108 543 ergo
135 506 214 534 debet
239 504 344 539 populis
375 503 550 538 principatus,
572 511 625 530 non
649 511 768 535 nocere;
789 510 838 530 nec

43 551 204 581 dominando
217 558 349 585 premere,
365 550 412 577 sed
427 549 668 577 condescendendo
681 549 835 581 consulere,

42 603 71 626 ut
84 605 146 625 vere
160 597 194 623 sit
210 597 275 623 utile
298 596 348 622 boc
365 595 504 629 potestatis
527 595 640 629 insigne,
656 600 683 621 et
704 595 773 621 dono
790 594 837 621 Dei

41 651 90 679 pro
115 643 218 670 tutione
243 646 350 669 utantur
371 642 553 668 membrorum
579 640 689 668 Christi.
719 640 836 667 Membra

40 691 140 726 quippe
154 690 254 717 Christi
271 689 362 716 fideles
388 693 450 715 sunt
465 688 566 722 populi,
581 695 648 722 quos
663 680 732 714 duni
742 694 772 714 ea
789 694 838 721 po-

40 740 148 768 testate,
165 744 243 770 quant
261 735 406 770 accipiunt,
423 736 526 768 optime
540 737 646 765 regunt,
670 733 767 760 bonam
783 733 837 759 uti-

40 790 93 818 quc
106 781 318 809 vicissitudinem
340 781 395 807 Deo
422 779 541 815 largitori
557 780 713 806 restituunt.

75 829 102 856 4.
121 829 209 855 Bonus
225 835 271 854 rex
288 827 392 854 facilius
409 826 440 852 ad
452 826 586 861 justitiam
602 833 616 852 a
634 825 731 852 delicto
747 832 838 859 regre-

41 874 114 902 ditur
144 873 274 909 quamde
295 873 396 907 justitia
412 872 445 899 ad
469 872 597 899 delictum
621 872 792 904 transfertur,
810 875 839 898 ut

42 922 150 949 noveris
164 922 206 948 hic
219 928 278 948 esse
299 928 401 952 casum,
418 920 471 947 illic
487 921 665 955 propositum.
686 920 714 947 ln
737 926 834 954 propo·
854 915 876 944 B

43 967 94 995 sito
114 968 172 1002 ejus
196 974 256 994 esse
285 967 364 994 debet
399 974 534 1001 nunquam
558 966 649 999 egredi
672 973 687 992 a
709 966 833 993 veritate.

41 1015 118 1048 Quod
142 1015 164 1042 si
190 1022 253 1042 casu
277 1014 392 1042 titubare
409 1015 562 1049 eontigerit,
585 1022 647 1041 mox
672 1021 822 1048 resurgere.

341 1072 455 1099 CAPUT
475 1071 506 1098 L.

256 1119 294 1147 De
315 1119 438 1154 patientia
460 1118 614 1152 principum.

77 1167 103 1194 1.
118 1166 277 1200 Plerumque
300 1165 423 1199 princeps
443 1164 531 1199 justus
551 1164 629 1190 etiam
646 1162 777 1189 malorum
797 1168 840 1188 er-

40 1221 118 1242 rores
133 1212 303 1240 dissimulare
319 1211 401 1243 novit,
428 1218 479 1237 non
496 1210 566 1244 quod
591 1209 721 1243 iniquitati
739 1214 831 1235 eorum

40 1260 204 1291 consentiat,
234 1258 280 1285 sed
308 1258 378 1293 quod
408 1261 499 1291 aptum
526 1261 630 1290 tempus
663 1254 839 1282 correctionis

45 1311 199 1340 exspectet,
216 1305 322 1339 quando
337 1311 429 1331 eorum
443 1303 507 1329 vitia
523 1303 563 1329 vel
579 1302 724 1328 emendare
738 1303 836 1334 valeat,

42 1353 84 1380 vel
108 1352 213 1386 punire.
294 1382 304 1388 ί

76 1397 104 1424 2.
126 1397 198 1424 Multi
214 1396 344 1423 adversus
360 1395 494 1428 principes
516 1393 707 1427 coniurationis
723 1393 838 1420 erimine

41 1443 211 1478 deteguntur,
237 1442 283 1469 sed
313 1442 426 1475 probare
452 1440 546 1466 volens
574 1439 647 1465 Deus
664 1439 835 1466 clementiam

42 1489 206 1525 principum,
233 1488 291 1514 illos
307 1487 376 1514 male
390 1486 510 1521 cogitare
526 1485 666 1519 permittit,
694 1485 759 1512 istos
783 1492 835 1512 non

46 1535 157 1563 deserit.
188 1535 224 1562 De
238 1534 343 1561 illorum
369 1533 439 1559 malo
453 1533 521 1559 bene
537 1532 595 1559 istis
610 1531 684 1563 iacit,
700 1530 763 1557 dum
779 1529 828 1556 cul·

45 1589 95 1618 pas
110 1589 176 1617 quas
195 1581 231 1608 illi
248 1581 347 1607 faciunt
363 1580 406 1606 isti
423 1580 488 1606 tnirn
507 1578 632 1612 patientia
649 1578 796 1612 indulgent.

76 1627 156 1664 342
168 1627 193 1654 3.
206 1627 328 1654 Reddere
340 1629 438 1653 matum
452 1633 499 1659 pro
512 1624 581 1651 malo
595 1623 747 1650 vicissitudo
756 1622 835 1657 justi-

45 1674 90 1702 tiae
103 1678 165 1701 est:
181 1673 227 1700 sed
242 1673 286 1707 qui
300 1671 469 1699 clementiam
485 1670 557 1696 addit
576 1669 697 1703 justitie,
713 1676 766 1695 non
778 1675 836 1694 ma-

42 1720 96 1748 lum
115 1728 162 1754 pro
186 1720 257 1746 malo
272 1718 388 1752 culpatis
402 1717 500 1749 reddit,
515 1717 562 1744 sed
580 1716 678 1742 bonum
705 1722 752 1749 pro
767 1715 837 1742 malo

44 1766 154 1794 offensis
173 1765 302 1800 impertit.

80 1836 107 1862 5.
131 1834 245 1861 Sanctus
267 1833 438 1864 Athanasius,
463 1833 489 1859 in
512 1831 569 1858 Vita
592 1831 676 1858 sancti
701 1830 833 1858 Antonii:

44 1871 116 1898 Licet
132 1871 197 1896 enim
211 1869 309 1895 diversa
324 1870 356 1895 sit
370 1869 491 1901 diqnitas,
505 1871 616 1893 attamen
632 1867 717 1893 eadem
731 1875 836 1893 nascen-

44 1907 71 1933 di
97 1905 270 1938 moriendique
295 1904 408 1931 conditio
431 1908 476 1929 est.
515 1903 566 1929 Pro
592 1903 670 1935 ltttJus
695 1902 836 1929 sententiae

47 1941 228 1968 illustratione
242 1939 422 1966 consulendus
435 1938 549 1972 Lipsius.
567 1938 673 1964 Potitio.
691 1945 719 1969 tt,
736 1945 794 1970 cap.
808 1938 834 1964 6.

45 1976 160 2003 Verbum
185 1975 356 2001 condescensio
384 1975 410 2000 in
435 1974 485 2000 hoc
511 1981 591 1999 sensu
614 1975 732 2000 occurrit
756 1973 827 2006 apud

45 2015 169 2038 sanctum
184 2010 340 2044 Gregoritnn
358 2009 490 2043 Magnum,
507 2008 621 2042 Lupum,
635 2008 836 2035 Ferrarienseut

45 2046 180 2077 abbatem,
205 2049 233 2072 et
255 2045 332 2071 alios.
349 2044 502 2079 Legendum
527 2045 632 2071 videtur
657 2051 704 2077 pro
720 2043 836 2069 tuitione.

46 2082 132 2109 Ansv.

81 2116 108 2143 4.
123 2115 186 2146 Alii,
201 2123 329 2147 nunquam
342 2115 442 2141 deviare
455 2123 471 2141 a
483 2115 622 2141 veritate...
638 2122 697 2140 vitos
709 2120 840 2148 resurqere

48 2159 99 2178 non
115 2151 210 2186 piqent.
227 2152 310 2176 Anev.

81 2186 147 2214 CM>-
165 2193 190 2212 ι.
207 2185 238 2212 N.
258 2187 283 2212 ¹.
300 2185 337 2212 De
353 2184 534 2212 moderatione
550 2189 576 2212 et
598 2184 723 2218 patientia
741 2183 839 2217 princi-

46 2228 109 2256 pum
125 2221 239 2255 Lipsius,
263 2222 287 2247 in
304 2221 420 2252 Politic.;
436 2227 544 2247 sanctus
558 2219 702 2254 Gregorius
718 2219 838 2252 Magnus,

48 2257 139 2284 Morul.
157 2256 202 2283 lib.
218 2263 272 2287 xtx,
289 2263 346 2290 cap.
363 2254 408 2288 ⁹25,
425 2256 517 2282 etalii.
534 2255 586 2282 Pro
601 2255 680 2286 novit,
696 2255 739 2281 alii
754 2254 839 2281 debet.

49 2293 134 2319 Anev.

85 2326 112 2353 2.
129 2327 197 2354 Male
211 2327 334 2362 cogitare.
350 2325 406 2357 At„
422 2325 651 2352 malemachinari.
667 2325 752 2351 Ausv.

85 2362 113 2388 5.
140 2362 191 2389 Sed
206 2363 250 2396 qui
265 2362 433 2393 clementiam,
461 2366 512 2388 etc.
540 2361 692 2393 Gratianus,
717 2360 837 2388 distinct.

55 2395 102 2428 ts,
118 2404 177 2430 cap.
202 2396 248 2427 23.
271 2405 299 2431 q.
313 2395 356 2427 Aa:
383 2397 556 2430 Augustinus,
584 2395 731 2426 Enchirnt„
747 2403 771 2422 c.
789 2396 839 2428 75:

55 2431 199 2466 Gregorius
224 2431 343 2465 Magnus,
357 2431 449 2458 Morat.
466 2432 512 2458 lib.
531 2439 577 2465 xx,
591 2436 659 2466 part.
676 2439 712 2461 tv,
726 2438 785 2464 cap.
806 2431 838 2463 o;

53 2465 172 2493 isidorus
187 2470 286 2497 noster.
302 2466 462 2501 Synonym..
488 2470 540 2493 loc.
559 2468 617 2497 cit..
634 2471 660 2493 et
674 2467 717 2493 alii
739 2467 838 2499 plnres.

54 2499 197 2527 Goldastus
210 2501 318 2534 culpatis
333 2501 521 2535 interpretatur
534 2502 704 2533 culpantibus,
721 2509 768 2527 seu
783 2502 841 2528 'cut-

54 2543 114 2570 pam
129 2535 350 2568 committentibur,
363 2540 390 2562 et
403 2536 506 2570 offensis
520 2537 601 2564 simili
616 2538 696 2564 modo
710 2536 842 2570 offenden-

54 2571 133 2602 tibus.
156 2575 185 2597 ut
209 2570 278 2603 apud
295 2570 361 2598 alios
384 2572 532 2606 sacrificatis
553 2574 665 2599 sumitur
679 2578 726 2606 pro
741 2572 842 2606 sacrifi-

55 2605 181 2637 cantibus,
199 2605 335 2639 implicatis
357 2612 404 2639 pro
425 2606 624 2641 implicantibus,
645 2611 698 2635 cte.
718 2607 804 2634 Anev.

92 2642 120 2669 h.
148 2641 252 2668 Excitat
280 2639 350 2667 bunc
373 2639 461 2667 loctnn
488 2640 634 2669 tiodericus
658 2642 782 2670 sanctius
807 2642 841 2669 de

56 2675 184 2708 Arevalo,
200 2674 307 2709 Specul.
325 2675 372 2702 vit.
389 2674 463 2703 bum.
485 2675 533 2704 lib.
548 2683 568 2708 t,
587 2684 648 2712 esp.
662 2677 691 2704 Ξ.
706 2677 758 2703 Pro
772 2684 844 2704 coer-

56 2715 171 2745 ceantur,
192 2710 236 2737 alii
259 2717 287 2737 ιε
300 2710 470 2743 coercuerint,
495 2715 540 2738 ent
553 2713 624 2746 quod
639 2712 772 2738 sustinere
786 2713 844 2738 vult

42 2744 199 2776 'Goldnstns
233 2752 266 2773 ex
302 2744 467 2780 antiquitatis
493 2745 658 2778 imitatione,
695 2746 842 2774 coercet-int.

117 2789 145 2810 v.

42 2781 121 2845 ‘Q
147 2816 250 2850 Quanto
263 2816 380 2851 quisque,
399 2818 459 2843 ete.
481 2814 657 2850 Augustinus,
680 2815 708 2843 in
723 2815 744 2842 tt
780 2816 843 2850 nl..

38 2845 117 2884 ‘five
143 2853 256 2888 epistota
273 2851 336 2884 2¹¹,
353 2851 387 2878 ad
401 2850 544 2878 Mon-enas
559 2858 567 2883 ;
583 2849 710 2883 isidorus,
727 2850 761 2878 iu=
778 2850 845 2879 ibris

35 2870 147 3016 ῗῆιιίε
159 2887 194 2915 de
215 2886 376 2921 contemptu
392 2885 494 2919 mundi,
520 2889 548 2914 et
570 2885 605 2914 de
627 2885 802 2921 synonymis,
815 2890 845 2915 et

16 2985 21 3016 l

890 265 962 291 vitiis
979 265 1059 292 luerit
1076 265 1238 299 implicatus.
1263 265 1355 300 Populi
1368 265 1441 293 enim
1455 269 1597 300 peccantes
1609 264 1684 300 iudi-

891 318 949 338 cem
976 317 1109 344 metuunt,
1133 316 1160 340 et
1175 320 1190 339 a
1214 313 1285 340 malo
1308 320 1357 340 suo
1383 312 1487 348 iegibus
1512 316 1683 341 coercentur.

891 356 977 391 Reges
994 363 1095 390 autem,
1111 358 1163 385 nisi
1177 359 1236 386 solo
1252 358 1299 385 Dei
1325 359 1423 385 timore
1439 362 1568 393 metuque
1583 357 1687 393 gehen·

891 410 932 429 nae
946 407 1131 436 coerceantur,
1156 404 1239 431 libere
1254 404 1280 430 in
1297 411 1418 438 praeceps
1435 410 1576 438 proruunt,
1593 408 1620 431 et
1634 410 1684 438 por

889 448 1031 482 abruptum
1047 448 1163 475 licentiae
1187 448 1214 475 in
1230 456 1311 476 omne
1325 449 1428 476 facinus
1443 449 1571 476 vitiorum
1585 449 1683 476 labun-

890 498 941 522 tut·-

925 551 951 578 5.
972 551 1077 586 Quanto
1103 552 1218 587 quisque
1243 553 1268 579 in
1295 553 1427 587 superiori
1451 552 1615 580 constitutus
1645 555 1687 580 est

890 597 958 629 loco,
977 601 1051 625 tanto
1078 598 1104 624 in
1130 598 1223 632 maiori
1239 602 1364 625 versatur
1381 597 1501 632 periculo
1514 606 1521 630 ;
1536 601 1564 625 et
1585 601 1686 631 quanto

889 644 1040 677 splendoris
1063 644 1165 671 bonore
1188 644 1319 671 excelsior
1341 643 1456 678 quisque
1478 648 1529 676 est,
1558 646 1645 676 tanto,
1662 642 1686 670 si

889 690 1036 724 delinquat,
1050 694 1173 724 peccator
1184 689 1270 724 major
1285 693 1336 717 est.
1350 689 1471 715 Potentes
1484 689 1551 716 enim
1566 692 1685 723 potenter

891 743 1014 765 tormenta
1026 738 1150 772 potientur
1158 736 1235 772 (Sap.
1246 735 1380 770 Vt,7).Cni
1388 735 1486 762 etenim
1495 735 1553 769 plus
1561 734 1685 761 commit-

892 785 964 818 titur,
979 784 1038 818 plus
1049 785 1082 810 ab
1092 791 1124 810 co
1137 783 1261 817 exigitur,
1277 782 1356 810 etiam
1370 789 1430 809 cum
1443 789 1522 808 usura
1534 788 1685 815 poenarutn.

926 839 953 866 6.
974 839 1061 874 Reges
1085 839 1165 866 vitam
1188 838 1357 866 subditotum
1383 838 1460 865 tacite
1475 838 1605 872 exemplis
1630 838 1686 865 suis

892 888 934 915 vel
959 887 1101 918 aedilicant,
1127 886 1169 913 vel
1195 886 1354 913 subvertunt
1372 906 1378 917 ,
1395 886 1508 919 ideoque
1533 884 1682 918 principem

891 939 943 959 non
959 936 1065 966 oportet
1077 932 1245 966 delinquere,
1264 939 1297 957 ne
1321 931 1434 957 sormam
1451 929 1580 964 peccandi
1608 929 1686 956 faciat

892 978 993 1012 peccati
1009 978 1066 1011 ejus
1093 977 1222 1011 impunita
1246 976 1363 1003 licentia.
1389 976 1455 1003 Nam
1470 984 1516 1003 rex
1529 976 1573 1010 qui
1589 975 1643 1002 ruit
1658 975 1685 1002 in

891 1023 962 1050 vitiis
976 1024 1029 1050 cito
1046 1024 1114 1050 viam
1130 1023 1248 1050 ostendit
1268 1023 1378 1054 erroris,
1394 1023 1463 1049 sicut
1486 1023 1582 1056 legitur
1595 1022 1629 1049 de
1643 1021 1688 1049 Je-

891 1070 1011 1101 roboam,
1025 1071 1068 1103 qui
1085 1070 1202 1104 peccavit
1230 1075 1256 1097 et
1278 1077 1391 1105 peccare
1406 1070 1468 1096 iecit
1484 1069 1564 1096 lsrael
1589 1068 1684 1104 (Eccii.

892 1124 977 1148 xcvii,
992 1116 1048 1150 229).
1066 1116 1104 1143 1111
1121 1124 1235 1151 namque
1248 1116 1404 1148 ascribitur,
1417 1115 1544 1150 quidquid
1558 1115 1687 1150 exemplo

891 1162 948 1196 ejus
963 1170 976 1188 a
993 1162 1104 1188 subditis
1128 1167 1306 1196 perpetratur.

928 1217 955 1243 7.
977 1217 1052 1244 Sicut
1067 1217 1186 1244 nonnulli
1201 1217 1333 1245 bonorum
1349 1217 1500 1252 principum
1515 1216 1570 1243 Deo
1589 1215 1686 1250 piacita

892 1263 958 1290 sacta
973 1267 1129 1298 sequuntur,
1154 1263 1234 1298 343
1259 1263 1293 1290 ita
1309 1263 1386 1290 facile
1407 1262 1482 1289 multi
1496 1269 1575 1296 prava
1590 1268 1687 1289 eorum

892 1310 1012 1343 exempla
1038 1313 1183 1336 sectantur.
1213 1308 1338 1343 Plerique
1367 1313 1456 1335 autem
1483 1307 1552 1341 apud
1580 1306 1688 1342 iniquos

893 1356 1026 1390 principes
1042 1356 1203 1382 necessitate
1218 1354 1301 1388 magis
1314 1361 1392 1389 quam
1404 1358 1466 1380 voto
1479 1354 1541 1380 mali
1556 1354 1686 1386 existunt,

891 1401 953 1427 dum
969 1401 1087 1435 imperiis
1102 1408 1195 1428 eorum
1211 1400 1349 1426 obediunt.
1364 1399 1490 1426 Nonnulli
1507 1404 1594 1426 autem
1612 1399 1685 1426 sicut

891 1446 1004 1481 prompti
1030 1451 1092 1472 sunt
1116 1445 1191 1480 sequi
1208 1453 1285 1480 reges
1301 1446 1327 1472 in
1354 1446 1463 1478 mnium,
1479 1445 1517 1472 sic
1541 1445 1607 1480 pigri
1624 1447 1688 1472 sunt

891 1492 988 1518 imitari
1002 1492 1063 1518 illos
1087 1492 1113 1518 in
1130 1492 1240 1518 bonum.

926 1556 951 1583 3.
974 1556 1051 1589 Saepe
1064 1556 1134 1582 unde
1149 1556 1210 1582 mali
1228 1563 1305 1590 reges
1322 1560 1444 1589 peccant.
1461 1555 1526 1582 inde
1550 1555 1612 1582 boni
1625 1554 1684 1589 jus-

848 1602 871 1633 C
888 1601 1032 1631 titicantur,
1041 1601 1103 1628 dum
1113 1601 1319 1635 praecedentium
1331 1601 1505 1635 cupiditatem
1516 1605 1542 1627 et
1554 1600 1683 1628 malitiam

893 1647 1042 1682 corrigunt.
1071 1647 1138 1673 Nam
1162 1654 1191 1673 re
1213 1654 1275 1673 vera
1292 1646 1409 1680 peccatis
1425 1653 1518 1673 eorum
1534 1645 1686 1672 communi-

891 1697 963 1725 cant,
980 1693 1013 1725 si,
1028 1692 1098 1727 quod
1113 1691 1151 1719 illi
1167 1692 1346 1724 diripuerunt,
1362 1692 1405 1718 isti
1421 1696 1567 1720 retentant.

892 1830 947 1857 alii.
972 1829 1125 1860 Goldastus.
1153 1836 1213 1855 cum
1230 1835 1279 1854 suo
1305 1828 1354 1854 Ms.
1380 1832 1407 1855 et
1421 1826 1562 1859 nodertco,
1579 1826 1688 1862 praerert

888 1870 1004 1899 peccator
1026 1867 1109 1899 mnjor
1123 1869 1169 1890 est.
1196 1863 1344 1890 tiodericus
1360 1862 1451 1895 habet,
1476 1867 1609 1897 peccatum
1623 1870 1689 1897 qra-

890 1902 953 1927 vius.
970 1902 1054 1926 Anev.

925 1935 951 1962 (3.
970 1935 1029 1961 Non
1046 1939 1154 1967 oportet.
1170 1933 1226 1964 At..
1242 1942 1294 1960 non
1310 1934 1390 1960 decet.
1407 1933 1549 1960 Goldastus
1562 1933 1688 1961 observat

891 1972 970 1997 verba
995 1970 1072 1996 ltaec:
1090 1969 1160 1995 Num
1183 1977 1237 2000 rex,
1261 1970 1305 2004 qui
1329 1971 1381 1995 ruit
1415 1969 1442 1995 in
1457 1969 1535 2001 vitiis,
1551 1969 1601 1995 cito
1621 1969 1690 1996 viam

893 2005 1002 2032 ostendit
1013 2006 1116 2035 erroris,
1131 2013 1236 2036 versum
1258 2005 1399 2031 iambicum
1417 2008 1601 2031 tetrametrum
1617 2009 1690 2031 cata·

894 2041 1018 2068 lecticum
1035 2047 1107 2071 esse,
1125 2045 1152 2066 ct
1166 2044 1271 2066 exstare
1287 2040 1313 2066 in
1330 2039 1393 2067 lilss.
1411 2039 1496 2066 Publii
1515 2039 1573 2074 Syri
1590 2039 1688 2067 Mimis.

893 2076 971 2103 Notat
987 2076 1067 2102 etiarn
1092 2075 1138 2101 lib.
1159 2082 1186 2101 tv
1216 2073 1303 2109 Vigilii
1328 2080 1420 2101 contra
1438 2075 1550 2109 Eutyclt.
1579 2079 1687 2102 exstaru

893 2119 999 2139 versum
1017 2111 1202 2137 hexametrum
1216 2119 1222 2136 :

956 2168 1034 2197 Quem
1046 2166 1138 2191 callens
1150 2167 1221 2191 astris
1232 2170 1343 2197 quirestvtt
1355 2172 1412 2190 cura
1424 2171 1561 2196 magorum,

895 2217 939 2251 qui
954 2216 1036 2243 dubio
1059 2216 1161 2250 procul,
1185 2216 1231 2248 ait,
1250 2224 1264 2243 a
1281 2221 1386 2244 vetusto
1401 2220 1480 2250 poeta
1495 2222 1622 2250 acceptus
1635 2219 1687 2242 est.

892 2253 971 2280 Certe
985 2260 999 2278 a
1015 2252 1143 2284 iuvenco,
1160 2255 1189 2278 ut
1213 2251 1314 2278 adverti
1331 2253 1356 2279 in
1383 2252 1455 2278 notis
1469 2251 1503 2278 ad
1526 2251 1586 2285 ejus
1602 2251 1648 2277 lib.
1666 2258 1687 2282 t,

892 2288 954 2314 295.
976 2286 1120 2314 Vezzosius
1143 2287 1176 2313 ad
1201 2287 1347 2322 marginem
1374 2287 1538 2314 indicaverat
1560 2285 1593 2313 iV
1621 2286 1686 2319 Reg.

891 2330 951 2355 xtn,
967 2323 994 2350 4.
1010 2323 1073 2355 sed,
1089 2326 1117 2348 ut
1133 2323 1189 2356 ipse
1203 2322 1329 2355 advertit,
1344 2330 1377 2349 co
1402 2323 1462 2349 loeo
1475 2329 1526 2348 non
1542 2328 1632 2348 sermo
1646 2324 1689 2347 ent

892 2358 926 2386 de
940 2358 1094 2389 Jeroboam,
1110 2359 1156 2384 sed
1171 2358 1204 2384 (le
1220 2357 1348 2385 toacliaz.
1368 2358 1455 2384 Anev.

927 2394 953 2420 7.
969 2393 1087 2420 Goldasti
1102 2393 1206 2425 Codex,
1220 2397 1358 2426 corrupte,
1370 2393 1463 2419 bonum
1475 2392 1502 2417 in
1516 2390 1684 2426 principium.

894 2429 932 2456 Ex
947 2436 1000 2463 quo
1016 2429 1072 2462 ipse
1086 2428 1217 2462 corrigit:
1240 2429 1314 2456 Sicut
1328 2427 1446 2453 nonnulli
1463 2426 1556 2452 bonum
1570 2427 1594 2452 vi
1615 2427 1688 2459 ptin-

893 2465 988 2500 cipum,
1004 2468 1028 2490 et
1042 2463 1094 2489 Deo
1109 2463 1202 2496 placita
1216 2463 1285 2497 [acta
1299 2467 1449 2496 sequuntur.
1464 2461 1510 2488 Sic
1522 2459 1588 2488 infra
1602 2461 1689 2496 rigon

893 2500 1040 2535 principum
1061 2502 1234 2524 conterantur.
1262 2497 1358 2524 Verum
1374 2501 1447 2523 recte
1462 2496 1582 2530 procedit
1606 2497 1688 2524 lectio

893 2535 997 2569 vulgata
1022 2533 1072 2559 boc
1091 2540 1171 2559 sensu
1186 2541 1193 2559 :
1207 2533 1282 2560 Sicut
1296 2531 1417 2558 nonnulli
1440 2536 1588 2565 sequuntur
1602 2531 1689 2558 botto-

893 2578 951 2596 rum
965 2568 1117 2602 principum
1133 2567 1199 2594 tacta
1216 2568 1271 2595 Deo
1283 2567 1390 2600 placita,
1406 2567 1453 2598 ita,
1468 2570 1523 2594 etc.
1540 2566 1592 2593 i’ro
1607 2573 1685 2601 quam

893 2610 950 2631 voto
965 2604 1074 2638 Eglinns
1090 2602 1197 2630 volebat
1221 2609 1298 2637 qnam
1318 2601 1460 2635 voluntate,
1485 2601 1558 2636 quod
1573 2601 1687 2630 minimo

893 2639 1071 2675 probandum.
1092 2638 1177 2664 Anev.

930 2675 957 2702 8.
978 2674 1159 2707 Deripuerunt.
1185 2671 1241 2705 At..
1263 2671 1435 2708 diripuerunt.
1456 2671 1686 2706 Gotdastusvpm-

895 2711 946 2738 fert
961 2709 1137 2743 deripuerant,
1151 2715 1183 2734 ex
1199 2709 1330 2735 sententia
1348 2707 1452 2739 isidori.
1467 2707 1494 2733 in
1516 2707 1587 2735 libro
1599 2704 1688 2735 Diffi—

895 2749 964 2772 rent.
985 2744 1106 2774 verbor..
1121 2742 1190 2770 inter
1208 2741 1331 2776 Deripere
1352 2746 1381 2770 et
1400 2741 1529 2776 Diripere,
1549 2747 1615 2777 etc„
1630 2741 1686 2771 nd·

895 2778 957 2808 ticet
970 2779 996 2806 in
1011 2778 1080 2806 libro
1099 2776 1313 2805 Differentiomtn
1332 2778 1391 2806 sine
1403 2778 1500 2806 ordine
1513 2777 1686 2813 :niti-bottas»

895 2816 929 2843 ad
943 2813 1106 2848 appendices
1119 2812 1232 2847 rejecto.
1246 2820 1321 2840 num.
1343 2813 1408 2840 218.
1433 2813 1507 2842 nnuc
1520 2813 1682 2843 mmmm

896 2850 1008 2878 mirinee
1036 2848 1173 2876 illustrant
1202 2847 1295 2876 Patres
1321 2847 1428 2877 concilii
1453 2855 1502 2877 vut
1516 2847 1650 2880 -Tolotanl
1676 2855 1685 2878 :

897 2885 1030 2918 Quondam
1042 2883 1221 2918 compescimur
1232 2891 1315 2919 reyes,
1328 2889 1382 2912 etc.
1401 2885 1487 2913 Διιν.
1524 2903 1528 2907 -
